3920 6390
154 392 248 449 433
845 389 1217 449 MORALIUM
1256 393 1390 452 LIB.
1434 395 1668 453 XXVII.
1708 424 1780 439 -
1822 396 1891 454 IN
1930 395 2161 455 CAPUT
2216 398 2481 455 XXXVII
2521 400 2583 455 Β.
2623 400 2766 457 JOB.

681 516 909 574 CAPUT
954 520 1221 580 XXXIII.

216 611 349 667 Iern.
373 638 448 650 -—
480 608 570 666 Ad
595 624 746 664 omne
772 610 913 682 quod
947 613 1256 685 prieceperit
1281 614 1355 669 eis
1378 630 1538 688 super
1564 615 1755 687 faciem

151 703 285 760 orbis
305 710 487 759 terra.

211 794 297 851 57.
342 795 421 850 Et
462 793 699 848 internas
740 801 912 851 motus
955 797 1281 853 moderante.
1313 828 1385 841 —
1419 800 1571 872 Saepe
1603 801 1752 856 enim

149 901 264 944 cum
290 882 655 957 gubernantis
682 886 970 943 voluntate
998 887 1394 960 perducuntur,
1418 889 1580 946 aliter
1599 907 1754 962 agere

148 981 423 1049 appetunt,
475 973 573 1031 sed
609 974 774 1032 aliter
822 976 1213 1050 disponuntur.
1265 980 1400 1036 Nam
1432 981 1755 1054 plerumque

148 1064 402 1141 quosdam
432 1063 719 1122 auditores
747 1083 876 1123 suos
904 1068 1129 1125 student
1155 1069 1357 1126 blande
1378 1071 1672 1143 corrigere,
1699 1079 1753 1128 et

146 1163 319 1212 tamen
347 1168 546 1209 eorum
567 1169 749 1210 sermo
769 1153 828 1209 in
854 1155 1203 1228 asperitatem
1220 1155 1469 1214 ducitur.
1495 1159 1755 1216 Plerum-

147 1260 242 1320 que
268 1243 539 1318 quosdam
589 1260 834 1302 resecare
878 1262 1067 1319 aspere
1112 1254 1397 1321 appetunt,
1447 1249 1542 1306 sed
1570 1258 1755 1307 tamen

146 1351 326 1392 eorum
366 1336 383 1370 ¹
407 1334 571 1406 vigor
604 1350 702 1408 per
732 1337 1177 1394 mansuetudinis
1203 1339 1461 1411 spiritum
1503 1338 1759 1396 refrena-
1862 1342 1871 1403 ἶ

145 1434 245 1483 tur.
274 1421 431 1481 Sicut
462 1439 725 1497 ergonon
748 1434 979 1499 possunt
1006 1428 1087 1485 ire
1115 1444 1225 1502 quo
1243 1429 1463 1499 volunt,
1494 1430 1572 1487 ita
1591 1430 1755 1486 etiam

144 1522 415 1590 nequeunt
441 1532 613 1589 agere
639 1516 786 1573 sicut
816 1518 1036 1575 volunt.
1081 1519 1222 1587 Quia
1263 1520 1413 1576 enim
1452 1536 1546 1578 eos
1574 1521 1758 1577 inter-

142 1623 238 1664 nus
264 1605 475 1663 arbiter
504 1614 657 1664 tenet
684 1623 812 1665 cum
834 1609 1031 1685 mittit,
1064 1610 1143 1666 ita
1170 1609 1300 1667 illos
1327 1611 1496 1668 etiam
1527 1610 1759 1668 modifi-

141 1714 291 1754 ceans
332 1696 575 1771 suscipit
602 1714 728 1755 cum
750 1697 1022 1771 perducit,
1053 1708 1116 1757 ut
1143 1700 1443 1775 aliquando
1463 1701 1521 1757 in
1541 1702 1760 1775 cogita-

142 1789 279 1845 tione
304 1787 414 1844 alia
446 1787 780 1860 disponant,
809 1787 904 1844 sed
924 1789 1111 1845 aliain
1131 1805 1297 1862 opere
1324 1797 1619 1863 peragant;
1645 1792 1759 1846 ali-

3354 404 3467 463 434

1786 526 1836 585 Α
1863 526 2117 598 gentibus
2143 528 2416 583 virtutum
2458 528 2726 585 miracula
2760 530 3026 601 ostendit,
3064 539 3127 589 ut
3163 533 3279 590 sola
3308 534 3470 590 mise-

1862 615 2101 673 ricordia
2144 632 2176 672 a
2218 616 2354 690 jugo
2398 614 2600 673 erroris
2650 616 2979 688 absolveret,
3025 638 3163 695 quos
3209 621 3468 696 ingenita

1862 705 2104 778 perﬁdiae
2150 705 2233 763 ira
2272 705 2633 780 deprimebat.
2690 705 2828 781 [Vet.
2886 709 3124 784 XXIII.]
3173 710 3281 768 Sed
3324 714 3462 776 881

1862 821 1985 861 ecce
2030 805 2182 875 Elin,
2232 805 2363 879 quia
2398 805 2585 862 futura
2620 820 2719 878 per
2762 803 3149 879 propheticum
3207 806 3464 878 spiritum

1863 895 2053 963 sensit,
2085 895 2215 969 quia
2244 896 2418 951 multa
2458 893 2772 951 sublimiter
2807 893 3058 966 protulit,
3089 893 3177 952 vir
3208 911 3467 967 arrogans

1862 987 2117 1043 elationis
2146 1004 2257 1043 suae
2287 988 2527 1061 pondere
2552 988 2785 1045 lassatus
2811 1004 2924 1045 non
2950 988 3098 1045 valet
3113 994 3330 1061 portare
3351 1003 3471 1063 quae

1862 1075 2018 1134 dicit.
2050 1078 2186 1135 Nam
2217 1093 2313 1151 per
2333 1077 2659 1151 jactantiam
2688 1078 2941 1151 protinus
2969 1077 3226 1152 adjungit
3264 1095 3275 1135 :

2406 1184 2632 1243 CAPUT
2680 1186 2920 1246 XXXV.

1937 1275 2110 1336 Vens.
2147 1275 2232 1333 14.
2264 1306 2334 1319 -—
2361 1275 2622 1333 Ausculta
2649 1275 2776 1344 hac,
2801 1275 2900 1334 Job
2922 1294 2944 1343 ;
2990 1281 3094 1345 sta,
3124 1279 3173 1333 et
3196 1274 3473 1334 considera

1864 1367 2129 1426 miracula
2158 1367 2277 1425 Dei.

1936 1459 2026 1515 59.
2072 1458 2211 1528 Quid
2228 1457 2298 1513 sit
2315 1458 2415 1516 Dei
2432 1458 2697 1514 miracula
2725 1457 2936 1528 stando,
2957 1457 3089 1530 quid
3107 1455 3336 1527 jacendo
3356 1472 3473 1510 eon-

1866 1549 2124 1606 siderare.
2172 1580 2243 1591 —
2289 1548 2456 1617 Quasi
2503 1548 2561 1604 in
2621 1547 3027 1622 comparatione
3074 1546 3161 1604 sui
3198 1544 3472 1619 jacentem

1867 1639 2030 1709 vidit,
2062 1657 2225 1713 quem
2254 1639 2322 1697 ad
2352 1640 2522 1698 verba
2562 1647 2729 1697 tantae
2769 1637 3180 1714 praedicationis
3217 1644 3279 1693 ut
3306 1642 3475 1694 staret

1867 1728 2174 1785 admonuit.
2208 1729 2473 1797 Quamvis
2503 1739 2556 1785 et
2584 1746 2681 1802 per
2708 1728 2815 1785 hoc
2842 1727 2991 1802 quod
3023 1727 3163 1784 dicit
3189 1725 3472 1793 Ausculta,

1867 1836 2087 1892 gravem
2115 1819 2275 1875 beato
2301 1817 2404 1874 Job
2435 1817 2831 1874 contumeliam
2877 1817 3105 1888 irrogat,
3151 1813 3300 1887 quia,
3332 1814 3477 1870 sicut

140 1876 348 1985 “find?
375 1876 550 1985 aliis:
578 1876 994 1985 ἷθθδοθῗίξέῗά
1014 1879 1592 1985 “Infirfmsumif‘em-
1616 1881 1758 1985 ἓαίδ
1785 1896 1832 1956 Β
1860 1876 1974 1985 jam
2008 1908 2075 1977 de
2114 1908 2211 1963 illo
2253 1914 2308 1963 et
2335 1904 2588 1979 superius
2619 1904 2869 1961 diximus
2898 1876 3046 1975 (Lib.
3081 1876 3187 1971 iur;
3217 1876 3398 1970 n.'38,
3430 1907 3477 1956 et

140 1968 295 2040 igitur
318 1966 498 2040 juxta
524 1966 632 2024 hoc
661 1968 810 2040 quod
834 1967 942 2024 sibi
963 1969 1282 2042 praecipitur
1308 1970 1580 2037 serviunt,
1610 1971 1756 2028 dica-

140 2066 221 2113 tur
241 2065 383 2113 recte
418 2075 431 2113 :
470 2059 798 2129 Quocunque
826 2074 915 2113 eas
940 2060 1187 2115 voluntas
1205 2060 1547 2132 gubernantis
1577 2061 1757 2116 duxe-

140 2148 223 2213 rit,
260 2148 333 2203 ad
369 2164 529 2204 omne
557 2148 700 2218 quod
722 2149 1038 2219 praeceperit
1064 2149 1176 2205 illis
1204 2166 1365 2222 super
1391 2149 1583 2220 faciem
1612 2150 1754 2206 orbis

142 2244 297 2295 terra.
328 2238 415 2294 Eo
442 2236 600 2294 enim
622 2236 958 2310 apertiorem
978 2237 1130 2294 viam
1160 2238 1572 2312 praedicationis
1601 2239 1753 2296 inve-

139 2328 309 2394 niunt,
361 2345 483 2402 quo
533 2326 602 2383 ad
641 2326 786 2385 hanc
826 2344 940 2383 non
985 2327 1121 2398 suis,
1159 2329 1250 2386 sed
1279 2330 1633 2404 praeceptoris
1665 2329 1752 2388 sui

140 2417 351 2475 nutibus
377 2417 691 2475 ducuntur.
726 2417 882 2474 Unde
911 2417 1095 2476 adhuc
1126 2419 1385 2477 subditur
1420 2438 1432 2477 :

512 2533 742 2591 CAPUT
771 2534 1015 2627 XXXIV
1042 2533 1188 2609 [Rec.
1221 2536 1373 2611 XX.]

200 2651 365 2708 Vens.
415 2653 508 2709 13.
546 2683 616 2692 -
648 2652 766 2708 Sive
800 2652 856 2707 in
887 2669 995 2707 una
1037 2652 1196 2714 tribu,
1230 2652 1336 2708 sive
1370 2652 1427 2707 in
1457 2658 1602 2710 terra
1628 2670 1749 2722 sua,

140 2743 229 2799 sive
254 2744 309 2799 in
340 2760 659 2815 quocunque
706 2744 816 2799 loco
855 2742 1233 2799 misericordia:
1277 2759 1386 2799 sua:
1420 2742 1751 2813 easjusserit

142 2834 370 2891 inveniri.

197 2925 279 2983 58.
317 2926 448 2983 Non
493 2922 696 2978 Iudaeis
742 2927 966 2987 tantum,
996 2921 1084 2976 sed
1115 2921 1273 2977 etiam
1309 2923 1590 2994 gentilibus
1629 2940 1747 2979 con-

139 3031 261 3070 cessa
300 3013 595 3085 Evangelii
628 3011 965 3084 praedicatio.
1011 3042 1082 3053 —
1126 3012 1245 3068 Una
1287 3012 1465 3069 tribus
1502 3012 1748 3085 profecto

138 3101 263 3159 inda
288 3101 661 3175 intelligitur,
711 3118 831 3174 quae
888 3101 947 3155 in
989 3101 1271 3172 Scriptura
1312 3118 1465 3159 sacra
1498 3103 1644 3159 clara
1686 3120 1749 3159 ac

140 3192 417 3265 multiplex
447 3208 563 3265 prae
604 3190 826 3248 caeteris
858 3197 1213 3246 memoratur.
1246 3191 1377 3258 Quae
1398 3191 1456 3246 in
1478 3191 1582 3248 hoc
1599 3193 1746 3265 quod

1865 2017 1997 2072 sape
2025 1996 2310 2069 deinceps),
2359 1993 2672 2068 arrogantia
2700 1993 2934 2053 minoris
2967 2000 3049 2049 est
3077 1988 3330 2048 auditum
3368 1988 3474 2046 sibi

1866 2089 2007 2147 velle
2039 2095 2368 2160 extorquere
2407 2084 2652 2159 majoris.
2693 2082 2801 2140 Sed
2847 2083 2975 2140 licet
3008 2080 3139 2138 Eliu
3179 2078 3326 2136 bona
3354 2096 3475 2154 quae

1863 2180 2001 2237 dicit
2029 2178 2241 2236 nesciat
2268 2193 2496 2251 pensare
2526 2174 2616 2233 cui
2645 2174 2814 2245 dicat,
2844 2190 2946 2231 nos
2984 2171 3080 2248 qui
3109 2169 3316 2229 erudiri
3360 2173 3380 2206 ⁶
3406 2170 3475 2227 ab

1864 2270 2124 2329 omnibus
2164 2269 2485 2344 quaerimus,
2519 2267 2779 2342 indagare
2816 2265 2985 2322 verba
3026 2263 3291 2321 doctrinae
3322 2260 3475 2319 illius

1863 2361 2143 2420 subtiliter
2172 2359 2455 2416 debemus.
2473 2358 2610 2415 Nam
2629 2373 2826 2431 magna
2842 2353 3095 2413 fortassis
3111 2351 3337 2410 virtutis
3357 2359 3474 2408 arte

1862 2452 2069 2511 dicitur
2108 2469 2119 2507 :
2164 2452 2280 2516 Sta,
2312 2455 2360 2505 et
2383 2448 2661 2505 considera
2693 2448 2959 2504 miracula
2987 2444 3106 2502 Dei.
3153 2442 3294 2500 Sunt
3322 2458 3474 2498 non-

1862 2542 2004 2600 nulli
2034 2540 2236 2616 quippe
2266 2538 2361 2613 qui
2390 2538 2490 2596 Dei
2521 2537 2787 2595 miracula
2821 2535 3067 2610 jacentes
3095 2531 3469 2600 considerant,

1861 2633 1991 2707 quia
2017 2630 2353 2705 operationis
2370 2628 2487 2701 ejus
2506 2626 2811 2702 potentiam
2832 2641 2944 2682 non
2963 2630 3255 2697 sequentes
3280 2620 3470 2678 admi-

1859 2730 2071 2778 rantur.
2115 2720 2269 2777 Stare
2307 2718 2509 2793 quippe
2551 2726 2634 2775 est
2672 2725 2817 2774 recte
2858 2730 3037 2788 agere.
3086 2711 3241 2769 Unde
3286 2716 3339 2767 et
3376 2726 3474 2793 per

1859 2812 2089 2868 Paulum
2110 2790 2349 2867 dicitur—1
2377 2790 2481 2878 Qui
2500 2826 2551 2864 se
2568 2806 2836 2863 existimat
2855 2812 3015 2873 stare,
3037 2803 3212 2859 videat
3238 2820 3301 2858 ne
3319 2790 3474 2857 cadat

1861 2902 1920 2974 (Ι
1944 2901 2069 2958 Cor.
2100 2917 2157 2955 x.
2196 2898 2310 2970 12).
2342 2899 2414 2953 Et
2443 2913 2585 2969 saepe
2615 2896 2837 2969 quidem
2869 2910 3106 2966 superna
3128 2890 3342 2966 judicia
3372 2886 3474 2945 mi'

1857 2998 2070 3057 rantur,
2102 2987 2529 3063 praedicamenta
2574 2983 2813 3047 caelestis
2842 2982 3036 3055 patriae
3079 2997 3205 3037 cum
3234 2978 3472 3036 audiunt

1857 3079 2120 3151 diligunt,
2170 3075 2313 3132 mira
2341 3089 2505 3147 opera
2544 3073 2775 3129 internae
2802 3068 3186 3142 dispositionis
3214 3067 3469 3138 obstupe-

1856 3176 2038 3238 scunt,
2070 3166 2164 3225 sed
2195 3174 2378 3223 tamen
2410 3162 2646 3220 amando
2671 3170 2725 3218 et
2749 3159 2992 3217 vivendo
3021 3157 3089 3215 ad
3129 3157 3247 3214 haec
3279 3154 3468 3213 eadem

139 3295 199 3334 ex
229 3297 282 3338 se
322 3279 715 3352 Redemptoris
755 3279 930 3336 nostri
970 3296 1188 3336 carnem
1220 3279 1472 3352 protulit,
1514 3246 1748 3352 speciale
1778 3257 1823 3319 θ
1858 3276 2024 3352 0P?”
2052 3272 2334 3352 θεδξιξεθτθ
2366 3254 2675 3352 ηθεῖίειιιιηο
2723 3252 2972 3350 Ῐδοεξηῐθε
3001 3246 3257 3352 θῖεοευθί
3288 3246 3470 3303 mira“

140 3385 237 3453 prae
263 3371 531 3429 omnibus
555 3387 762 3427 munus
791 3370 1021 3443 accepit.
1056 3370 1222 3426 Terra
1248 3378 1433 3427 autem
1454 3372 1553 3427 Dei
1575 3372 1744 3428 simul

140 3462 304 3519 omnis
330 3462 528 3520 Iudaea
557 3460 897 3529 nominatur,
932 3460 1062 3533 quia
1090 3477 1212 3533 quae
1242 3468 1378 3518 tunc
1411 3460 1462 3518 ei
1492 3461 1620 3519 ﬁdei
1637 3479 1749 3519 suae

142 3549 368 3609 fructum
417 3552 682 3626 protulit,
731 3568 856 3609 cum
919 3558 1071 3607 totus
1116 3551 1217 3607 sub
1265 3550 1544 3609 idolorum
1593 3553 1749 3609 cultu

143 3637 365 3713 delapsis
382 3640 647 3715 gentibus
668 3639 911 3697 mundus
927 3640 1155 3696 erravit.
1178 3641 1357 3698 Locus
1378 3651 1562 3699 autem
1584 3642 1749 3697 mise-

143 3728 376 3788 ricordiae
405 3730 513 3789 Dei
538 3738 617 3788 est
645 3731 765 3804 ipsa
796 3731 1099 3804 gentilitas,
1122 3730 1281 3804 cujus
1316 3732 1506 3805 culpas
1533 3732 1748 3790 distric-

146 3821 224 3873 tus
260 3816 432 3890 judex
487 3817 532 3873 si
579 3817 729 3891 juste
773 3817 1263 3885 animadverteret,
1310 3819 1380 3875 ad
1429 3820 1747 3877 reconcilia-

148 3905 341 3964 tionem
391 3908 587 3982 grati'r.
624 3924 911 3982 nunquam
957 3908 1191 3966 veniret.
1228 3910 1396 3979 SIQuae
1435 3926 1560 3967 cum
1596 3910 1749 3965 nulla

148 3996 281 4066 apud
325 4000 507 4054 Deum
553 3999 752 4055 merita
792 3997 1009 4068 habuit,
1052 4000 1519 4057 reconciliationis
1565 4007 1748 4055 tamen

146 4085 357 4153 gratiam
387 4104 463 4143 ex
495 4088 614 4143 sola
643 4087 1023 4145 misericordia
1047 4088 1278 4162 accepit.
1315 4088 1471 4145 Unde
1500 4087 1637 4144 bene
1655 4104 1750 4159 per

145 4172 359 4233 Paulum
389 4176 604 4234 dicitur
630 4195 641 4232 :
674 4178 857 4233 Gentes
885 4185 1057 4234 autem
1088 4196 1251 4251 super
1265 4178 1634 4235 misericordia
1660 4179 1747 4234 ho-

147 4278 325 4319 norare
342 4267 515 4322 Deum
534 4267 718 4337 (Rom.
744 4285 841 4337 xv,
860 4268 941 4341 9).
966 4268 1121 4326 Unde
1142 4285 1333 4324 rursus
1354 4267 1622 4341 scriptum
1644 4276 1743 4324 est:

149 4351 165 4383 ³
181 4352 274 4418 Qui
286 4356 558 4425 quondam
572 4373 677 4411 non
697 4356 954 4412 consecuti
970 4357 1410 4426 misericordiam,
1428 4374 1565 4412 nunc
1576 4364 1749 4412 autem

146 4440 552 4502 misericordiam
581 4445 839 4501 consecuti
871 4445 936 4517 (Ι
960 4448 1073 4503 Pet.
1106 4463 1178 4516 II,
1227 4445 1341 4520 10.)
1385 4445 1569 4502 Nubes
1620 4464 1748 4519 ergo

150 4544 262 4587 suas
288 4533 429 4591 Deus
460 4533 635 4603 ducit,
664 4534 784 4590 sive
813 4535 871 4590 in
900 4551 1011 4591 una
1041 4536 1213 4604 tribu,
1236 4535 1353 4592 sive
1371 4535 1429 4591 in
1458 4543 1604 4592 terra
1622 4552 1744 4604 sua,

1859 3350 1984 3407 cula
2003 3347 2375 3412 considerant,
2393 3344 2488 3418 qui
2509 3342 2630 3415 ejus
2644 3339 2948 3415 potentiam
2967 3336 3193 3394 sciendo
3214 3341 3469 3409 pensant,

1858 3438 1953 3495 sed
1991 3436 2232 3493 vivendo
2266 3450 2378 3491 non
2408 3438 2615 3489 amant.
2660 3431 2763 3487 Per
2795 3425 3321 3500 contemplationem
3351 3422 3470 3496 qui-

1858 3529 1984 3587 dem
2012 3529 2071 3586 in
2118 3524 2560 3586 consideratione
2603 3522 2794 3580 oculos
2834 3518 3093 3589 tendunt,
3140 3517 3237 3574 sed
3283 3524 3470 3572 tamen

1858 3636 1956 3692 per
1982 3618 2348 3675 intentionem
2379 3631 2495 3672 sese
2524 3631 2556 3670 a
2589 3621 2735 3669 terra
2754 3626 2867 3667 non
2881 3608 3120 3680 erigunt.
3145 3605 3300 3663 Unde
3328 3605 3469 3661 bene

1860 3712 1916 3767 in
1932 3709 2151 3766 Balaam
2169 3703 2646 3780 exprobrationem
2663 3701 2870 3759 dicitur
2889 3717 2899 3755 :
2930 3697 3034 3767 Qui
3053 3696 3240 3752 cadens
3258 3699 3468 3766 apertos

1858 3800 2009 3855 habet
2036 3800 2213 3855 oculos
2240 3796 2434 3867 (Nam.
2462 3809 2623 3861 xxiv,
2656 3792 2768 3863 16).
2814 3789 2988 3847 Multa
3015 3801 3252 3860 namque
3280 3782 3346 3840 de
3376 3781 3467 3839 ad-

1859 3898 2030 3948 ventu
2071 3885 2452 3959 Redemptoris
2497 3882 2736 3950 dixerat,
2782 3887 2837 3936 et
2885 3895 3005 3953 quae
3048 3878 3107 3933 in
3146 3873 3466 3933 novissimis

1858 3979 2199 4054 temporibus
2226 3984 2382 4033 erant
2418 3982 2654 4031 ventura
2687 3969 3042 4045 praevidebat,
3074 3967 3170 4023 sed
3204 3973 3385 4022 tamen
3414 3962 3465 4018 ei

1859 4053 2100 4128 vivendo
2130 4080 2409 4138 assurgere
2448 4062 2652 4130 noluit,
2686 4075 2848 4133 quem
2878 4054 3234 4130 praevidendo
3267 4053 3461 4126 praedi-

1856 4161 2023 4221 cavit.
2055 4160 2249 4215 Jacens
2282 4171 2410 4228 ergo
2446 4159 2662 4227 apertos
2708 4149 2899 4207 oculos
2942 4146 3157 4214 habuit,
3190 4160 3317 4202 cum
3346 4141 3466 4214 ejus

1858 4257 2098 4307 mentem
2119 4256 2173 4303 et
2196 4244 2487 4319 prophetia
2506 4242 2574 4299 ad
2595 4239 2839 4299 coelestia
2858 4234 3127 4304 tenderet,
3150 4241 3205 4290 et
3232 4230 3465 4288 avaritia

1858 4343 1915 4399 in
1944 4349 2090 4397 terra
2118 4337 2397 4394 retineret.
2430 4335 2623 4390 Iacens
2651 4335 2867 4403 apertos
2888 4325 3078 4385 oculos
3098 4323 3316 4392 habuit,
3332 4321 3466 4395 quia

1858 4447 1984 4489 eum
2014 4428 2202 4485 videre
2231 4426 2298 4484 de
2327 4422 2704 4497 superioribus
2730 4418 2932 4493 potuit,
2967 4431 3128 4490 quem
3160 4417 3465 4488 prostratus

1858 4524 1916 4580 in
1944 4520 2155 4579 inﬁmis
2179 4535 2292 4576 non
2320 4515 2548 4573 amavit.
2580 4512 2711 4570 Eliu
2741 4512 2947 4585 itaque,
2987 4507 3082 4583 qui
3111 4506 3332 4563 beatum
3361 4502 3464 4559 Job

149 4633 235 4675 seu
261 4620 315 4681 in
343 4640 676 4698 quocunque
716 4626 839 4682 loco
867 4623 1261 4682 misericordia
1299 4641 1410 4681 suae
1438 4640 1527 4682 eas
1550 4592 1744 4698 jusse;
1777 4622 1825 4681 D
1856 4628 2203 4688 nequaquam
2250 4607 2489 4667 credidit
2531 4603 2772 4662 vivendo
2812 4599 3053 4658 tenuisse
3111 4594 3259 4697 quod
3294 4592 3460 4698 diuit,

151 4705 220 4777 git
245 4708 503 4783 inveniri,
535 4715 664 4787 quia
693 4713 1075 4787 praedicatores
1104 4713 1318 4771 Veteris
1345 4713 1599 4787 Novique
1625 4713 1755 4769 Tes'

152 4805 363 4862 tamenti
391 4806 691 4881 aliquando
720 4807 823 4863 soli
854 4806 1025 4862 tribui
1047 4807 1074 4862 J
1080 4805 1203 4862 udae
1223 4805 1481 4874 contulit,
1498 4812 1553 4861 et
1572 4804 1740 4861 Israel

154 4904 278 4959 pene
303 4902 479 4953 totum
507 4913 576 4952 ex
608 4913 775 4969 prava
816 4913 1005 4968 regum
1042 4894 1439 4968 gubernatione
1476 4893 1746 4967 reproba-

156 4979 245 5039 vit.
275 4986 587 5061 Aliquando
616 4995 670 5043 et
703 4988 764 5044 in
796 4996 939 5044 terra
958 5002 1055 5043 sua
1076 4986 1173 5041 has
1194 4986 1383 5058 pluere
1402 4984 1576 5041 nubes
1591 4982 1744 5049 facit,
1784 4974 1791 4981 ’

156 5072 273 5142 quia
312 5078 562 5136 eumdem
611 5078 976 5135 Israeliticum
1034 5077 1299 5150 populum
1342 5073 1411 5130 ad
1462 5073 1745 5147 antiquam

157 5163 368 5231 gratiam
399 5170 563 5243 ‘post
611 5170 1016 5243 correptionem
1061 5165 1546 5241 captivitatemque
1593 5180 1749 5220 revo-

157 5253 306 5311 cavit.
339 5259 359 5294 δ
394 5259 709 5334 Aliquando
765 5259 831 5317 de
883 5260 1007 5315 loco
1050 5275 1162 5314 suae
1223 5254 1613 5313 misericordiae
1656 5269 1746 5308 eas

158 5339 433 5405 clarescere
448 5350 651 5419 voluit,
671 5349 801 5424 quia
821 5365 918 5423 per
937 5347 1324 5422 praedicatores
1343 5351 1561 5402 sanctos
1577 5342 1745 5399 etiam

228 5518 353 5599 ’,δίει
381 5524 610 5599 Ἰῖιιιοοηη
643 5525 907 5593 Vindoc.,
938 5524 1138 5581 Pratel.
1171 5530 1226 5579 et
1253 5520 1347 5579 alii
1376 5522 1505 5579 Mss.
1548 5521 1610 5576 In
1632 5520 1742 5574 Ex-

161 5592 302 5666 cusis
321 5592 517 5666 legitur
545 5592 713 5666 rigor.

223 5660 245 5744 ξ
272 5660 463 5744 grate].
489 5675 551 5744 et
577 5660 747 5744 Utic,
780 5674 827 5723 et
856 5684 971 5737 qua
1003 5683 1120 5721 cum
1156 5667 1331 5721 nulla.

226 5731 244 5764 ³
273 5733 437 5793 Iidem
482 5731 743 5808 Codices,
774 5746 820 5793 et
1094 5754 1225 5809 non
1251 5742 1519 5792 consecuta
1563 5735 1741 5809 miser,

165 5815 287 5857 nunc
340 5816 578 5865 autem...
627 5805 919 5865 consecuta.
970 5807 1335 5866 Consentiunt
1377 5817 1547 5864 veter.
1588 5805 1738 5862 Edit.

163 5869 342 5932 Nostra
388 5880 551 5937 lectio
608 5882 781 5953 magis
833 5879 1095 5938 convenit
1146 5897 1269 5935 cum
1329 5887 1485 5933 textu
1553 5878 1741 5933 GI‘ZBCO

1862 4684 2017 4778 quasi
2033 4684 2335 4759 admonens
2354 4697 2491 4754 dicit
2515 4713 2526 4752 :
2556 4697 2670 4762 Sta,
2695 4700 2743 4751 et
2761 4691 3037 4749 considera
3052 4686 3326 4778 miracula
3344 4684 3463 4740 Dei.

1855 4774 2028 4862 Quem
2067 4792 2250 4850 adhuc
2277 4789 2345 4847 de
2376 4786 2625 4844 tenturis
2655 4783 2905 4852 discutit,
2942 4789 2998 4839 et
3028 4778 3187 4855 quasi
3216 4777 3284 4834 de
3310 4774 3463 4847 igno-

1854 4885 2034 4940 rantia
2062 4880 2365 4939 humilians
2391 4876 2642 4951 adjungit
2674 4893 2686 4931 :

2203 4968 2433 5029 CAPUT
2460 4964 2705 5024 XXXVI
2748 4962 2894 5039 [Rea
2926 4960 3105 5035 XXI].

1925 5066 2064 5120 Iern.
2097 5061 2182 5118 15.
2213 5090 2284 5101 —
2312 5056 2568 5128 Nunquid
2596 5055 2697 5110 scis
2737 5051 2949 5125 quando
2982 5045 3295 5123 prceceperit
3320 5044 3463 5102 Deus

1848 5154 2071 5227 pluviis,
2103 5157 2163 5207 ut
2186 5148 2514 5206 ostenderent
2545 5148 2709 5201 lucem
2728 5141 2946 5197 nubium
2979 5137 3140 5207 ejus?

1926 5244 2014 5301 60.
2047 5242 2156 5298 Deo
2190 5237 2369 5311 afﬂati
2390 5235 2765 5310 praedicatores
2780 5228 3018 5301 irrigant
3035 5233 3083 5282 et
3104 5227 3290 5282 lucent.
3313 5255 3384 5266 —
3403 5224 3462 5282 Si

1856 5334 2028 5392 nubes
2057 5330 2233 5389 sancti
2262 5327 2645 5402 praedicatores
2673 5328 2823 5390 sunt,
2855 5318 3058 5393 pluviae
3073 5315 3309 5374 nubium
3327 5323 3458 5372 sunt

1855 5524 1908 5572 et
1937 5514 2192 5585 Vulgata.
2377 5583 2385 5585 _
2620 5570 2653 5585 η

1925 5589 1948 5622 ⁴
1979 5577 2241 5651 Vindoc.,
2268 5583 2386 5652 post
2412 5577 2824 5652 corruptionem.

1925 5659 1945 5693 ⁵
1975 5636 2531 5724 Ρίέὶέἱίέά³ιὶᾳααεηάο
2575 5636 2704 5712 loco,
2735 5642 2887 5700 deest
2915 5642 2996 5711 de,
3033 5636 3180 5715 quod
3241 5653 3462 5695 sensum
3492 5644 3505 5659 ‘

1853 5730 2129 5786 immutat.
2438 5792 2445 5793 γ
2541 5789 2550 5793 _
2862 5786 2885 5793 _
2953 5783 3054 5793 __..

1925 5778 2355 5862 ﬁtawVindocq
2385 5789 2606 5850 Ebroic.
2633 5796 2686 5845 et
2714 5786 2829 5845 alii.
2862 5786 2927 5842 In
2952 5783 3154 5851 Editis,
3203 5780 3366 5846 male,
3393 5778 3461 5835 ab

1851 5872 2171 5929 hominibus.
