3920 6386
399 357 505 418 ἂιΒὸ

1609 352 1858 409 δΑΝυΤι
1894 353 2235 410 GHEGUIUI
2272 353 2497 410 MAGNI

3616 348 3729 407 436

399 483 567 542 verba
622 480 1098 556 praedicationum.
1157 481 1265 538 Sed
1318 480 1491 539 nubes
1542 496 1669 538 cum
1724 494 1822 553 per
1871 493 2000 533 aera
2029 481 2077 540 A
2112 479 2285 536 lantes
2320 478 2621 554 despicere,
2641 478 3008 552 despicientes
3024 476 3317 547 honorare,
3336 479 3482 536 mals
3508 494 3736 537 nocen-

400 570 763 639 transvolant,
792 571 806 605 ¹
832 568 943 626 nisi
969 568 1176 644 pluvias
1203 570 1462 628 deorsum
1482 570 1732 638 veniant,
1762 566 2009 624 nescitur

399 667 661 735 quantam
701 673 971 732 aquarum
1013 658 1443 715 immensitatem
1476 664 1719 730 portant.
1770 654 1891 712 Nisi
1920 670 2008 711 co-

398 767 595 809 rnscus
623 750 706 806 sol
736 749 882 807 inter
906 749 1124 823 pluvias
1152 757 1428 824 erumpat,
1460 746 1699 820 intelligi
1728 760 1841 802 non
1862 746 2011 799 valet

398 839 536 915 quid
559 839 620 897 in
648 839 728 896 eis
755 839 922 896 etiam
942 840 1210 897 claritatis
1226 839 1416 906 lateat,
1437 838 1568 912 quia
1586 834 1855 894 nimirum
1874 849 2011 908 pra:-

399 928 674 988 dicatores
701 930 876 988 sancti
909 930 956 987 si
984 936 1224 998 taceant,
1256 937 1310 986 et
1347 941 1695 1002 nequaquam
1728 925 2013 998 loquentes

401 1021 714 1090 ostendant,
744 1027 952 1095 quanta
977 1020 1051 1078 sit
1076 1018 1320 1078 cmlestis
1346 1018 1462 1091 spei
1491 1015 1731 1084 claritas,
1762 1028 1925 1088 quam
1954 1011 2013 1067 in

400 1109 662 1168 cordibus
691 1117 926 1184 gestant,
947 1117 1044 1167 aut
1066 1107 1300 1183 reliquis
1325 1105 1652 1165 hominibus
1671 1101 1903 1171 similes,
1920 1106 2015 1157 aut

402 1201 563 1273 longe
591 1201 679 1257 his
707 1200 1076 1273 despectiores
1106 1198 1385 1256 videntur.
1426 1196 1567 1255 Cum
1588 1202 1772 1252 autem
1803 1192 2016 1267 aperire

401 1307 498 1363 per
516 1289 968 1364 pradicationem
995 1288 1266 1362 cceperint
1293 1304 1415 1361 qua
1440 1285 1514 1343 sit
1542 1300 1793 1358 supernae
1825 1282 2015 1356 patria:

402 1379 779 1437 remuneratio
807 1395 972 1453 quam
1003 1376 1338 1436 intrinsecus
1357 1383 1581 1443 tenent;
1616 1389 1745 1431 cum
1767 1387 2016 1445 persecu-

402 1466 554 1525 tione
588 1467 760 1541 pressi
791 1467 814 1504 ²
843 1467 904 1524 in
931 1482 1042 1541 qua
1073 1467 1300 1524 virtutis
1327 1480 1452 1522 arce
1496 1459 1832 1537 profecerint
1861 1460 2019 1516 inno-

400 1563 641 1627 tescunt,
685 1572 815 1616 cum
862 1555 1078 1614 visione
1121 1555 1365 1628 despecti
1413 1550 1690 1626 loquendo
1732 1548 2021 1606 insinuant

402 1645 550 1704 unde
569 1645 894 1716 timeantur,
906 1645 1041 1718 ipsa;
1060 1662 1184 1720 quas
1207 1645 1275 1703 de
1295 1644 1542 1702 nubibus
1558 1639 2020 1713 inﬂuuntplnviaa

402 1735 585 1794 lucem
611 1734 775 1792 nobis
797 1733 1117 1792 earumdem
1144 1732 1380 1790 nubium
1402 1730 1722 1788 ostendunt.
1753 1730 1856 1786 Per
1885 1744 2022 1784 ver-

2116 569 2255 626 tium
2283 585 2354 627 ex
2382 569 2547 627 corde
2574 570 2877 640 dimittere,
2900 576 2956 625 et
2983 583 3111 642 erga
3134 584 3229 626 eos
3255 567 3577 628 dilectionis
3595 584 3737 643 grs-

2116 657 2252 715 tiam
2280 658 2624 716 immobilem
2659 658 2720 715 in
2756 657 2919 716 corde
2965 657 3250 715 retinere?
3295 657 3430 728 Qua
3462 656 3737 716 videlicet

2118 749 2306 807 omnia
2330 747 2540 807 semita
2568 756 2718 818 sunt,
2750 748 2845 806 sed
2874 763 3106 820 magna,
3136 747 3269 821 quia
3286 746 3573 822 qnantoin
3593 764 3735 824 1³1·δὲ-

2119 838 2263 895 senti
2292 838 2409 896 vita
2450 854 2551 912 pro
2592 837 2710 911 ipsa
2737 835 2964 894 vivendi
2993 833 3246 894 custodia
3280 842 3529 908 angusta
3573 843 3734 906 sunt,

2116 934 2274 987 tanto
2318 927 2557 1001 amplius
2587 929 2609 964 ³
2634 927 2692 983 in
2736 934 2942 983 interna
2989 925 3356 983 retributione
3401 925 3734 983 dilatantur.

2124 1016 2277 1076 Unde
2301 1024 2357 1073 et
2383 1017 2522 1074 bene
2549 1016 2843 1073 subditur:
2873 1016 2952 1072 Et
2965 1014 3233 1088 perfectas

2192 1108 2284 1166 62.
2313 1107 2557 1178 Perfecta
2580 1107 2797 1162 scientia
2822 1112 2918 1173 est,
2947 1106 3082 1161 scire
3107 1122 3161 1161 se
3185 1105 3324 1164 nihil
3350 1122 3475 1162 esse.
3496 1135 3572 1149 —
3594 1104 3743 1162 Per-

2123 1198 2265 1254 fecta
2279 1197 2481 1271 quippe
2496 1194 2727 1252 scientia
2749 1203 2912 1264 est,et
2924 1202 3125 1254 cuncta
3149 1193 3267 1252 base
3285 1194 3536 1252 sollicite
3552 1208 3741 1267 agere,

2123 1295 2178 1344 et
2205 1304 2262 1345 se
2290 1287 2358 1345 de
2387 1288 2504 1345 suis
2551 1286 2766 1344 meritis
2804 1286 2946 1344 scire
2996 1284 3142 1343 nihil
3170 1301 3306 1343 esse.
3339 1284 3495 1343 Unde
3519 1292 3577 1342 et
3604 1283 3745 1358 ipsa

2125 1383 2300 1441 nubes
2344 1383 2413 1440 de
2459 1383 2564 1441 hac
2607 1383 2851 1457 perfecta
2896 1382 3129 1440 scientia
3169 1381 3461 1452 docentur,
3498 1396 3629 1438 cum
3657 1379 3745 1436 eis

2128 1489 2260 1530 voce
2291 1472 2555 1532 Veritatis
2581 1472 2821 1531 dicitur:
2853 1473 2986 1532 Cum
3014 1471 3245 1544 feceritis
3271 1471 3451 1528 omnia
3468 1485 3746 1544 quaspra-

2126 1569 2273 1635 cepta
2288 1571 2411 1620 sunt
2429 1563 2595 1630 vobis,
2614 1564 2770 1621 dicite
2790 1581 2809 1619 ,ο
2828 1563 2981 1621 Servi
2994 1563 3210 1621 inutiles
3229 1579 3411 1619 sumus
3423 1562 3745 1633 (Luc.xvn,

2131 1653 2244 1726 10).
2276 1653 2525 1712 Perfecta
2544 1653 2778 1712 scientia
2804 1660 2889 1710 est
2910 1652 3053 1712 scire
3071 1654 3283 1723 omnis,
3304 1659 3361 1710 et
3377 1658 3563 1710 tamen
3577 1650 3747 1726 juxta

2128 1742 2423 1816 quemdam
2471 1742 2698 1801 modum
2745 1743 3012 1800 scientem
3069 1759 3128 1800 se
3174 1757 3293 1800 esse
3330 1740 3564 1810 nescire,
3610 1740 3748 1815 quia

401 1823 474 1881 ba
497 1823 648 1880 enim
674 1823 1101 1896 praedicatorum
1139 1821 1528 1894 cognoscimus
1555 1828 1620 1877 ut
1651 1821 1711 1876 in
1740 1819 1820 1875 eis
1856 1815 2015 1876 clari-
2049 1835 2097 1898 Β
2126 1815 2229 1890 ειεί
2264 1831 2382 1905 jam
2411 1833 2511 1891 Dei
2540 1840 2809 1907 ρτωοερω
2836 1833 3120 1902 novimus,
3158 1831 3268 1890 etsi
3307 1831 3424 1906 jam
3472 1832 3748 1889 virtutem

402 1920 575 1973 tatem
598 1913 730 1971 vitae
760 1928 924 1988 quam
940 1918 1210 1986 appetunt
1228 1928 1356 1969 cum
1376 1928 1574 1984 magna
1591 1907 1907 1967 humilitate
1926 1921 2016 1962 ve-

404 2019 682 2062 neremur.
715 2006 862 2068 882
890 2003 1045 2060 Hanc
1082 2001 1354 2060 nimirum
1399 2002 1581 2059 lucem
1623 1999 1829 2058 Paulus
1855 1995 2017 2055 disci-

405 2101 555 2176 pulis
581 2099 926 2171 ostendebat,
955 2116 1084 2158 cum
1105 2098 1313 2156 diceret
1344 2115 1356 2155 :
1398 2099 1464 2157 Ut
1485 2098 1666 2154 sciatis
1684 2114 1802 2168 qua:
1818 2097 1886 2152 sit
1904 2113 2019 2169 spes

405 2193 694 2249 vocationis
721 2191 855 2263 eius,
891 2207 1009 2264 qua:
1035 2189 1236 2247 divitiis
1256 2189 1446 2262 gloria:
1475 2187 1795 2245 hereditatis
1822 2186 1933 2256 ejus
1963 2186 2018 2239 in

407 2282 628 2351 sanctis,
649 2287 699 2338 et
711 2297 828 2353 qua:
845 2281 917 2337 sit
937 2279 1327 2353 supereminens
1346 2279 1655 2351 magnitudo
1674 2277 1889 2332 virtutis
1905 2274 2019 2345 ejus

410 2369 466 2424 in
494 2388 590 2426 nos
609 2370 705 2442 qui
723 2370 986 2426 credimus
1003 2370 1232 2441 (Ephes.
1255 2386 1298 2438 ι,
1318 2368 1536 2441 18,19).
1557 2368 1709 2424 Hanc
1724 2366 1902 2422 lucem
1918 2364 2018 2423 Co-

408 2459 605 2518 rinthii
636 2475 733 2534 per
759 2460 1091 2533 scriptorum
1112 2457 1280 2515 verba
1308 2457 1463 2532 quasi
1486 2473 1584 2530 per
1602 2456 1804 2530 pluviae
1834 2461 2019 2528 guttas

409 2556 766 2622 agnoverant,
805 2565 932 2607 cum
973 2547 1235 2605 dicebant
1265 2565 1279 2604 :
1310 2547 1571 2621 Epistolas
1598 2563 1784 2618 graves
1813 2552 1937 2601 sunt
1971 2551 2019 2602 et

405 2640 590 2710 fortes.
619 2637 905 2710 praesentia
944 2643 1122 2693 autem
1161 2637 1402 2709 corporis
1443 2636 1698 2709 inﬁrma,
1759 2640 1810 2691 et
1847 2651 2018 2690 sermo

408 2725 817 2800 contemptibilis
848 2726 946 2798 (II
973 2725 1101 2783 Cor.
1132 2741 1194 2794 ιι,
1231 2725 1346 2798 10.)
1385 2723 1491 2782 Sed
1520 2725 1842 2798 plerumque
1882 2739 2017 2796 prte-

407 2822 682 2880 dicatores
740 2820 918 2878 sancti
979 2820 1267 2878 ostendere
1321 2820 1642 2892 semetipsos
1693 2826 1756 2876 ut
1802 2817 2019 2891 prosint

407 2913 664 2985 cupiunt,
708 2928 810 2968 nec
860 2920 1042 2968 tamen
1086 2919 1350 2985 possunt;
1404 2911 1730 2984 plerumque
1759 2909 1927 2966 latere
1956 2917 2020 2965 ut

407 3001 579 3078 quieti
609 3001 721 3058 sint
741 3008 1029 3074 appetunt,
1057 3015 1161 3058 nec
1188 3007 1374 3058 tamen
1397 3000 1818 3073 permittuntur.
1845 2999 2019 3056 Nemo

409 3093 578 3166 igitur
605 3091 711 3150 scit
737 3090 960 3166 quando
988 3091 1170 3147 lucem
1202 3088 1436 3147 nubium
1466 3090 1672 3165 pluvias
1701 3088 2015 3157 ostendant,

2127 1921 2425 1980 verborum
2452 1920 2609 1979 illius
2640 1923 2662 1958 ‘
2692 1921 2930 1980 sollicita
2961 1921 3274 1980 intentione
3303 1937 3622 1996 pensamus,
3638 1924 3749 1980 etsi

2121 2011 2236 2085 jam
2265 2028 2388 2086 qua
2419 2011 2761 2068 intellexisse
2798 2027 2902 2069 nos
2944 2011 3229 2070 credimus
3271 2009 3509 2085 agimus,
3558 2009 3753 2068 adhuc

2126 2111 2313 2160 tamen
2354 2109 2478 2160 acta
2514 2102 2706 2160 eadem
2759 2117 2870 2177 qua
2918 2101 3271 2160 districtione
3313 2100 3592 2159 examinis
3632 2100 3752 2158 sint

2127 2189 2477 2248 discutienda
2502 2188 2802 2260 nescimus,
2833 2190 3074 2247 necdum
3102 2190 3204 2248 Dei
3221 2189 3420 2248 faciem
3434 2189 3747 2258 cernimus,

2128 2283 2151 2318 ⁶
2172 2279 2411 2338 necdum
2440 2279 2660 2337 occulta
2685 2278 2806 2352 ejus
2824 2279 3061 2338 consilia
3080 2279 3354 2338 videmus.
3373 2278 3597 2348 Quanta
3617 2295 3752 2352 ergo

2127 2379 2210 2428 est
2239 2378 2427 2428 nostra
2454 2367 2708 2438 scientia,
2740 2386 2863 2444 quae
2892 2384 3180 2444 quousque
3208 2367 3566 2427 mortalitatis
3591 2383 3750 2442 pon-

2127 2459 2255 2518 dere
2282 2457 2574 2532 premitur,
2605 2459 2726 2530 ipso
2752 2474 2866 2516 suae
2895 2457 3314 2516 incertitudinis
3344 2455 3542 2515 nubilo
3562 2471 3754 2514 caca-

2125 2549 2262 2608 tur?
2289 2550 2368 2607 De
2404 2563 2514 2622 qua
2539 2547 2680 2605 bene
2708 2564 2806 2622 per
2837 2547 3071 2606 Paulum
3099 2546 3345 2606 dicitur:
3380 2546 3489 2617 Qui
3515 2563 3569 2604 se
3596 2545 3757 2604 exis-

2129 2640 2280 2696 timat
2319 2639 2453 2695 scire
2490 2638 2722 2711 aliquid,
2762 2639 2996 2696 nondum
3042 2637 3283 2712 cognovit
3304 2636 3753 2710 quemadmodum

2126 2734 2493 2802 oporteateum
2507 2728 2640 2784 scire
2661 2727 2720 2801 (Ι
2742 2728 2869 2786 Cor.
2886 2744 3014 2798 vm,
3036 2727 3116 2801 2).
3141 2728 3206 2785 In
3220 2726 3329 2784 hoc
3347 2725 3534 2801 itaque
3558 2741 3741 2783 mun-

2127 2817 2198 2876 do
2248 2817 2382 2875 dum
2429 2817 2694 2885 vivimus,
2737 2824 2860 2874 tum
2906 2816 3146 2891 perfecte
3181 2832 3303 2890 qua
3342 2813 3569 2873 scienda
3603 2820 3740 2871 sunt

2127 2909 2353 2978 scimus,
2375 2923 2500 2965 cum
2522 2906 2872 2981 proﬁcientes
2889 2921 2985 2980 per
2997 2905 3445 2979 intelligentiam,
3466 2902 3613 2962 nihil
3631 2920 3735 2961 nos

2128 3002 2273 3062 883
2300 2997 2539 3072 perfecte
2562 2997 2704 3054 scire
2731 2997 3135 3070 cognoscimus.
3165 2995 3315 3054 Dicit
3341 2994 3549 3069 igitur:
3583 2994 3735 3052 Nun-

2130 3096 2261 3168 quid
2310 3096 2452 3152 nosti
2505 3096 2716 3152 semitas
2767 3096 2984 3151 nubium
3044 3111 3267 3168 magnas
3291 3137 3312 3163 ,
3375 3100 3425 3150 et
3468 3091 3739 3167 perfectas

408 3182 536 3257 quia
556 3198 720 3241 nemo
741 3178 1164 3254 comprehendit
1181 3177 1401 3252 quando
1420 3181 1567 3238 Deus
1596 3179 1859 3237 virtutem
1881 3194 2014 3252 prae-
2048 3201 2094 3264 ο
2127 3185 2377 3242 scientias
2396 3185 2426 3243 ?
2452 3185 2536 3242 Ac
2563 3185 2611 3242 si
2641 3191 2827 3257 aperte
2855 3183 3042 3243 dicat:
3080 3183 3347 3259 Nunquid
3371 3183 3489 3258 jam
3517 3197 3739 3242 summa

407 3271 706 3330 dicationis
728 3269 990 3344 praebeat,
1011 3275 1072 3325 ut
1093 3267 1516 3340 praedicantium
1539 3270 1714 3343 gloria
1731 3270 2015 3328 clarescat.

402 3360 554 3418 Dicit
581 3377 711 3434 ergo
731 3378 742 3417 :
762 3358 1021 3431 Nunquid
1043 3358 1145 3414 scis
1172 3359 1386 3430 quando
1407 3358 1723 3432 prwceperit
1743 3358 1887 3414 Deus
1899 3359 2022 3429 plu-

376 3450 509 3534 'viis
550 3455 612 3506 ut
647 3449 974 3506 ostenderent
1007 3449 1170 3506 lucem
1214 3448 1435 3505 nubium
1462 3448 1616 3520 ejus?
1644 3448 1727 3505 Ac
1758 3445 1806 3504 si
1834 3454 2018 3517 aperte

410 3539 560 3598 dicat
593 3557 606 3596 :
644 3538 909 3613 Nunquid
935 3537 981 3596 si
1011 3545 1276 3596 venturos
1305 3538 1365 3595 in
1394 3536 1606 3596 mundo
1635 3534 2022 3610 praedicatores

398 3627 514 3702 jam
545 3628 842 3703 conspicis,
873 3626 1094 3703 quando
1117 3643 1212 3684 eos
1229 3626 1299 3684 ad
1317 3622 1732 3700 praedicandum
1749 3621 2022 3680 Dominus

405 3717 714 3793 repletione
741 3716 918 3775 sancti
956 3716 1196 3790 Spiritus
1233 3715 1506 3789 impellat,
1539 3711 1810 3788 quibusve
1839 3710 2022 3768 modis

405 3824 599 3866 eorum
616 3807 746 3864 vitae
760 3806 1064 3864 claritatem
1078 3803 1288 3862 mundo
1301 3804 1611 3861 innotescat
1622 3798 2022 3874 apprehendis?

408 3897 565 3958 Unde
593 3897 777 3957 adhuc
805 3906 928 3972 apte
953 3894 1311 3970 subjungitur
1340 3912 1353 3951 :

735 4005 965 4065 CAPUT
993 4004 1262 4064 XXXVII
1295 4002 1441 4078 [Rec.
1472 3999 1684 4078 XXII].

474 4097 648 4157 Vnus.
700 4095 786 4154 16.
845 4125 917 4136 -
965 4092 1226 4165 Nunquid
1299 4090 1444 4148 nosti
1515 4089 1728 4147 semitas
1798 4087 2021 4146 nubium

403 4206 646 4263 magnas,
683 4195 733 4246 et
768 4187 1034 4263 perfectas
1080 4184 1325 4243 scientias
1345 4185 1373 4242 ἵ

478 4283 566 4341 61.
598 4282 769 4340 Arcto
795 4281 919 4338 bene
946 4277 1156 4335 vivendi
1183 4275 1448 4345 doctrina,
1477 4291 1584 4332 non
1604 4281 1678 4331 est
1697 4276 1882 4348 ampla
1907 4274 2020 4345 via,

405 4374 496 4431 sed
510 4372 794 4429 semita.—
810 4368 1028 4427 Habent
1042 4366 1163 4424 ista:
1179 4366 1354 4422 nubes
1365 4365 1592 4422 semitas
1608 4363 2020 4434 subtilissimas,

404 4463 618 4522 scilicet
644 4467 846 4520 sanctae
876 4454 1288 4534 praedicationis
1321 4452 1477 4528 .vias.
1511 4455 1761 4528 Angusta
1814 4453 2020 4528 quippe

2135 3283 2223 3332 ata
2253 3273 2676 3348 praedicantium
2698 3276 2993 3350 conspicis,
3013 3275 3109 3350 qui
3127 3283 3418 3351 postquam
3439 3289 3535 3349 per
3558 3272 3737 3331 scien-

2134 3365 2270 3420 tiam
2298 3363 2368 3421 ad
2395 3364 2506 3421 alta
2531 3379 2588 3420 se
2617 3363 2858 3435 elevant,
2906 3365 3164 3422 deorsum
3207 3380 3266 3422 se
3307 3363 3600 3422 humiliter
3641 3379 3741 3436 per

2133 3453 2505 3526 cognitionem
2533 3471 2645 3511 suae
2684 3454 3009 3527 ignorantia
3038 3453 3364 3512 inclinant?
3407 3452 3567 3522 Quod
3607 3452 3744 3526 quia

2131 3542 2308 3601 solius
2336 3543 2514 3601 sancti
2537 3543 2782 3616 Spiritus
2807 3542 2955 3601 dono
2983 3543 3188 3616 agitur,
3220 3549 3281 3600 ut
3302 3541 3615 3601 humanum
3643 3556 3743 3598 cor

2132 3648 2245 3688 non
2274 3631 2452 3690 solum
2480 3632 2548 3689 de
2575 3633 2833 3702 scientia,
2874 3631 2971 3690 sed
2997 3633 3166 3689 etiam
3195 3631 3264 3689 de
3291 3631 3410 3705 ipsa
3437 3646 3538 3688 sua
3565 3628 3744 3705 igno-

2132 3720 2309 3779 rantia
2327 3721 2567 3796 perfecte
2595 3721 2880 3791 doceatur,
2910 3729 2965 3778 et
2983 3722 3165 3780 calore
3182 3720 3390 3779 amoris
3406 3718 3478 3778 ad
3500 3735 3744 3793 superna

2132 3811 2360 3881 ferveat,
2408 3810 2543 3869 dum
2575 3811 2792 3869 minora
2818 3827 2936 3870 esse
2988 3828 3110 3886 quas
3141 3812 3406 3887 cognovit
3434 3811 3495 3868 in
3524 3809 3744 3868 inﬁmis

2133 3908 2344 3974 pensat,
2384 3907 2532 3958 recte
2560 3899 2917 3974 subjungitur
2951 3919 2964 3958 :

2399 4007 2630 4066 CAPUT
2674 4008 2970 4067 XXXVIII
3022 4008 3168 4085 [Rec.
3208 4006 3451 4084 XXIII].

2203 4098 2376 4156 Vsus.
2406 4098 2493 4156 17.
2522 4128 2595 4140 -
2620 4099 2806 4157 Nonne
2825 4100 3127 4157 vestimenta
3143 4106 3234 4157 tua
3253 4099 3434 4157 calida
3447 4104 3594 4166 sunt,
3616 4115 3746 4154 cum

2130 4190 2358 4261 perﬂatu
2383 4187 2554 4259 fuerit
2585 4194 2731 4245 terra
2756 4189 2960 4247 Austro
2979 4193 3008 4247 ἲ

2204 4277 2292 4335 63.
2344 4276 2448 4346 Qui
2479 4278 2729 4336 Ecclesia:
2755 4278 3036 4347 inhwrent,
3073 4278 3271 4351 afﬂatu
3297 4278 3470 4336 sancti
3500 4277 3745 4352 Spiritus

2134 4366 2471 4423 incalescunt.
2491 4367 2730 4440 —Saepe
2757 4367 2980 4425 beatum
3008 4368 3112 4426 Job
3126 4367 3359 4443 ﬁguram
3388 4374 3592 4428 sanctae
3619 4367 3745 4424 Ec-

2133 4456 2313 4514 clesiae
2342 4463 2526 4512 tenere
2547 4454 2664 4530 jam
2679 4455 2947 4515 diximus.
2969 4458 3312 4516 Vestimenta
3330 4475 3465 4517 vero
3476 4455 3744 4516 Ecclesiae

406 4559 565 4626 porta
590 4558 694 4621 est,
724 4567 847 4624 quae
877 4546 1032 4605 ducit
1059 4543 1130 4602 ad
1164 4541 1336 4600 vitam
1369 4541 1592 4615 (Matth.
1622 4559 1724 4612 vn,
1760 4541 1879 4616 14).
1910 4544 2022 4602 Eos
2062 4565 2112 4624 ι)
2138 4550 2268 4602 sunt
2297 4561 2490 4602 omnes
2534 4546 2631 4620 qui
2677 4546 2729 4604 ei
2766 4546 2899 4604 ﬁdei
2935 4545 3272 4605 adunatione
3293 4545 3629 4621 junguntur.
3660 4546 3744 4602 De

407 4659 535 4715 ergo
551 4658 646 4716 per
663 4639 890 4698 semitas
906 4633 1245 4707 astringunt,
1263 4629 1374 4704 qui
1388 4630 1456 4688 ab
1477 4630 1805 4690 intentionis
1831 4649 2020 4690 eorum

406 4732 627 4790 tramite
639 4747 736 4806 per
749 4731 860 4788 lata
878 4722 1071 4784 mundi
1081 4720 1357 4780 desideria
1369 4721 1654 4794 evagando
1666 4737 1780 4779 non
1792 4729 2020 4780 exeunt.

407 4824 574 4880 Arcta
583 4821 735 4879 enim
747 4819 888 4877 bene
900 4811 1130 4870 vivendi
1143 4826 1376 4869 censura
1389 4826 1503 4867 non
1519 4819 1603 4868 est
1615 4813 1799 4886 ampla
1812 4811 2024 4881 via,sed

407 4912 626 4982 semita,
652 4910 713 4968 in
740 4924 851 4984 qua
878 4900 1212 4979 praedicator
1238 4900 1470 4974 quisque
1490 4900 1733 4958 studiose
1753 4901 2022 4959 constrin-

409 5005 577 5076 gitur,
609 5000 742 5076 quia
763 4997 868 5056 sub
897 4997 1297 5069 prteceptorum
1327 4989 1576 5047 custodia
1594 4990 1830 5049 sollicite
1846 5008 2025 5048 coan-

407 5099 673 5164 gustatur.
692 5089 895 5146 Annon
927 5080 1084 5156 quasi
1113 5077 1362 5154 quaedam
1387 5079 1640 5152 angustia
1662 5089 1744 5138 est
1770 5081 2015 5148 itineris,

410 5181 467 5239 in
484 5183 591 5241 hoc
610 5176 836 5254 quidem
860 5168 1070 5230 mundo
1084 5168 1395 5239 vivere,sed
1411 5169 1478 5227 de
1494 5169 1662 5244 hujus
1678 5171 1872 5229 mundi
1892 5187 2022 5230 con-

407 5268 749 5344 cupiscentia
772 5261 915 5323 nihil
931 5259 1152 5330 habere,
1169 5261 1350 5318 aliena
1369 5277 1482 5318 non
1501 5261 2022 5337 appetere,[propria

410 5374 520 5415 non
541 5363 749 5423 tenere,
764 5350 954 5410 laudes
974 5350 1167 5409 mundi
1179 5350 1479 5425 despicere,
1493 5358 1547 5408 et
1568 5368 1670 5424 pro
1686 5354 1799 5410 Deo
1819 5369 2016 5427 oppro-

409 5445 531 5502 bria
556 5457 762 5512 amare,
799 5440 1030 5516 gloriam
1059 5440 1268 5514 fugere,
1312 5440 1631 5514 despectum
1664 5441 1844 5517 sequi,
1877 5441 2016 5499 adu-

489 5663 502 5735 ξ
536 5661 761 5735 ξξνξιῐθιη
790 5662 897 5718 nisi
910 5662 1164 5735 pluvia...
1190 5661 1382 5719 veniat.

485 5733 506 5767 ²
538 5731 679 5788 l'tic.
709 5742 764 5790 et
785 5735 878 5790 alii
910 5731 1122 5803 Nomm,
1156 5735 1207 5790 in
1230 5751 1389 5804 quam
1425 5733 1636 5790 virtutis
1656 5752 1852 5791 nivem.

484 5804 505 5838 ³
531 5804 755 5876 l’ratel.,
786 5807 836 5862 in
867 5814 1114 5863 (sternam
1137 5806 1553 5863 retributionem.

2133 4632 2337 4708 quibus
2390 4633 2570 4692 eidem
2619 4635 2880 4693 Ecclesia
2935 4651 3033 4709 per
3085 4635 3411 4710 prophetam
3465 4632 3745 4694 Dominus

2133 4722 2271 4782 dicit
2304 4741 2318 4780 ε
2359 4724 2484 4783 Vivo
2529 4742 2642 4796 ego,
2677 4725 2805 4797 quia
2848 4725 3090 4782 omnibus
3129 4725 3212 4781 his
3257 4726 3400 4782 velut
3426 4730 3742 4781 ornamento

2132 4812 2368 4869 vestieris
2385 4812 2549 4883 (Isai.
2581 4829 2736 4883 XLIX,
2762 4813 2877 4886 18).
2906 4814 3010 4872 Per
3036 4814 3303 4873 Austrum
3328 4829 3483 4883 vero,
3513 4812 3611 4889 qui
3639 4814 3743 4870 ni—

2134 4901 2337 4959 mirum
2375 4901 2590 4960 calidus
2619 4909 2818 4960 ventus
2863 4910 2970 4973 est,
3022 4919 3135 4960 non
3178 4901 3461 4962 immerito
3497 4901 3742 4977 Spiritus

2131 4998 2354 5048 sanctus
2382 4989 2722 5064 designatur,
2767 5007 2878 5065 quo
2923 4992 3158 5067 quisque
3194 4992 3329 5050 dum
3370 4990 3638 5066 tangitur,
3667 4991 3742 5048 ab

2133 5081 2446 5156 iniquitatis
2467 5099 2580 5142 sum
2599 5090 2818 5157 torpore
2843 5081 3130 5142 liberatur.
3150 5082 3305 5142 Unde
3324 5083 3464 5140 bene
3492 5081 3553 5140 in
3582 5080 3741 5142 Can-

2132 5172 2262 5230 ticis
2307 5172 2654 5231 canticorum
2701 5172 2952 5230 dicitur:
3002 5174 3189 5246 Surge,
3236 5173 3460 5246 Aquilo,
3501 5178 3553 5229 et
3597 5171 3739 5241 veni,

2130 5261 2351 5330 Auster,
2371 5264 2546 5335 per/la
2573 5263 2787 5318 hortum
2814 5277 3006 5329 meum,
3035 5268 3084 5319 et
3109 5265 3284 5334 ﬂuant
3307 5268 3558 5320 aromata
3584 5262 3740 5319 illius

2133 5351 2319 5423 (Cant.
2343 5368 2422 5419 ιν,
2450 5352 2563 5425 16.)
2592 5351 2796 5426 Aquilo
2821 5351 2970 5408 enim
2984 5350 3216 5425 jnbetur
3242 5359 3306 5409 ut
3330 5359 3539 5425 surgat,
3568 5358 3631 5409 ut
3655 5350 3741 5409 ni-

2132 5441 2335 5498 mirum
2365 5440 2414 5497 is
2435 5440 2533 5515 qui
2554 5439 2870 5498 mortalium
2892 5440 3058 5498 corda
3077 5440 3364 5515 restringit
3384 5440 3737 5498 adversarius

2202 5663 2223 5697 ⁴
2254 5660 2515 5729 Vindoc.,
2548 5659 2747 5716 Pratel.
2795 5666 2850 5716 et
2889 5660 3007 5732 alii,
3047 5660 3276 5718 sollicita
3320 5661 3743 5718 consideratione

2128 5733 2508 5809 ponderamus.

2204 5819 2225 5842 '
2258 5805 2467 5875 Turon,
2504 5804 2719 5861 necdum
2741 5811 2988 5877 angusta.
