3920 6380
120 391 216 450 437
820 395 1197 452 MURALIUM
1236 396 1368 452 LIB.
1413 398 1646 455 XXVII.
1703 430 1774 441 -—
1829 400 1901 456 IN
1938 401 2166 459 CAPUT
2206 405 2472 461 XXXVII
2512 407 2572 462 Β.
2612 408 2754 463 .IOB.

3356 410 3464 470 438

116 521 350 593 spiritus
379 521 582 593 fugiat.
617 522 817 576 Auster
845 520 991 576 enim
1025 522 1177 577 venit
1196 530 1249 577 et
1268 522 1491 579 hortum
1514 525 1733 596 perflat,
1769 529 1820 587 A
1849 525 1963 598 jam
1989 526 2130 583 bene
2150 529 2470 585 viventibus
2490 530 2809 588 doctoribus
2830 532 3351 596 inhaerentcalorem
3375 537 3462 597 su'

116 618 173 666 ut
201 608 325 680 ejus
352 618 604 664 aromata
641 607 920 677 difﬂuant,
950 611 1081 681 quia
1106 626 1200 682 per
1230 611 1530 667 adventum
1560 615 1736 670 sancti

117 698 384 773 Spiritus,
416 699 555 755 dum
595 714 752 756 mens
780 698 1075 755 hominum
1117 701 1377 772 repletur,
1413 718 1482 756 ex
1511 719 1574 758 ea
1603 720 1735 759 mox

118 790 307 863 opinio
337 791 624 846 virtutum
672 790 1001 863 aspergitur,
1036 799 1098 846 ut
1122 790 1247 863 jure
1271 790 1386 864 jam
1416 801 1731 849 sanctorum

117 880 310 953 lingua
338 880 499 953 quasi
535 879 732 935 hortus
762 881 968 935 Austro
1002 880 1263 953 perﬂatus
1291 880 1436 937 dicat
1471 900 1481 936 :
1533 882 1735 937 Christi

118 970 281 1024 bonus
311 970 451 1025 odor
496 985 680 1024 sumus
706 970 816 1025 Deo
861 970 957 1038 (II
985 969 1110 1025 Cor.
1146 986 1207 1038 ιι,
1245 971 1356 1041 15).
1390 971 1732 1027 Vestimenta

116 1076 245 1131 ergo
279 1067 489 1116 sancta:
514 1059 779 1116 Ecclesiae
807 1058 988 1115 calida
1015 1067 1166 1124 sunt,
1197 1060 1329 1115 dum
1362 1068 1505 1115 terra
1526 1062 1731 1116 Austro

116 1147 406 1221 perﬂatur,
437 1148 570 1220 quia
590 1145 650 1201 bi
670 1146 771 1219 qui
792 1148 844 1202 ei
876 1162 972 1218 per
999 1146 1164 1203 ﬁdem
1188 1148 1488 1217 inhaerent,
1515 1150 1731 1205 ferven-

116 1237 270 1293 tibus
289 1236 585 1293 cbaritatis
601 1236 801 1293 studiis
823 1236 1198 1306 inardescunt,
1218 1239 1349 1295 dum
1368 1256 1558 1296 eorum
1577 1256 1731 1295 mens

114 1327 294 1386 sancti
328 1327 575 1400 Spiritus
604 1325 792 1381 afﬂatu
820 1326 1191 1398 perfunditur.
1224 1328 1384 1396 Quod
1414 1329 1636 1402 quidem
1676 1337 1730 1384 et

115 1417 182 1473 de
210 1416 410 1473 eodem
449 1415 612 1472 beato
648 1414 752 1472 Job
783 1414 927 1471 nihil
966 1415 1147 1473 obstat
1190 1418 1449 1490 intelligi,
1484 1419 1614 1493 quia
1652 1420 1731 1476 sic

116 1509 237 1567 haec
258 1509 595 1583 generaliter
619 1508 679 1564 in
703 1516 897 1565 sancta
916 1509 1164 1565 Ecclesia
1182 1509 1441 1579 dicimus,
1464 1519 1527 1567 ut
1546 1519 1729 1567 tamen

118 1618 213 1673 per
243 1599 497 1656 membra
526 1597 647 1671 ejus
676 1597 896 1671 singula
918 1598 1231 1671 specialiter
1256 1608 1559 1658 teneamus.

184 1707 279 1764 64.
320 1709 415 1764 Ea:
439 1707 716 1762 doctorum
742 1712 790 1761 et
814 1706 1128 1761 auditorum
1157 1708 1437 1763 concordia
1465 1714 1651 1764 mutua
1675 1709 1734 1765 in

116 1795 189 1850 eis
226 1795 403 1865 fervet
436 1794 694 1850 eharitas.
723 1824 795 1835 —
822 1794 1212 1867 Unusquisque
1255 1795 1405 1850 enim
1449 1796 1544 1868 qui
1589 1804 1732 1852 recte

1846 616 2002 686 perni
2030 617 2239 672 amoris
2274 618 2577 690 accipiunt,
2608 636 2733 675 cum
2764 638 2859 693 per
2878 624 3121 682 afﬂatum
3143 631 3316 685 sancti
3343 630 3459 703 Spi-

1845 703 1984 759 ritus
2012 707 2347 775 excitantur,
2378 724 2443 765 ac
2479 708 2524 763 si
2558 718 2747 781 aperte
2775 710 2935 767 beato
2962 714 3064 769 Job
3094 715 3301 773 diceret
3328 736 3339 773 :
3374 721 3459 775 In-

1844 811 2058 850 cassum
2092 797 2195 852 tibi
2217 798 2420 853 tribuis
2444 799 2488 855 si
2511 814 2649 871 quos
2680 815 2777 871 per
2803 810 2854 857 te
2885 803 3183 873 profecisse
3204 807 3262 861 in
3284 808 3462 864 virtu-

1840 884 1991 940 tibus
2038 887 2454 959 contemplaris,
2498 888 2627 960 quia
2671 888 2729 944 hi
2770 906 2908 963 quos
2939 908 3036 963 per
3072 901 3125 949 te
3166 895 3462 954 incaluisse

1841 972 2100 1035 aestimas,
2151 974 2260 1029 nisi
2305 992 2398 1030 eos
2436 975 2681 1047 Spiritus
2722 978 2899 1036 sancti
2930 980 3117 1037 fervor
3145 984 3457 1056 attingeret,

1846 1061 2041 1133 frigidi
2086 1061 2145 1117 in
2175 1080 2276 1118 sua
2306 1064 2733 1122 insensibilitate
2764 1078 3129 1127 remanerent.
3162 1072 3457 1147 Postquam

1840 1165 1974 1206 vero
2004 1150 2124 1207 haec
2154 1153 2373 1209 fortiter
2401 1153 2568 1223 dixit,
2601 1172 2697 1227 per
2724 1159 3095 1231 arrogantiam
3128 1161 3325 1219 leviter
3345 1180 3458 1220 mo-

1840 1250 1952 1311 tus,
1985 1242 2261 1301 irrisionis
2290 1245 2447 1303 illico
2480 1248 2649 1305 verba
2677 1249 2989 1325 subjungit,
3024 1252 3216 1310 dicens
3249 1272 3261 1311 :

2165 1352 2394 1411 CAPUT
2424 1354 2669 1413 XXXIX
2711 1355 2855 1431 [Rec.
2887 1360 3119 1435 XXIV].

1911 1437 2081 1496 Vnus.
2110 1441 2360 1499 l8.—Tu
2387 1443 2621 1513 forsitan
2650 1463 2768 1502 cum
2789 1465 2846 1503 eo
2865 1447 3165 1519 fabricatus
3203 1466 3255 1504 es
3280 1451 3454 1517 castos,

1840 1528 1932 1598 qui
1962 1529 2275 1587 solidissimi
2302 1534 2459 1603 quasi
2487 1552 2593 1590 tere
2617 1535 2736 1605 fusi
2765 1544 2906 1592 sunt.

1913 1618 2001 1675 65.
2043 1621 2149 1676 Per
2176 1623 2327 1678 cwlos
2355 1626 2511 1694 quasi
2539 1642 2642 1681 tere
2670 1625 2840 1696 fusos,
2873 1628 3043 1684 sancti
3073 1628 3267 1700 angeli,
3288 1634 3337 1684 et
3359 1632 3454 1685 ele-

1842 1714 2045 1764 ctorum
2070 1718 2263 1766 mentes
2292 1713 2673 1784 signantur.—-
2687 1716 2926 1772 Possunt
2948 1734 3046 1789 per
3071 1718 3238 1773 caalos
3267 1716 3327 1772 bi
3358 1719 3455 1790 qui

1842 1797 1901 1852 in
1930 1798 2248 1856 coelestibus
2268 1809 2398 1857 sunt
2418 1801 2629 1857 conditi
2651 1803 2888 1874 angelici
2907 1805 3138 1877 spiritus
3155 1804 3452 1877 designari.

118 1885 281 1951 vivit,
315 1892 483 1958 atque
512 1884 621 1941 hoc
650 1890 704 1939 et
732 1883 872 1940 alios
891 1884 1087 1940 docere
1114 1885 1429 1952 consuevit,
1465 1886 1618 1957 quasi
1644 1894 1727 1941 tot
1764 1887 1811 1948 B
1842 1885 1995 1942 Unde
2025 1896 2077 1943 et
2106 1887 2167 1942 in
2196 1891 2447 1946 oratione
2473 1899 2659 1948 nostra
2690 1891 2871 1948 dicere
2900 1909 3034 1949 voce
3064 1893 3329 1951 Veritatis
3358 1894 3455 1949 in-

120 1975 455 2030 vestimenta
483 1974 669 2042 habet,
713 1982 848 2047 quot
877 1974 1154 2031 auditores
1184 1975 1234 2031 ei
1273 1975 1621 2031 concorditer
1652 1976 1732 2030 in-

117 2064 351 2120 haerent.
375 2065 403 2135 (
419 2065 524 2121 Vet.
550 2063 747 2136 XXV.)
778 2064 985 2120 Natura
1010 2080 1248 2137 namque
1276 2065 1731 2121 vestimentorum

116 2162 195 2211 est
222 2162 287 2211 ut
318 2171 418 2228 per
445 2154 746 2226 semetipsa
766 2155 943 2211 calere
964 2171 1078 2210 non
1100 2156 1333 2228 possint,
1360 2155 1456 2211 sed
1475 2154 1735 2227 adjuncta

115 2246 335 2301 viventi
366 2245 613 2318 corpori,
645 2245 783 2301 dum
814 2244 1138 2303 exhalantes
1166 2246 1539 2303 membrorum
1569 2263 1733 2319 poros

115 2342 445 2408 contegunt,
468 2341 819 2391 emanantem
846 2335 915 2391 ab
940 2336 1155 2392 intimis
1183 2338 1420 2393 calorem
1451 2344 1728 2411 premunt,

115 2442 222 2499 quo
242 2424 517 2481 nimirum
538 2426 719 2482 calore
741 2425 858 2483 haec
878 2424 1071 2482 eadem
1094 2427 1427 2483 vestimenta
1446 2425 1729 2492 caleﬁunt,

116 2514 209 2571 sed
251 2514 523 2571 calefacta
578 2514 817 2571 calorem
879 2531 1043 2587 quem
1097 2516 1406 2588 acceperint
1444 2514 1732 2570 retinendo

116 2604 182 2660 ad
209 2621 420 2677 corpus
448 2603 712 2660 reddunt.
736 2604 884 2671 Quid
904 2620 1032 2675 ergo
1055 2621 1149 2675 per
1169 2606 1498 2661 vestimenta
1518 2605 1731 2660 viventi

115 2694 337 2767 corpori
367 2692 715 2749 adhaerentia
744 2693 854 2748 nisi
882 2693 1284 2765 discipulorum
1314 2694 1430 2749 vita
1456 2694 1731 2765 magistris

115 2783 249 2840 bene
280 2782 614 2838 viventibus
643 2782 940 2854 conjuncta
967 2782 1260 2853 signatur?
1289 2785 1420 2851 Quae
1449 2785 1605 2856 quasi
1637 2799 1732 2854 per

116 2889 275 2946 peros
303 2874 555 2930 calorem
586 2871 809 2943 accipit,
833 2872 964 2942 quia
982 2872 1051 2926 ad
1074 2887 1318 2928 amorem
1348 2874 1447 2928 Dei
1473 2880 1528 2927 et
1547 2889 1729 2928 exem-

119 2962 207 3034 plo
235 2962 482 3019 actionis
518 2968 571 3016 et
601 2960 846 3032 impulsu
874 2958 1280 3017 exhortationis
1311 2961 1558 3033 ignescit.
1599 2961 1730 3029 Quae

120 3053 271 3109 velut
290 3052 473 3124 frigus
505 3051 827 3123 proprium‘
857 3050 1110 3121 expellit,
1142 3049 1275 3105 dum
1309 3066 1340 3105 a
1362 3050 1596 3121 pristina
1625 3050 1729 3105 ini-

116 3142 329 3215 quitate
341 3138 613 3205 discedit;
636 3138 875 3194 calorem
893 3154 1057 3209 quem
1071 3139 1280 3210 accepit
1290 3138 1511 3204 retinet,
1527 3140 1656 3211 quia
1670 3139 1729 3194 in

1842 1975 2113 2032 struimur
2145 1995 2156 2032 :
2191 1978 2317 2034 Fiat
2346 1982 2591 2036 voluntas
2620 1988 2711 2036 tua
2738 1981 2875 2036 sicut
2913 1981 2971 2036 in
2996 1984 3121 2038 creto
3147 1990 3193 2037 et
3221 1984 3280 2038 in
3309 1989 3454 2040 terra

1842 2066 2272 2140 (Matth..v1,10).
2306 2069 2376 2124 Ut
2405 2070 2677 2126 nimirum
2708 2070 2968 2127 voluntas
2998 2071 3119 2139 Dei,
3150 2072 3295 2129 sicut
3315 2089 3347 2127 a
3367 2090 3454 2129 su-

1844 2156 2048 2229 periori
2067 2167 2314 2214 creatura
2326 2160 2528 2233 agitur,
2550 2162 2629 2217 ita
2644 2161 2703 2217 in
2718 2161 2980 2219 omnibus
2990 2164 3154 2220 etiam
3174 2162 3242 2219 ab
3262 2162 3453 2221 huma-

1843 2260 1913 2300 na
1952 2245 2276 2304 inﬁrmitate
2321 2258 2590 2306 servetur.
2650 2252 2727 2307 De
2768 2250 2969 2325 quibus
3017 2252 3159 2309 bene
3196 2252 3447 2309 dicitur:

1846 2334 1949 2402 Qui
1978 2336 2287 2393 solidissimi
2311 2339 2471 2409 quasi
2498 2357 2603 2395 tere
2622 2339 2735 2411 fusi
2762 2348 2886 2396 sunt
2904 2343 2947 2397 ³.
2977 2343 3200 2399 Naturae
3215 2358 3453 2415 namque

1842 2424 1968 2481 auis
1998 2432 2098 2494 est,
2132 2427 2387 2501 rubigine
2417 2429 2642 2487 diﬂicile
2672 2431 2944 2487 consumi.
2976 2432 3049 2488 Et
3082 2432 3316 2489 virtutes
3352 2448 3452 2487 an-

1842 2513 2027 2584 gelicae
2057 2531 2177 2587 quae
2206 2515 2265 2571 in
2295 2516 2490 2574 divino
2525 2534 2710 2575 amore
2739 2518 2866 2576 ﬁxas
2885 2520 3263 2591 perstiterunt,
3287 2519 3452 2592 lapsis

1840 2601 2293 2672 superbientibus
2322 2607 2553 2679 angelis,
2587 2605 2694 2663 hoc
2723 2608 2781 2663 in
2811 2624 3039 2664 munere
3068 2608 3453 2666 retributionis

1839 2704 2188 2763 acceperunt,
2211 2705 2272 2752 ut
2300 2697 2454 2753 nulla
2476 2692 2590 2769 jam
2622 2697 2876 2771 rubigine
2906 2698 3249 2771 subrepentis
3275 2700 3449 2770 culpae

1840 2780 2219 2851 mordeantur,
2264 2794 2326 2842 ut
2364 2785 2425 2840 in
2458 2787 2925 2859 contemplatione
2968 2787 3288 2845 Conditoris
3328 2787 3447 2843 sine

1842 2867 2127 2926 felicitatis
2160 2872 2267 2928 ﬁne
2299 2885 2675 2944 permaneant,
2698 2884 2752 2931 et
2780 2876 2839 2931 in
2868 2875 2975 2933 hoc
3001 2877 3148 2949 quod
3169 2885 3299 2934 sunt
3318 2894 3445 2933 con-

1839 2957 1968 3014 dita:
2010 2967 2214 3016 mterna
2253 2961 2551 3018 stabilitate
2593 2963 2914 3019 subsistant.
2947 2965 3106 3030 Quod
3134 2965 3273 3022 bene
3302 2965 3447 3037 apud

1838 3046 2066 3119 Moysen
2090 3047 2209 3119 ipsa
2229 3048 2297 3104 de
2320 3049 2515 3106 mundi
2545 3050 2759 3122 origine
2777 3049 3025 3107 historia:
3045 3053 3212 3109 verba
3233 3062 3448 3109 testan—

1839 3149 1950 3209 tur,
1973 3156 2099 3196 cnm
2121 3149 2175 3197 et
2202 3141 2357 3213 prius
2389 3141 2594 3197 factum
2626 3141 2826 3199 coelum
2848 3141 3073 3211 dicitur,
3096 3152 3149 3200 et
3176 3143 3280 3199 hoc
3300 3142 3445 3199 idem

116 3248 178 3288 eo
200 3233 222 3267 ³
242 3247 414 3305 quem
439 3228 795 3302 praedicando
816 3228 1111 3301 sumpserit
1131 3228 1349 3285 fervore
1369 3230 1725 3286 convalescit.
1764 3248 1809 3308 ρ
1840 3228 2192 3302 postmodum
2219 3228 2630 3286 ﬁrmamentum
2654 3239 2885 3287 vocatur
2910 3235 2933 3304 (
2946 3232 3125 3287 Genes.
3149 3248 3190 3299 ι,
3214 3232 3294 3301 6),
3318 3231 3447 3303 quia

114 3323 387 3378 Doctores
406 3326 590 3375 autem
611 3318 786 3375 sancti
808 3317 941 3373 dum
961 3317 1241 3375 auditores
1259 3335 1388 3376 suos
1408 3320 1466 3375 in
1486 3336 1728 3377 amorem

115 3413 210 3467 Dei
227 3410 501 3484 proﬁcere
517 3407 898 3479 sentiunt,ipsi
911 3407 1150 3480 amplius
1165 3408 1223 3463 in
1236 3408 1505 3466 doctrinae
1523 3411 1732 3468 virtute

116 3501 474 3566 fervescunt;
524 3506 578 3555 et
616 3498 748 3571 quia
794 3514 891 3554 eos
934 3497 1004 3553 ad
1046 3513 1260 3554 summa
1307 3499 1649 3556 inardescere
1677 3510 1732 3557 et

118 3590 424 3646 fervescere
452 3586 826 3658 conspiciunt,
849 3586 921 3643 ad
947 3585 1294 3658 praedicanda
1321 3586 1467 3643 bona
1494 3591 1730 3648 caelestis

116 3680 304 3751 patriae
336 3677 585 3733 validius
614 3675 1051 3733 succenduntur.
1075 3676 1180 3743 Qui
1214 3682 1268 3731 et
1295 3675 1343 3732 si
1378 3679 1597 3748 quando
1632 3696 1730 3751 pro

116 3786 180 3825 eo
213 3767 370 3841 quod
399 3766 589 3823 adhuc
618 3768 791 3822 vitam
829 3765 1247 3837 corruptibilem
1278 3764 1532 3824 humanae
1564 3769 1732 3825 inﬁr—

117 3859 329 3914 mitatis
346 3864 519 3929 agunt
534 3856 605 3911 de
622 3856 867 3929 qualibet
882 3856 1047 3927 culpa
1060 3855 1255 3909 saltem
1271 3857 1512 3914 tenuiter
1527 3860 1584 3914 in
1606 3876 1729 3932 ope-

114 3950 257 4016 re,in
274 3946 645 4013 locutione,in
662 3946 999 4017 cogitatione
1020 3946 1728 4021 tentantur,discipulorum

115 4054 343 4093 suorum
395 4035 704 4109 profectum
762 4034 1137 4107 conspiciunt,
1194 4038 1341 4097 884
1395 4046 1449 4092 et
1487 4040 1592 4111 ipsi
1642 4047 1727 4101 vel

116 4134 172 4189 in
201 4132 460 4190 minimis
483 4149 599 4188 esse
628 4131 1096 4204 reprehensibiles
1127 4132 1478 4203 erubescunt,
1528 4151 1596 4191 ne
1624 4153 1730 4207 qua

115 4223 255 4279 forte
284 4223 543 4295 exempla
568 4222 921 4277 tortitudinis
950 4220 1225 4293 praebeant
1253 4223 1331 4279 eis
1357 4238 1493 4294 quos
1522 4224 1732 4295 praedi-

116 4314 358 4370 cationis
382 4329 519 4370 voce
538 4312 607 4367 ad
630 4312 875 4384 regulam
905 4310 1116 4365 intimae
1137 4310 1487 4369 rectitudinis
1515 4321 1725 4372 vocant.

114 4406 259 4461 Dum
290 4419 423 4475 ergo
470 4402 641 4459 verbo
689 4402 979 4457 doctorum
1023 4401 1403 4458 accenduntur
1429 4404 1728 4474 auditores,

114 4494 269 4567 quasi
302 4510 375 4549 ex
408 4494 623 4551 viventi
661 4509 890 4567 corpore
940 4495 1269 4551 vestimenta
1310 4496 1589 4553 calefiunt.
1624 4498 1726 4554 Sed

1841 3317 2103 3374 videlicet
2146 3326 2340 3374 natura
2369 3318 2617 3389 angelica
2645 3328 2699 3375 et
2728 3319 2885 3391 prius
2916 3321 2937 3354 ὀ
2987 3320 3249 3376 subtilius
3278 3327 3358 3376 est
3388 3320 3446 3375 in

1841 3405 2223 3478 superioribus
2268 3406 2516 3475 condita,
2562 3416 2617 3463 et
2645 3417 2769 3479 post
2809 3424 2878 3463 ne
2910 3424 3148 3481 unquam
3182 3408 3448 3481 potuisset

1842 3495 2055 3564 cadere,
2110 3495 2423 3552 mirabilius
2468 3496 2816 3554 conﬁrmata.
2865 3497 3102 3554 Possunt
3148 3498 3313 3555 etiam
3352 3515 3448 3571 per

1840 3584 2030 3652 oculos,
2062 3593 2123 3640 ut
2143 3600 2284 3655 saepe
2312 3584 2582 3653 diximus,
2616 3585 2917 3642 electorum
2947 3594 3158 3641 mentes
3183 3586 3444 3658 exprimi,

1841 3690 1872 3729 a
1900 3673 2116 3731 cunctis
2145 3674 2379 3733 terrenis
2405 3675 2677 3747 contagiis
2706 3675 2907 3731 intimo
2935 3691 3119 3731 amore
3148 3691 3442 3747 suspensas.

1840 3763 1947 3830 Qui
1978 3764 2233 3835 quamvis
2260 3779 2487 3836 corpore
2522 3763 2721 3835 degant
2756 3763 2813 3819 in
2844 3763 3074 3832 inﬁmis,
3105 3763 3234 3837 quia
3260 3770 3445 3819 tamen

1840 3852 2005 3909 corde
2030 3852 2147 3924 jam
2177 3852 2454 3909 inhaerent
2482 3853 2737 3922 summis,
2771 3854 3042 3909 veraciter
3068 3853 3262 3910 dicunt
3292 3871 3304 3908 :
3339 3855 3444 3909 No-

1839 3947 1957 3997 stra
1976 3943 2302 3997 conversatio
2324 3942 2379 3997 in
2393 3942 2534 3997 caelis
2549 3948 2624 3996 est
2641 3942 2816 4012 (Phil.
2837 3958 2922 4010 ιιι,
2941 3942 3032 4015 20)
3044 3985 3056 3998 .
3102 3942 3209 4009 Qui
3229 3941 3443 3997 solidis-

1840 4031 1968 4085 simi
1997 4040 2059 4086 ut
2088 4046 2192 4085 aere
2222 4029 2331 4085 fusi
2362 4036 2511 4095 sunt,
2536 4029 2665 4100 quia
2694 4029 2762 4085 ab
2784 4029 3097 4100 integritate
3117 4036 3307 4099 emptas
3336 4028 3443 4083 for-

1839 4118 2097 4174 titudinis
2130 4119 2283 4173 nulla
2314 4117 2703 4174 mutabilitatis
2731 4116 2985 4189 rubigine
3016 4123 3440 4174 consumuntur.

1840 4208 2052 4276 Quibus
2068 4215 2121 4263 et
2137 4208 2354 4264 fortiter
2370 4216 2561 4265 contra
2576 4207 2805 4263 adversa
2825 4206 3177 4275 durantibus,
3201 4207 3445 4263 auctoris

1840 4315 1974 4355 voce
2005 4297 2212 4355 dicitur
2245 4317 2256 4355 :
2312 4299 2409 4357 Vos
2441 4298 2563 4352 estis
2604 4297 2764 4352 amici
2789 4298 2912 4363 mei,
2953 4298 3045 4368 qui
3077 4297 3447 4369 permansistis

1837 4406 2038 4445 mecum
2078 4388 2136 4443 in
2184 4388 2556 4443 tentationibus
2603 4388 2729 4442 meis
2789 4386 2942 4459 (Luc.
2987 4403 3130 4455 χχιι,
3176 4386 3292 4459 28).
3342 4385 3446 4441 Sed

1839 4478 2093 4551 quamvis
2135 4476 2331 4535 doctus
2361 4487 2413 4534 et
2451 4493 2711 4550 arrogans
2752 4493 2880 4533 cum
2923 4476 3153 4532 irridere
3196 4483 3445 4533 sanctum

113 4565 247 4640 dum
278 4601 351 4641 ex
397 4584 648 4656 profectu
698 4565 1016 4640 auditorum
1053 4586 1218 4640 etiam
1256 4586 1372 4641 vita
1409 4586 1723 4644 docentium
1756 4606 1806 4665 D
1841 4568 2026 4623 virum
2058 4567 2281 4636 nititur,
2310 4567 2560 4624 irrisioni
2588 4583 2702 4623 sua:
2731 4565 2898 4622 fortia
2925 4565 3073 4622 dicta
3100 4567 3445 4639 permisceat,

113 4674 361 4746 proﬁcit,
385 4673 545 4747 quasi
568 4690 639 4730 ex
660 4673 941 4732 calefactis
971 4673 1317 4731 vestimentis
1342 4675 1492 4733 calor
1518 4678 1588 4734 ad
1616 4697 1735 4736 cor.

116 4781 216 4836 pus
262 4762 435 4819 redit.
486 4762 593 4820 Sed
640 4778 988 4836 nequaquam
1033 4761 1139 4819 sibi
1190 4762 1442 4820 doctores
1486 4767 1736 4826 tribuant

116 4850 267 4922 quod
304 4867 403 4923 per
430 4850 878 4909 exhortationem
924 4866 1080 4906 suam
1110 4850 1180 4906 ad
1220 4868 1438 4909 summa
1471 4856 1734 4926 proﬁcere

114 4938 404 4996 auditores
433 4939 648 5008 vident,
681 4940 813 5012 quia
850 4939 959 4995 nisi
1003 4941 1243 5012 Spiritus
1286 4950 1511 4998 sanctus
1541 4960 1732 4999 eorum

114 5028 285 5084 corda
315 5029 546 5100 repleat,
579 5029 647 5085 ad
677 5045 837 5085 aures
866 5045 1162 5102 corporum
1184 5046 1295 5087 vox
1315 5030 1632 5087 docentium
1655 5033 1735 5089 in-

115 5133 335 5173 cassum
355 5119 803 5173 sonat.Formare
824 5117 974 5172 enim
996 5133 1190 5173 vocem
1219 5118 1469 5189 magistri
1493 5120 1737 5175 exterius

117 5215 376 5279 possunt,
405 5208 503 5264 sed
532 5208 678 5265 hanc
706 5209 1025 5281 imprimere
1053 5207 1288 5265 interius
1317 5225 1428 5264 non
1460 5220 1687 5281 possunt
1718 5228 1730 5265 :

117 5298 297 5368 Neque
332 5298 474 5353 enim
500 5298 594 5369 qui
616 5299 833 5369 plantat
859 5303 934 5353 est
968 5298 1203 5369 aliquid,
1244 5314 1409 5369 neque
1440 5300 1534 5371 qui
1570 5300 1736 5371 rigat,

118 5388 207 5442 sed
230 5386 327 5459 qui
359 5387 735 5442 incrementum
761 5387 858 5443 dat
881 5388 1024 5443 Deus
1051 5388 1115 5453 (Ι
1135 5387 1261 5443 Cor.
1284 5404 1369 5456 ιιι,
1400 5390 1472 5460 7).
1505 5389 1734 5445 Dicatur

117 5495 247 5551 ergo
281 5496 294 5533 :
328 5481 518 5536 Nonne
548 5478 853 5535 vestimenta
882 5485 973 5535 tua
992 5479 1169 5535 calida
1191 5483 1335 5543 sunt,
1365 5494 1481 5532 cum
1504 5480 1735 5549 perflatu

117 5570 285 5639 fuerit
308 5578 455 5625 terra
472 5570 676 5625 Austro
692 5571 720 5625 ?
740 5568 883 5635 Quia
901 5569 1165 5626 nimirum
1187 5577 1319 5626 tunc
1338 5568 1617 5625 auditores
1637 5568 1729 5641 qui

194 5802 206 5834 ¹
254 5796 498 5853 Vindoc.
532 5803 586 5850 et
604 5794 830 5861 Pratel.,
863 5792 1080 5863 respuit.

190 5872 212 5907 ²
253 5869 435 5928 Iidem
456 5865 594 5924 Cod.
618 5874 671 5921 et
691 5863 940 5932 Ebroic.,
962 5879 1112 5934 quem
1137 5881 1235 5935 per
1256 5865 1699 5936 prcedicamenta.

1844 4673 1877 4712 a
1902 4656 2068 4712 dictis
2095 4665 2279 4713 tamen
2306 4656 2546 4713 fortibus
2574 4671 2791 4727 semper
2819 4654 2887 4711 ad
2917 4670 3255 4727 supervacua
3282 4655 3447 4711 verba

1844 4745 2134 4803 relabitur.
2164 4747 2304 4802 Nam
2334 4745 2539 4803 iterum
2570 4744 2874 4802 deridendo
2902 4744 3187 4817 subjungit
3218 4761 3231 4802 :

1916 4836 2086 4891 Vsus.
2124 4836 2210 4891 19.
2241 4865 2312 4877 -
2345 4835 2567 4892 Ostende
2595 4834 2746 4890 nobis
2786 4834 2918 4905 quid
2953 4834 3190 4890 dicamus
3219 4832 3324 4898 illi,
3356 4849 3449 4889 nos

1843 4924 2036 4996 quippe
2066 4924 2389 4979 involvimur
2423 4924 2664 4979 tenebris.

1924 5017 2070 5076 885
2111 5013 2200 5071 66.
2236 5014 2317 5070 Ac
2347 5013 2394 5069 si
2424 5013 2608 5071 dicat:
2644 5013 2745 5081 Tu,
2769 5012 2864 5085 qui
2882 5011 2998 5085 jam
3029 5026 3223 5083 magna
3245 5008 3449 5095 intelli-

1845 5114 2042 5186 gentiae
2092 5114 2212 5169 luce
2256 5115 2578 5187 perfrueris,
2618 5112 2813 5170 docere
2855 5129 2956 5169 nos
2982 5112 3079 5185 qui
3127 5108 3450 5181 ignorantia:

1846 5202 2087 5259 tenebris
2134 5202 2483 5258 involvimur
2529 5202 2713 5259 debes.
2758 5201 2866 5269 Qui
2914 5216 3046 5256 mox
3086 5198 3157 5255 ab
3194 5197 3451 5254 irrisione

1845 5293 2118 5361 resiliens,
2144 5290 2497 5364 despiciendo
2524 5288 2811 5362 subjungit
2837 5306 2851 5345 :

1907 5383 2081 5440 Vnus.
2112 5381 2200 5437 20.
2232 5409 2304 5421 -
2334 5380 2463 5447 Quis
2492 5378 2742 5434 narrabit
2766 5377 2815 5432 ei
2842 5394 2959 5449 qua:
2988 5378 3219 5449 loquor?

1915 5475 1997 5529 Ac
2024 5473 2069 5528 si
2099 5478 2284 5544 aperte
2314 5470 2461 5526 dicat
2494 5487 2506 5525 :
2560 5470 2692 5538 Quae
2722 5485 2822 5542 ego
2850 5470 2901 5526 ei
2945 5469 3012 5526 de
3046 5469 3161 5527 suis
3196 5468 3453 5528 laudibus

1843 5569 2003 5619 acute
2034 5561 2278 5617 sentiens
2319 5575 2431 5615 non
2460 5558 2648 5615 audita
2684 5559 2900 5631 loquor,
2935 5559 3061 5634 quis
3087 5558 3207 5618 haec
3232 5575 3453 5616 narrare

1917 5793 1938 5827 ³
1983 5791 2124 5848 Utic.
2157 5799 2211 5847 et
2244 5790 2469 5858 Pratel.,
2492 5795 2689 5844 natura
2718 5805 2965 5861 namque.

1919 5863 1938 5897 ⁵
1979 5862 2202 5932 Pratel.,
2234 5862 2443 5919 subtilis
2474 5867 2614 5917 est...
2643 5861 2874 5917 condita.
