3920 6372
463 367 566 426 433

1674 368 1921 424 SANCTI
1960 368 2305 426 GBEtltlilll
2347 369 2568 425 .‘sl.\(}.\'l

3687 370 3796 425 440

463 493 548 549 vel
567 500 689 565 post
708 510 872 566 quam
890 495 1130 552 audierit
1151 496 1374 568 potest?
1403 495 1509 552 Sed
1529 495 1660 570 quia
1674 511 1800 552 cum
1817 495 2072 552 doctrim
2103 504 2151 560 Α
2181 503 2416 563 soerent,
2439 512 2502 552 ac
2523 511 2673 551 more
2703 493 2938 550 nubium
2969 508 3138 567 aquas
3162 492 3406 549 scientiae
3433 501 3718 566 caperent,
3737 503 3800 552 et

462 590 516 639 et
535 584 848 657 arrogantia
873 585 932 642 in
954 585 1122 642 unius
1147 585 1350 642 mentis
1377 585 1717 643 habitatione
1743 585 2014 657 conﬂigit,
2039 604 2069 639 a

464 673 743 748 loquentis
771 692 865 733 ore
896 691 1010 734 non
1049 677 1228 734 solum
1261 686 1424 735 sonat
1459 679 1686 735 vivendi
1716 679 1932 745 levitas,
1976 677 2070 733 sed

463 762 631 820 etiam
655 765 899 835 gravitas
918 765 1214 834 sentiendi,
1237 775 1528 840 postquam
1555 767 1680 823 Elin
1703 785 1800 840 per
1817 784 2084 839 arrOgan-.

463 851 598 908 tiam
632 852 829 910 leviter
858 855 1148 923 intumuit,
1181 855 1368 912 dicens
1404 875 1416 912 :
1448 857 1578 924 Quis
1605 857 1855 914 narrabit
1881 859 1930 915 ei
1955 876 2072 928 qwe

464 943 697 1013 loquor?
725 958 859 998 mox
886 959 984 1015 per
1009 943 1323 1001 doctrinam
1345 944 1598 1002 subdidit
1623 963 1636 1002 :

674 1081 902 1140 CAPUT
938 1083 1034 1140 XL
1063 1085 1211 1157 (Vet.
1242 1085 1444 1152 XXVI,
1477 1087 1598 1143 Rec.
1631 1085 1827 1160 XXV].

533 1173 670 1228 lem.
692 1172 964 1228 —Etiam
994 1173 1040 1229 si
1071 1174 1274 1230 locutus
1302 1174 1470 1245 fuerit
1497 1175 1672 1241 homo,
1705 1175 2067 1232 devorabitur.

531 1261 615 1316 67.
662 1261 941 1319 Hominem
985 1263 1048 1318 de
1076 1263 1183 1320 Deo
1222 1264 1391 1336 loqui,
1425 1271 1499 1320 est
1533 1282 1722 1320 cwcum
1766 1265 1828 1321 de
1878 1267 2072 1321 lumine

459 1349 810 1407 disserere.——
831 1352 1007 1409 Omne
1037 1353 1186 1426 quod
1211 1353 1426 1427 aliquid
1455 1354 1706 1424 devorat,
1739 1353 1844 1412 hoc
1870 1354 2071 1410 intror-

457 1457 551 1496 sus
579 1440 825 1510 trahens,
855 1441 924 1498 ab
953 1442 1296 1500 intuentium
1343 1444 1522 1502 oculis
1562 1447 1824 1514 occultat,
1872 1452 1926 1501 et
1955 1461 2070 1501 rem

457 1544 578 1602 quae
608 1529 788 1586 videri
824 1531 882 1586 in
909 1532 1203 1604 superﬁcie
1235 1533 1418 1606 potuit
1449 1534 1506 1590 in
1537 1532 1876 1605 profundum
1903 1533 2067 1606 rapit.

457 1619 634 1675 Homo
667 1621 838 1692 igitur
867 1637 994 1678 cum
1025 1623 1094 1678 de
1121 1625 1236 1680 Deo
1267 1632 1430 1693 tacet,
1455 1641 1550 1697 per
1577 1624 1845 1681 rationem
1877 1624 1935 1680 in
1964 1640 2072 1697 qua

455 1716 538 1764 est
563 1709 825 1766 conditus
853 1727 968 1766 esse
998 1712 1213 1784 aliquid
1234 1713 1478 1769 videtur.
1503 1715 1578 1769 At
1607 1715 1653 1769 si
1685 1714 1839 1786 loqui
1866 1713 1934 1770 de
1958 1713 2070 1769 Deo

455 1799 706 1870 cmperit,
735 1799 889 1855 illico
909 1815 1074 1872 quam
1095 1801 1170 1855 sit
1189 1800 1332 1856 nihil
1353 1801 1683 1871 ostenditur,
1713 1804 1842 1876 quia
1863 1803 2070 1874 magni-

463 1851 481 1855 -
917 1851 1074 1872 1———
1189 1851 1332 1856 —-—--
1359 1851 1683 1871 ν--ν---ηκη
1716 1851 1842 1876 1-"—

457 1887 674 1946 tudinis
707 1887 863 1943 illius
882 1887 1255 1946 immensitate
1275 1890 1598 1959 devoratur,
1614 1900 1668 1948 et
1689 1893 1845 1965 quasi
1868 1892 1925 1947 in
1948 1909 2068 1964 pro-
2104 1878 2149 1938 Β
2180 1851 2216 1965 ξί

457 1977 695 2035 fundum
720 1986 911 2052 raptus
936 1980 1316 2052 absconditur,
1342 1984 1474 2056 quia
1495 1984 1598 2040 fari
1620 1983 1955 2041 ineffabilem
1977 2001 2066 2041 cu-

457 2070 638 2144 piens,
679 2070 797 2144 ipsa
825 2088 937 2128 suae
968 2072 1298 2144 ignorantiae
1329 2075 1581 2147 angustia
1611 2075 1935 2150 deglutitur.
1967 2077 2066 2132 Lo-

457 2161 648 2235 quitur
676 2161 826 2217 enim
853 2179 982 2220 caro
1011 2163 1078 2220 de
1107 2163 1330 2237 spiritu,
1353 2165 1809 2239 circumscriptus
1839 2166 2066 2239 spiritus

456 2251 525 2308 de
555 2251 1060 2327 incircumscripto,
1083 2261 1335 2312 creatura
1363 2255 1430 2313 de
1459 2265 1722 2325 creatore,
1748 2257 2068 2330 temporalis

456 2342 523 2398 dc
543 2349 770 2412 aeterno,
791 2345 1078 2403 mutabilis
1099 2345 1165 2403 de
1185 2347 1542 2417 immutabili,
1567 2348 1818 2405 mortalis
1838 2347 1905 2404 de
1925 2349 2010 2402 vix
2026 2347 2065 2403 ὶ-

455 2433 684 2501 ﬁcante;
719 2440 772 2490 et
802 2451 931 2492 cum
962 2435 1020 2492 in
1052 2436 1298 2494 tenebris
1328 2439 1540 2512 positus
1566 2438 1847 2496 internum
1879 2439 2066 2495 lumen

455 2523 598 2580 sicut
625 2531 708 2580 est
737 2525 963 2595 nesciat,
1006 2525 1198 2598 homo,
1229 2527 1298 2585 de
1327 2530 1631 2586 tetemitate
1661 2528 1926 2586 disserere
1960 2546 2069 2586 cu-

455 2613 632 2686 piens,
668 2631 844 2672 caecus
872 2615 938 2672 de
967 2617 1090 2674 luce
1119 2617 1388 2692 loquitur,
1433 2620 1490 2678 Si
1517 2638 1638 2692 ergo
1668 2621 1868 2676 locutus
1901 2619 2068 2690 fuerit

455 2703 628 2771 homo,
670 2703 1033 2774 devorabitur,
1076 2707 1210 2780 quia
1239 2708 1287 2763 si
1317 2709 1471 2764 effari
1503 2709 1672 2765 homo
1702 2711 2065 2766 aeternitatem

456 2792 601 2848 sicut
639 2800 721 2848 est
749 2794 976 2865 appetit,
1026 2795 1191 2852 etiam
1234 2797 1340 2854 hoc
1369 2798 1474 2854 sibi
1505 2798 1784 2855 subtrahit
1823 2799 1969 2872 quod
1999 2797 2066 2853 de

456 2881 555 2938 illa
583 2884 668 2938 vel
699 2883 902 2941 tacitus
936 2887 1126 2944 sentit.
1179 2887 1283 2945 Sed
1313 2905 1436 2946 ecce
1479 2890 1754 2947 aeternitas
1783 2898 1917 2947 tunc
1953 2889 2068 2945 ho-

455 2971 702 3029 minibus
722 2989 852 3029 vere
872 2973 1138 3045 innotuit,
1180 2993 1306 3034 cum
1328 2995 1385 3034 se
1413 2979 1491 3036 eis
1521 2979 1865 3037 humanitate
1885 2997 2065 3038 susce-

453 3068 546 3134 pta
575 3061 924 3120 monstravit.
981 3063 1113 3132 Quae
1143 3067 1273 3138 quia
1300 3067 1538 3126 necdum
1581 3071 1822 3128 revelata
1860 3069 2062 3138 fuerat,

451 3151 518 3210 de
547 3153 754 3211 eisdem
784 3153 1110 3214 hominibus
1137 3164 1283 3214 recte
1308 3157 1664 3233 subjungitur
1691 3178 1705 3218 :

1059 3291 1288 3349 CAPUT
1316 3293 1460 3350 XLI.

525 3377 694 3434 Vens.
727 3379 816 3436 21.
844 3409 914 3421 -
948 3379 1023 3436 At
1048 3398 1188 3437 nunc
1219 3399 1326 3438 non
1356 3382 1536 3438 vident
1563 3381 1747 3438 lucem.
2011 3453 2014 3457 _

523 3466 612 3523 68.
652 3468 760 3524 Per
790 3469 1063 3527 Christum
1093 3473 1190 3528 lua:
1221 3473 1518 3529 hominibus
1545 3473 1924 3543 affulsit—De
1953 3489 2060 3544 qua

453 3555 719 3615 nimirum
744 3559 864 3618 luce
889 3561 1056 3618 etiam
1078 3580 1176 3637 per
1193 3563 1527 3636 Prophetam
1553 3561 1793 3619 dicitur:
1818 3564 2058 3634 Populus

456 3648 468 3682 ’
495 3649 588 3718 qui
613 3652 818 3709 sedebat
845 3655 902 3710 in
929 3656 1173 3723 tenebris,
1203 3656 1340 3711 vidit
1369 3657 1532 3711 lucem
1559 3671 1806 3728 magnam
1833 3657 2053 3726 (Matth.

451 3754 528 3805 1v,
568 3741 662 3807 16;
693 3743 828 3799 Isai.
859 3761 938 3812 rx,
964 3747 1045 3818 2).
1097 3745 1202 3802 Sed
1229 3745 1349 3804 haec
1377 3745 1565 3803 eadem
1598 3745 1696 3800 lux
1726 3745 1962 3818 qualiter
1991 3747 2057 3800 ab

450 3825 774 3888 hominibus
806 3832 1080 3904 videatur,
1103 3834 1370 3903 insinuat,
1393 3851 1520 3891 cum
1551 3835 1806 3906 protinus
1834 3833 2053 3892 subdit:

519 3918 658 3976 Iern.
689 3949 760 3962 -
787 3923 969 3980 Subito
995 3942 1091 3981 aer
1117 3930 1328 3997 cogetur
1358 3924 1414 3979 in
1442 3923 1620 3978 nubes.
1715 3911 1722 3922 ’

522 4009 632 4065 Aer
648 4011 851 4085 quippe
873 4013 949 4070 ita
969 4013 1087 4087 ipsa
1107 4031 1206 4071 sua
1223 4013 1492 4070 tenuitate
1514 4012 1806 4086 spargitur,
1826 4020 1890 4070 ut
1904 4015 2060 4070 nulla

448 4098 712 4156 ﬁrmitate
727 4103 1019 4162 solidetur.
1049 4105 1234 4162 Nubes
1254 4112 1440 4161 autem
1460 4110 1616 4159 tanto
1636 4102 1908 4160 ﬁrmiores
1927 4114 2057 4162 sunt

449 4194 658 4258 quanto
686 4189 988 4248 densiores.
1021 4193 1167 4260 Quid
1197 4210 1325 4265 ergo
1353 4209 1450 4266 per
1493 4208 1673 4248 aerem
1704 4191 1813 4249 nisi
1843 4203 2056 4251 mentes

451 4275 800 4334 saecularium
829 4279 1208 4353 designantur,
1225 4297 1368 4354 quae,
1401 4281 1706 4340 innumeris
1729 4283 1896 4358 hujus
1924 4285 2053 4341 vitae

447 4363 740 4423 desideriis
767 4368 988 4438 deditae,
1022 4369 1133 4428 huc
1163 4371 1404 4448 illucque
1427 4391 1578 4430 more
1597 4374 1738 4430 aeris
1769 4374 1953 4430 ﬂuida:
1973 4374 2052 4430 di-

446 4458 820 4526 sperguntur?
869 4459 975 4516 Sed
1000 4477 1094 4517 aer
1121 4460 1179 4516 in
1224 4463 1398 4520 nubes
1435 4464 1668 4538 cogitur,
1719 4481 1848 4522 cum
1887 4463 2051 4520 ﬂuxa!

444 4551 658 4601 mentes
677 4562 775 4619 per
797 4551 1024 4622 superni
1055 4559 1334 4625 respectus
1353 4555 1584 4628 gratiam
1607 4554 1832 4611 virtutis
1862 4553 2049 4610 solidi-

2179 583 2367 640 suhter
2394 583 2668 656 jacentem
2697 590 2900 638 terram
2931 581 3114 638 verbis
3141 581 3552 655 praedicationis
3577 582 3798 656 irriga-

2181 681 2323 741 rent,
2359 689 2469 746 quo
2499 679 2718 746 peracto
2752 672 3084 740 ministerio,
3112 671 3183 728 ad
3210 672 3338 730 oculi
3366 679 3576 730 secreta
3603 688 3797 731 recur-

2181 769 2384 830 rerent,
2407 771 2571 836 atque
2599 761 2666 817 ad
2697 770 2955 817 eternam
2984 761 3231 834 requiem
3261 760 3423 818 ﬁnito
3453 761 3640 819 labore
3671 779 3798 837 per-

2181 853 2457 908 venirent.
2494 851 2651 908 Unde
2683 855 2828 915 888
2855 861 2910 907 et
2937 851 3076 908 bene
3104 867 3236 908 mox
3265 851 3528 908 subditur
3557 868 3572 909 :

2759 949 2988 1006 CAPUT
3019 949 3187 1005 XLII.

2251 1041 2390 1097 Iern.
2421 1069 2492 1083 —
2520 1041 2594 1096 Et
2621 1047 2806 1096 ventus
2829 1040 3094 1096 transiens
3121 1040 3331 1112 fugabit
3358 1058 3470 1096 eas.

2253 1131 2337 1185 70.
2379 1131 2616 1202 Irrigato
2654 1131 3036 1205 praedicatione
3070 1131 3352 1203 Evangelii
3379 1132 3600 1199 mundo,
3630 1135 3800 1190 nubes

2179 1218 2288 1273 ilice
2313 1237 2348 1274 a
2373 1222 2570 1275 nostris
2599 1223 2767 1277 oculis
2793 1221 3008 1293 fugane.
3041 1251 3113 1264 -
3143 1221 3356 1278 Ventus
3383 1222 3585 1296 quippe
3614 1231 3795 1280 trans-

2181 1308 2298 1364 iens
2325 1316 2408 1365 est
2441 1310 2556 1366 vita
2584 1328 2842 1384 prmsens.
2891 1312 3106 1368 Ventus
3143 1327 3270 1384 ergo
3312 1311 3586 1369 transiens
3615 1313 3799 1369 nubes

2180 1397 2350 1470 fugat,
2401 1402 2531 1473 quia
2579 1402 2829 1458 mortalis
2877 1402 2992 1457 vita
3039 1418 3363 1474 percurrens
3405 1402 3797 1475 praedicatores

2181 1498 2399 1546 sanctos
2427 1507 2459 1546 a
2487 1492 2697 1548 nostris
2723 1492 2900 1548 oculis
2927 1493 3288 1564 corporaliter
3311 1493 3798 1550 occultat.Ventus

2180 1580 2453 1638 transiens
2481 1581 2654 1638 nubes
2676 1582 2853 1654 fugat,
2885 1583 3016 1654 quia
3037 1582 3163 1638 vitae
3184 1584 3500 1655 temporalis
3524 1600 3798 1640 excursus

2181 1689 2212 1727 a
2239 1689 2404 1729 carne
2433 1674 2713 1746 apostolos
2743 1673 3038 1742 subtrahit,
3071 1680 3126 1730 et
3153 1689 3246 1730 eos
3264 1689 3297 1730 a
3313 1681 3472 1731 terra
3499 1675 3795 1747 superﬁcie

2183 1761 2239 1816 in
2272 1771 2482 1819 secreta
2511 1764 2699 1836 requie
2729 1763 2884 1836 quasi
2931 1764 2987 1819 in
3018 1765 3284 1821 caelorum
3314 1764 3539 1821 cardine
3562 1764 3794 1822 abscon-

2220 1852 2282 1909 it.
2316 1853 2420 1909 Sed
2457 1855 2587 1928 quia
2615 1871 2788 1927 usque
2819 1854 2886 1910 ad
2918 1862 3152 1910 mortem
3184 1855 3482 1927 praedicare
3509 1872 3621 1912 non
3650 1855 3796 1910 desi-

2180 1951 2339 2008 nunt,
2373 1951 2426 1998 et
2455 1944 2744 2015 praesentis
2781 1944 2910 2000 vitae
2944 1945 3183 2017 spatium
3211 1961 3363 2001 more
3395 1944 3632 2002 nubium
3660 1962 3796 2002 cum

2177 2029 2472 2087 verborum
2493 2032 2680 2104 pluvia
2705 2044 3029 2103 excurrunt,
3054 2034 3186 2108 quid
3207 2052 3396 2092 eorum
3419 2034 3704 2092 laboribus
3734 2035 3796 2091 in

2178 2127 2365 2175 sancta
2385 2121 2634 2178 Ecclesia
2649 2128 2841 2193 agatur
2861 2121 3028 2194 adjun
3037 2123 3137 2194 git,
3158 2140 3284 2180 cum
3306 2124 3560 2197 protinus
3575 2123 3791 2184 subdit:

2542 2210 2769 2268 CAPUT
2795 2213 2968 2269 XLIII
3003 2211 3146 2286 [Rea
3190 2213 3416 2288 XXVI].

2249 2285 2420 2356 Vnus.
2450 2299 2697 2357 22.—Ab
2725 2303 2991 2373 Aquilone
3016 2285 3216 2359 aur-um
3243 2285 3429 2360 veniet.

2249 2389 2335 2445 71.
2376 2388 2422 2445 Α
2453 2391 2731 2460 gentilibus
2765 2393 3077 2450 Christiana
3108 2394 3291 2466 religio
3307 2395 3646 2466 potissimum
3662 2414 3792 2468 pro-

2172 2485 2389 2550 pagata.
2413 2510 2484 2522 -
2513 2479 2659 2548 Quid
2689 2497 2784 2553 per
2813 2482 3170 2554 Aquilonem,
3203 2484 3313 2540 nisi
3341 2485 3555 2557 peccati
3584 2485 3793 2559 frigore

2177 2569 2478 2626 constricta
2507 2571 2788 2643 gentilitas
2817 2571 3181 2646 designatur?
3212 2591 3378 2648 quam
3404 2574 3499 2632 ille
3527 2575 3633 2633 sub
3651 2576 3792 2650 jugo

2177 2674 2287 2715 sua:
2317 2660 2632 2731 tyrannidis
2663 2662 2844 2718 tenuit
2871 2662 2967 2736 qui
2997 2662 3322 2736 superbiens
3350 2663 3499 2722 dixit
3524 2682 3537 2721 :
3595 2667 3792 2723 Sedebo

2177 2747 2233 2802 in
2265 2755 2436 2804 monte
2467 2752 2779 2818 testamenti,
2803 2753 2858 2806 in
2891 2753 3142 2808 lateribus
3171 2753 3476 2825 Aquilonis,
3505 2756 3794 2812 ascendam

2175 2853 2334 2908 super
2353 2839 2691 2896 altitudinem
2721 2841 2960 2908 nubium,
2990 2841 3182 2898 similis
3210 2859 3300 2899 ero
3324 2844 3604 2903 Altissimo
3625 2845 3786 2916 (Isai.

2177 2944 2296 2997 xxv,
2323 2928 2410 2998 13,
2432 2929 2546 3000 ib).
2569 2930 2719 2999 Quid
2737 2948 2868 2988 vero
2885 2931 3006 2988 auri
3025 2933 3270 3001 nomine,
3289 2933 3398 2990 nisi
3422 2935 3622 2992 animai
3652 2934 3788 2993 ﬁde-

2177 3018 2254 3074 les
2287 3020 2718 3092 exprimuntur?
2743 3023 2822 3078 De
2852 3022 3056 3095 quibus
3082 3040 3179 3096 per
3206 3023 3498 3082 leremiam
3527 3024 3738 3083 dicitur
3771 3045 3783 3083 :

2179 3110 2448 3176 Quomodo
2479 3109 2814 3166 obscuratum
2843 3119 2918 3167 est
2933 3130 3153 3182 aurum,
3179 3120 3412 3170 mutatus
3429 3121 3506 3170 est
3519 3117 3668 3172 color
3693 3134 3786 3188 op-

2179 3197 2334 3254 timus
2366 3199 2591 3269 (Thren.
2615 3216 2694 3268 1v,
2717 3200 2770 3273 1)
2791 3201 2820 3259 Ῡ
2847 3205 3064 3259 Aurum
3083 3203 3286 3278 quippe
3314 3204 3669 3262 obscuratum
3687 3205 3788 3262 do-

2172 3289 2299 3358 luit,
2317 3289 2449 3362 quia
2471 3290 2527 3346 in
2545 3290 2877 3364 quibusdam
2894 3293 3201 3350 claritatem
3218 3292 3549 3352 innocentiae
3564 3311 3786 3352 versam

2171 3378 2228 3434 in
2251 3380 2428 3451 culpae
2451 3380 2796 3453 nigredinem
2824 3382 2989 3440 vidit.
3013 3383 3101 3440 Ab
3129 3384 3406 3458 Aquilone
3423 3401 3553 3458 ergo
3580 3401 3784 3443 aurum

2171 3469 2361 3524 venire
2389 3469 2621 3538 dicitur,
2643 3471 2774 3544 quia
2798 3488 2895 3545 per
2912 3481 3218 3546 respectum
3242 3474 3427 3547 gratiae
3454 3473 3784 3548 Redempto-

2170 3558 2246 3614 ris
2267 3575 2299 3614 a
2319 3559 2624 3631 gentilitate
2644 3560 2854 3618 dudum
2885 3563 3130 3635 perﬁdiae
3159 3572 3378 3637 torpore
3409 3564 3613 3638 frigida
3630 3565 3782 3622 intra

2168 3655 2414 3705 sanctam
2436 3651 2742 3707 Ecclesiam
2773 3651 3013 3723 pretiosa
3042 3654 3156 3710 Deo
3177 3654 3295 3710 vita
3315 3654 3565 3710 ﬁdelium
3591 3655 3788 3712 multi-

2166 3739 2426 3812 plicatur.
2468 3740 2555 3797 Ah
2585 3741 2865 3814 Aquilone
2901 3742 3107 3798 etenim
3137 3759 3335 3800 aurum
3366 3743 3524 3800 venit
3551 3761 3680 3802 cum
3709 3745 3784 3802 ab

2169 3828 2302 3901 ipsis
2331 3830 2611 3888 idolorum
2641 3829 2952 3888 cultoribus
2978 3848 3106 3888 vera
3131 3832 3191 3888 in
3219 3834 3460 3890 Domino
3497 3833 3632 3891 ﬁdes
3655 3835 3780 3891 cla~

2167 3919 2350 3976 rescit.
2381 3919 2487 3976 Sed
2521 3920 2804 3976 conversis
2831 3919 2901 3977 ad
2929 3920 3095 3978 ﬁdem
3122 3921 3400 3994 gentibus,
3428 3923 3617 3981 Iudaea
3645 3941 3778 3982 con-

2167 4007 2412 4077 tradicit,
2438 4010 2458 4043 ²
2481 4009 2616 4066 etad
2648 4009 3006 4082 praemiorum
3024 4011 3444 4070 retributionem
3465 4014 3778 4072 caelestium

2165 4093 2496 4169 dedignatur
2517 4097 2797 4170 suscipere
2823 4115 2916 4155 eos
2940 4101 3036 4174 qui
3057 4100 3267 4158 dudum
3287 4101 3517 4162 fuerant
3533 4103 3777 4160 cultores

2165 4184 2462 4244 idolorum.
2509 4189 2660 4246 Unde
2701 4195 2823 4260 post
2860 4190 3276 4248 conversionem
3329 4192 3574 4265 gentium
3609 4193 3774 4250 Petro

2163 4278 2369 4336 dicitur
2393 4297 2404 4336 :
2441 4282 2620 4350 Quare
2645 4282 2885 4338 introisti
2903 4283 2976 4339 ad
3001 4283 3147 4342 viros
3160 4287 3488 4360 prwputium
3505 4288 3773 4356 habentes,

2162 4376 2210 4424 et
2237 4371 2503 4426 comedisti
2533 4389 2652 4428 eum
2680 4374 2756 4430 eis
2797 4373 2939 4446 (Act.
2969 4391 3051 4444 χι,
3083 4375 3184 4448 3)?
3235 4377 3357 4446 Quo
3392 4386 3587 4436 contra
3625 4387 3774 4436 recte

2162 4476 2258 4533 per
2287 4459 2484 4518 Isaiam
2511 4463 2782 4521 Dominus
2823 4465 2994 4524 dicit:
3029 4466 3221 4524 Dicam
3246 4469 3547 4541 Aquiloni:
3573 4471 3702 4538 Da;
3729 4478 3778 4527 et

2159 4551 2361 4608 Austro
2391 4569 2407 4607 :
2453 4553 2580 4610 Noli
2601 4555 2886 4626 prohibere
2925 4557 3091 4626 (Isai.
3118 4574 3278 4626 xuii,
3311 4559 3394 4632 6).
3439 4560 3598 4619 Sicut
3622 4561 3774 4619 enim

448 4639 555 4691 tate
572 4636 922 4710 roborantur,
941 4649 1004 4698 ut
1028 4622 1173 4700 intra
1189 4622 1376 4702 sinum
1393 4645 1574 4702 cordis
1594 4655 1741 4702 recta
1761 4645 2048 4702 sentiendo
2079 4622 2126 4680 D
2157 4657 2252 4714 per
2280 4622 2620 4716 Aquilonem
2647 4622 2947 4716 gentilitas,
2974 4646 3055 4704 sic
3081 4663 3178 4720 per
3205 4622 3474 4709 Austrum
3495 4651 3686 4710 Iudaea
3702 4652 3774 4709 si-

442 4741 498 4780 se
519 4726 800 4800 colligant,
824 4731 950 4790 etin
972 4734 1130 4790 vanis
1143 4733 1574 4806 cogitationibus
1589 4752 1699 4792 non
1718 4736 2042 4810 liquescant.

512 4816 600 4873 69.
643 4819 838 4876 Petrus
865 4828 911 4876 et
937 4823 1110 4878 cceteri
1143 4824 1374 4894 apostoli
1410 4841 1511 4897 per
1540 4826 1775 4897 gratiam
1805 4825 1860 4880 in
1887 4827 2045 4883 nubes

359 4905 365 4916 ‘
438 4907 675 4964 solidati.
697 4911 893 4966 —Aer
921 4912 1116 4968 Petrus
1144 4913 1342 4981 fuerat,
1375 4930 1502 4970 cum
1531 4931 1630 4988 per
1662 4924 1878 4972 terrena
1903 4914 2040 4972 desi-

439 4994 592 5053 deria
609 5014 850 5072 sparsus,
881 5017 1009 5058 eum
1032 5002 1189 5075 quasi
1211 5017 1346 5057 aura
1375 5004 1647 5061 transiens
1664 5022 1764 5078 pro
1784 5007 1900 5063 vita
1927 5024 2040 5066 car-

437 5087 525 5142 nis
561 5105 692 5148 cura
739 5091 1063 5166 piscationis
1105 5091 1344 5164 agitabat
1393 5096 1607 5166 (Matth.
1639 5113 1715 5164 IV,
1766 5099 1878 5168 18).
1931 5099 2041 5154 Aer

438 5176 604 5234 etiam
635 5181 870 5252 apostoli
891 5197 1084 5238 omnes
1115 5183 1460 5252 exstiterant,
1485 5186 1578 5258 qui
1594 5185 1709 5258 jam
1740 5203 1836 5260 per
1863 5189 2037 5260 legem

437 5266 548 5321 alta
573 5266 902 5338 didicerant,
953 5269 1048 5326 sed
1076 5271 1313 5329 necdum
1343 5290 1440 5346 per
1469 5274 1633 5332 ﬁdem
1665 5276 1826 5334 ﬁrma
1849 5279 2036 5350 sapie-

436 5354 571 5411 bant
603 5356 818 5429 (Ibid).
847 5359 1044 5418 Subito
1073 5371 1255 5420 autem
1283 5379 1375 5420 aer
1404 5364 1462 5420 in
1491 5365 1664 5422 nubes
1689 5375 1912 5425 coactus
1931 5377 2034 5437 est,

437 5445 569 5518 quia
597 5464 694 5520 per
725 5459 1031 5522 respectum
1059 5471 1306 5528 supernae
1355 5457 1542 5529 gratiae
1571 5457 1721 5514 ﬂuxa
1749 5459 1915 5517 corda
1942 5460 2039 5534 pi-

437 5537 709 5595 scantium
740 5539 799 5595 in
831 5542 1165 5601 soliditatem
1188 5563 1342 5604 versa
1364 5557 1493 5604 sunt
1508 5549 1952 5620 praedicatorum,
1976 5557 2038 5606 ut

438 5643 626 5684 eorum
667 5629 901 5688 inﬁrmaa
931 5635 1288 5706 cogitationes
1326 5639 1490 5696 fortia
1519 5641 1806 5698 sentiendo
1833 5642 2038 5698 dense-

513 5794 2031 5874 1litlit._Basil.l_iilb,quiambulabat..Ailizn,quiambulat.

508 5866 530 5900 ³
551 5867 746 5924 l’ratel.
772 5878 822 5924 et
850 5871 1012 5939 Μέθη
1047 5866 1356 5943 (idprwmia
1389 5866 1817 5930 z‘eh‘ibuiioiium.

2157 4740 2376 4804 gnatur,
2407 4749 2529 4804 quae
2553 4733 2710 4804 quasi
2732 4734 3041 4792 meridiano
3071 4737 3186 4794 sole
3216 4737 3470 4810 incaluit,
3495 4741 3647 4816 quia,
3669 4743 3772 4800 Re-

2156 4821 2441 4894 demptore
2483 4823 2540 4879 in
2569 4839 2732 4880 carne
2764 4836 3080 4898 apparente,
3123 4827 3397 4886 fervorem
3429 4831 3560 4889 ﬁdei
3590 4833 3774 4906 prima

2153 4912 2416 4986 suscepit.
2461 4913 2730 4986 Aquiloni
2759 4932 2888 4988 ergo
2916 4917 2988 4973 da
3015 4916 3224 4975 dicitur
3253 4936 3382 4978 cum
3425 4921 3622 4981 oﬁ'erre
3657 4925 3773 4982 Deo

2151 5020 2262 5061 suae
2283 5004 2415 5061 ﬁdei
2437 5021 2669 5062 munera
2689 5007 2970 5080 gentilitas
2999 5008 3322 5083 imperatur.
3349 5012 3557 5072 Austro
3582 5023 3768 5072 autem

2143 5093 2374 5168 jubetur
2400 5111 2469 5152 ne
2497 5095 2810 5168 prohibeat,
2829 5097 2961 5172 quia
2975 5099 3222 5158 Hebraeis
3237 5101 3296 5158 in
3314 5101 3424 5159 ﬁde
3450 5105 3772 5164 consisten-

2147 5187 2300 5245 tibus
2327 5187 2648 5262 praecipitur
2665 5191 2686 5226 ³
2717 5207 2788 5246 ne
2813 5191 2985 5250 vitam
3017 5196 3263 5267 gentium
3295 5198 3612 5272 repellendo
3638 5216 3769 5256 con-

2145 5277 2430 5334 demnent.
2487 5277 2644 5334 Unde
2687 5278 2780 5336 hic
2818 5296 3038 5354 quoque
3088 5286 3215 5358 quia
3260 5284 3475 5343 dictum
3517 5296 3636 5343 est:
3683 5287 3768 5344 Ab

2147 5366 2412 5438 Aquilone
2438 5384 2637 5423 aurum
2665 5369 2855 5434 veniet,
2885 5380 3008 5442 apte
3037 5372 3391 5448 subjungitur
3423 5393 3436 5432 :

2717 5458 2946 5516 CAPUT
2985 5461 3181 5520 XLIV.

2218 5555 2352 5608 lem.
2385 5584 2455 5595 —
2484 5555 2558 5609 Et
2583 5575 2619 5610 a
2647 5557 2755 5612 Deo
2784 5557 3135 5626 fonnidolosa
3171 5560 3432 5617 laudatio.

2219 5643 2305 5698 72.
2346 5644 2423 5699 De
2449 5645 2679 5713 gentium
2713 5648 3049 5704 conversione
3081 5650 3310 5721 apostoli
3347 5657 3396 5706 et
3431 5651 3535 5708 alii
3563 5670 3630 5707 ex
3657 5653 3758 5708 cir-

2219 5807 2238 5838 ³
2276 5804 2534 5872 Vindoc.,
2585 5824 2646 5860 ne
2680 5807 2842 5862 vitam
2870 5809 3142 5879 gentilium
3187 5813 3484 5882 repellenda
3517 5820 3760 5869 contem-

2145 5895 2248 5930 nan
2259 5884 2294 5933 t.
