3920 6374
134 407 238 466 ibi

846 406 1220 467 MORALIUM
1256 408 1391 465 LIB.
1427 405 1660 467 XXVII.
1700 437 1771 452 -
1808 409 1880 467 IN
1917 407 2145 467 CAPUT
2182 410 2449 468 XXXVII
2490 414 2551 469 Β.
2591 414 2733 470 10B.

3360 416 3465 475 442

131 533 454 592 cunicisione
476 534 659 608 ﬁdeles
684 535 853 593 Deum
875 536 1419 596 laudauerunt—Sic
1445 537 1595 595 enim
1628 538 1756 595 for-
1783 538 1836 599 A
1861 539 1921 595 in
1954 540 2052 597 illo
2079 540 2349 597 sentimus
2377 555 2447 596 ex
2472 540 2579 597 ﬁde
2609 548 2713 609 est,
2737 544 2759 577 °
2782 548 2836 598 et
2864 557 2975 601 non
3005 560 3076 602 ex
3104 546 3307 621 specie.
3343 548 3464 608 Hoc

137 624 417 683 midolosa
444 625 690 683 laudatio
710 643 743 683 a
770 626 883 683 Deo
910 628 925 662 ¹
956 627 1146 683 venire
1170 627 1395 697 dicitur,
1420 645 1483 685 ac
1503 628 1548 683 si
1569 628 1637 683 ab
1659 629 1746 686 bis

136 715 317 789 quiin
339 722 498 789 parte
515 716 617 772 Dei
633 723 782 784 sunt,
806 716 864 773 id
884 723 967 774 est
985 735 1017 774 a
1039 717 1319 786 ﬁdelibus,
1345 717 1367 753 ³
1389 719 1580 775 venire
1601 718 1745 776 dice-

135 818 311 869 retur.
336 811 494 868 Auro
525 810 695 882 igtiur
712 811 780 868 ab
796 812 1073 885 Aquilone
1103 812 1383 882 veniente,
1416 827 1448 868 a
1477 814 1592 871 Deo
1623 814 1746 870 for-

136 902 417 960 midolosa
445 901 693 959 laudatio
720 901 947 975 prodiit,
982 902 1115 977 quia
1134 902 1266 960 dum
1296 903 1604 961 claritatem
1631 922 1747 961 suae

136 992 267 1050 ﬁdei
302 992 585 1065 gentilitas
613 991 833 1059 obtulit,
866 992 1166 1049 multitudo
1208 992 1560 1049 Hebraeorum
1618 993 1747 1050 fide-

135 1083 281 1141 lium
313 1084 510 1140 divina
519 1082 732 1156 judicia
753 1084 1192 1155 pertimescendo
1214 1085 1595 1143 laudavit.Sed
1617 1102 1748 1160 quo-

137 1174 311 1232 modo
338 1173 411 1232 ab
440 1173 717 1248 Aquilone
758 1174 945 1230 veniat
991 1191 1211 1245 aurum,
1253 1176 1530 1250 quomodo
1564 1176 1631 1233 ab
1660 1176 1749 1232 his

138 1263 237 1338 qui
267 1262 375 1321 sub
398 1264 514 1320 Deo
543 1270 673 1320 sunt
691 1262 1055 1321 formidolosa
1075 1263 1320 1321 laudatio
1341 1273 1613 1339 erumpat,
1634 1267 1749 1339 ipsa

139 1352 309 1411 nobis
336 1352 722 1411 bistoriasacri
743 1354 949 1427 eloquii
972 1353 1230 1411 ostendit.
1259 1354 1535 1428 Scriptum
1548 1356 1749 1429 quippe

140 1452 222 1501 est
255 1461 268 1500 :
307 1444 592 1501 Cornelius
635 1444 873 1499 centurio
910 1444 1137 1500 cohortis
1157 1461 1275 1516 quis
1309 1445 1508 1501 dicitur
1535 1445 1747 1515 Italica,

140 1535 431 1608 retigiosus
451 1542 501 1591 et
530 1535 714 1591 timens
738 1534 928 1601 Deum,
949 1551 1065 1590 cum
1084 1535 1228 1590 omni
1242 1535 1394 1591 domo
1413 1554 1533 1603 sua,
1550 1536 1750 1608 faciens

141 1627 499 1698 eleanosynas
525 1626 722 1681 multas
743 1624 908 1697 plebi,
934 1632 983 1681 et
1005 1626 1288 1698 deprecans
1314 1628 1484 1684 Deum
1526 1644 1748 1700 semper,

142 1715 282 1772 vidit
302 1716 361 1772 in
379 1716 500 1771 visu
521 1713 817 1786 manifeste,
848 1714 1003 1786 quasi
1030 1716 1164 1771 hora
1193 1717 1296 1772 diei
1324 1734 1488 1784 nona,
1508 1718 1753 1789 angelum

140 1806 245 1863 Dei
262 1806 616 1862 introeuntem
650 1804 724 1861 ad
749 1821 823 1871 se,
851 1810 901 1860 et
928 1804 1179 1861 dicentem
1220 1806 1322 1861 sibi
1350 1824 1366 1862 :
1402 1806 1635 1863 Corneli.
1680 1807 1753 1863 At

1853 638 2036 687 tamen
2070 630 2218 704 quod
2256 629 2372 702 jam
2404 646 2462 687 se
2506 629 2785 687 invenisse
2828 633 3139 691 considerat
3183 636 3460 711 adjungit,

1854 721 2044 779 dicens
2076 738 2088 777 :
2718 742 2727 750 -

1923 812 2060 868 Inm.
2086 841 2159 855 -
2185 812 2409 884 Magnus
2436 810 2749 882 fortitudine
2776 818 2826 869 et
2842 811 3051 884 judicio
3077 819 3127 869 et
3144 812 3381 883 justitia,
3416 822 3464 875 et

1856 902 2110 959 enarrari
2138 919 2243 958 non
2266 909 2453 975 potest.

1927 994 2155 1066 Magnus
2185 992 2386 1067 quippe
2407 1001 2488 1049 est
2519 992 2876 1062 fortitudine,
2896 994 3030 1069 quia
3048 995 3245 1053 fortem
3269 996 3464 1054 adver-

1857 1081 2062 1139 sarium
2092 1092 2329 1156 superat,
2360 1091 2414 1139 et
2453 1084 2521 1139 de
2550 1083 2716 1139 domo
2742 1084 2894 1141 illius
2924 1102 3054 1142 vasa
3106 1087 3459 1143 contumeliae

1856 1174 2109 1231 auferens
2137 1175 2194 1230 in
2227 1174 2617 1233 misericordias
2648 1192 2777 1233 vasa
2805 1185 3100 1250 permutat.
3119 1176 3354 1250 Magnus
3365 1177 3455 1251 ju-

1857 1263 2025 1333 dicio,
2055 1264 2184 1339 quia
2204 1264 2306 1322 etsi
2320 1265 2413 1323 hic
2432 1267 2635 1323 electos
2659 1283 2787 1325 suos
2802 1284 2897 1341 per
2910 1268 3140 1326 adversa
3159 1268 3451 1342 deprimit,

1857 1372 1950 1412 eos
1970 1356 2298 1429 quandoque
2334 1355 2389 1411 in
2409 1355 2583 1429 gloria
2612 1365 2830 1414 aeternae
2860 1360 3243 1433 prosperitatis
3271 1360 3466 1417 extol-

1857 1446 1942 1503 lit.
1965 1448 2193 1519 Magnus
2216 1445 2458 1519 justitia,
2490 1445 2620 1520 quia
2640 1447 2743 1502 etsi
2773 1446 2865 1504 hic
2896 1448 2993 1504 diu
3024 1450 3245 1517 tolerat,
3271 1464 3459 1522 quan-

1858 1536 2036 1609 doque
2064 1543 2249 1592 tamen
2298 1535 2559 1608 reprobos
2588 1535 2708 1592 sine
2757 1537 2996 1595 termino
3039 1538 3284 1597 damnat.
3318 1538 3463 1595 Bene

1860 1635 2041 1684 autem
2072 1625 2330 1683 subditur
2361 1643 2372 1681 :
2407 1628 2482 1682 Et
2508 1625 2761 1681 enarrari
2795 1642 2903 1682 non
2926 1633 3113 1698 potest.
3135 1629 3156 1663 ⁷
3183 1626 3289 1695 Qui
3314 1628 3462 1685 enim

1860 1718 2053 1776 sentiri
2084 1718 2248 1789 digne
2268 1732 2380 1772 non
2411 1716 2582 1784 valet,
2612 1723 2824 1789 quanto
2844 1716 3030 1773 minus
3044 1716 3155 1774 dici
3176 1718 3207 1774 ?
3233 1717 3337 1774 Sed
3355 1734 3463 1774 me-

1861 1809 1969 1865 lius
1993 1808 2145 1865 bunc
2172 1815 2454 1880 utcunque
2482 1805 2747 1873 dicimus,
2778 1805 2822 1861 si
2854 1805 2957 1862 sub
3004 1805 3465 1864 considerationis

142 1896 234 1952 me
263 1898 285 1932 ³
318 1896 529 1954 inme”
554 1914 693 1966 eum,
717 1898 904 1954 είηιονϐ
944 1903 1218 1969 οοννεΡιῖιδ
1256 1898 1400 1953 dixit
1420 1914 1436 1953 ο·
1464 1899 1593 1966 Quis
1607 1902 1751 1961 887
1780 1909 1827 1971 Β
1857 1903 1976 1977 ejus
2005 1896 2304 1957 formidine
2334 1894 2659 1951 admirando
2687 1902 2984 1950 taceamus.
3020 1896 3283 1968 Sequitur
3317 1912 3328 1953 :

142 2011 215 2065 es,
234 1994 500 2052 Domine?
519 1995 677 2054 Dixit
702 2002 876 2053 autem
899 1996 981 2053 illi
1010 2014 1027 2051 :
1052 1995 1330 2054 Orationes
1358 2002 1458 2053 tua:
1477 2001 1525 2052 et
1543 1999 1752 2054 eleemo-

142 2102 288 2157 syria:
318 2091 425 2141 tiae
449 2086 795 2141 ascenderunt
819 2086 877 2140 in
914 2086 1224 2141 memoriam
1252 2086 1309 2141 in
1357 2094 1630 2159 conspectu
1653 2089 1754 2145 Dei

146 2175 292 2247 (Aet.
318 2191 378 2244 χ,
400 2176 427 2233 1
458 2176 614 2249 seq.).
634 2179 847 2232 Aurum
875 2192 1003 2248 ergo
1042 2175 1109 2232 ab
1130 2177 1407 2249 Aquilone
1422 2178 1597 2246 venit,
1620 2178 1752 2236 dum

144 2268 201 2324 in
220 2275 532 2340 conspectu
551 2267 650 2325 Dei
667 2283 736 2324 ex
770 2267 1026 2340 gentibus
1046 2283 1171 2323 cum
1194 2268 1558 2341 eleemosynis
1579 2270 1755 2326 oratio

143 2358 415 2415 ascendit.
434 2356 593 2426 Quod
616 2374 743 2414 cum
766 2358 960 2414 Petrus
981 2357 1247 2415 fratribus
1266 2358 1542 2415 retulisset
1566 2359 1752 2433 (Ibid.,

146 2447 258 2520 i2),
283 2445 566 2520 quomodo
582 2447 670 2503 vel
691 2446 982 2505 Cornelius
995 2449 1273 2521 angelum,
1298 2449 1387 2504 vel
1408 2448 1521 2521 ipse
1536 2448 1603 2504 de
1617 2449 1755 2505 cmlo

141 2536 404 2595 submitti
433 2536 502 2593 ad
531 2553 588 2593 se
617 2536 849 2593 linteum
876 2553 1002 2595 cum
1029 2535 1221 2594 bestiis
1251 2537 1542 2610 reptilibus
1554 2555 1617 2595 ac
1647 2555 1757 2593 vo-

144 2627 399 2684 latilibus
416 2625 762 2692 vidisset,vel
784 2625 1063 2699 quomodo
1079 2627 1321 2699 Spiritus
1343 2614 1569 2684 sanctus
1590 2627 1755 2683 etiam

141 2724 267 2773 ante
286 2715 564 2789 baptisma
584 2715 875 2789 gentilium
905 2715 1071 2773 corda
1113 2716 1439 2789 perfuderit,
1471 2718 1566 2791 qui
1610 2733 1758 2772 nun-

142 2822 309 2880 quam
345 2805 408 2861 in
437 2805 753 2861 Iudaeorum
778 2804 1061 2861 mentibus
1082 2805 1194 2860 nisi
1216 2813 1341 2877 post
1359 2821 1558 2878 aquam
1580 2805 1755 2877 bapti-

141 2895 335 2952 smatis
367 2893 544 2963 venit,
570 2892 823 2966 protinus
852 2893 1118 2967 scriptum
1165 2901 1249 2949 est
1280 2909 1293 2947 :
1327 2894 1425 2949 His
1454 2894 1653 2950 auditis
1685 2902 1757 2952 ta-

140 2991 390 3052 cuerunt,
421 2990 468 3041 et
492 2984 929 3056 gloriﬁcaverunt
972 2985 1163 3053 Deum,
1216 2986 1441 3040 dicentes
1475 3002 1487 3040 :
1520 2987 1668 3058 Ergo
1713 2993 1762 3042 et

139 3075 534 3149 gentibusDeus
544 3073 907 3146 paenitentiam
929 3075 1001 3130 ad
1018 3075 1180 3129 vitam
1197 3075 1340 3130 dedit
1362 3075 1503 3148 (Act.
1534 3092 1615 3145 x1,
1644 3076 1755 3149 18).

138 3163 446 3223 Multitudo
478 3181 607 3237 ergo
636 3164 893 3221 ﬁdelium
914 3166 934 3199 ‘
964 3164 1388 3222 formidolosam
1406 3166 1757 3223 Deolaudem

2211 1985 2439 2044 CAPUT
2466 1984 2642 2042 xm
2672 1983 2816 2059 [Rea
2850 1983 3110 2059 XXVII].

1933 2081 2107 2138 Vens.
2135 2077 2224 2134 24.
2255 2106 2326 2118 -
2360 2075 2483 2131 Ideo
2514 2074 2763 2130 timebunt
2786 2089 2904 2128 eum
2938 2073 3064 2140 viri,
3101 2079 3151 2129 et
3175 2089 3282 2129 non
3309 2074 3468 2131 aude-

1863 2174 1992 2231 bunt
2008 2168 2354 2241 contemplari
2373 2183 2547 2223 omnes
2561 2167 2654 2239 qui
2672 2165 2774 2221 sibi
2792 2165 3039 2221 videntur
3054 2183 3159 2223 esse
3188 2167 3465 2239 sapientes.

1937 2264 2025 2321 75.
2057 2263 2161 2331 Qui
2184 2267 2317 2316 recte
2336 2258 2743 2332 praedicant,sed
2759 2274 2867 2312 non
2888 2258 3090 2326 vivunt,
3111 2257 3469 2315 damnationis

1864 2369 1973 2409 sua:
1986 2365 2252 2424 praecones
2280 2349 2434 2420 ﬁunt.
2465 2375 2537 2388 —
2556 2346 2672 2403 Hoc
2689 2344 2812 2401 loco
2833 2343 2966 2400 Eliu
3002 2342 3154 2401 viros
3172 2359 3265 2401 eos
3284 2344 3380 2419 qui
3396 2344 3471 2401 ad

1865 2439 2292 2513 intelligentiam
2308 2443 2441 2495 sunt
2458 2436 2629 2493 fortes
2642 2434 2981 2507 appellat.Et
2997 2433 3304 2491 notandum
3321 2433 3471 2508 quod

1866 2549 1979 2590 non
2013 2531 2091 2589 ait
2140 2548 2151 2586 :
2193 2531 2267 2586 Et
2302 2544 2412 2585 non
2445 2525 2729 2583 audebunt
2761 2524 3126 2597 contemplari
3154 2524 3467 2597 sapientes;

1866 2622 1984 2691 sed,
2010 2620 2113 2690 Qui
2141 2620 2240 2676 sibi
2266 2620 2513 2675 videntur
2540 2631 2645 2671 esse
2674 2614 2951 2687 sapientes.
2976 2612 3190 2683 Quibus
3211 2613 3475 2671 videlicet

1868 2718 2053 2774 verbis
2082 2717 2288 2791 peritos
2317 2714 2563 2788 quidem,
2587 2712 2683 2770 sed
2711 2720 3027 2785 arrogantes
3048 2711 3313 2768 insinuat.
3340 2711 3472 2768 Eliu

1869 2825 1997 2880 ergo
2018 2808 2152 2864 dum
2175 2806 2348 2862 multa
2367 2804 2588 2861 fortiter
2611 2803 2803 2870 sentit,
2833 2802 2892 2858 in
2914 2801 3212 2859 locutionis
3230 2817 3342 2859 suis
3362 2800 3474 2857 ﬁne

1870 2912 1926 2951 se
1952 2895 2156 2967 tetigit.
2179 2894 2303 2950 Viri
2323 2909 2562 2965 namque
2582 2898 2905 2965 arrogantes
2924 2899 2979 2947 et
3007 2890 3156 2948 docti
3186 2906 3313 2948 cum
3329 2898 3475 2947 recte

1869 3005 1983 3045 non
2002 2987 2224 3057 vivunt,
2240 2986 2340 3043 sed
2367 2994 2552 3042 tamen
2577 2992 2728 3041 recta
2748 2984 2930 3041 dicere
2958 2982 3226 3039 doctrinas
3259 2983 3476 3056 impul-

1870 3079 2122 3137 sionibus
2153 3077 2586 3150 compelluntur,
2616 3074 2722 3148 ipsi
2743 3072 3119 3131 damnationis
3132 3089 3246 3129 suae
3260 3071 3472 3148 aliquo-

1869 3168 2035 3226 modo
2064 3182 2342 3242 praecones
2391 3164 2557 3233 ﬁunt,
2589 3164 2720 3238 quia
2762 3161 2897 3219 dum
2926 3178 2990 3219 ea
3036 3178 3158 3236 qua:
3191 3177 3349 3235 agere
3378 3178 3476 3218 re-

141 3255 374 3326 obtulit,
406 3273 548 3329 quae,
586 3255 814 3312 salvatis
849 3255 1127 3328 gentibus,
1155 3272 1187 3311 a
1234 3272 1334 3313 suo
1363 3273 1420 3312 se
1450 3273 1753 3328 murmure,
1792 3274 1836 3335 ί]
1865 3268 2072 3334 spuunt
2116 3259 2476 3333 praedicantes
2496 3255 2805 3324 insinuant,
2830 3254 2968 3311 l“suis
2998 3258 3143 3318 888
3163 3270 3221 3311 se
3240 3253 3473 3312 vocibus

141 3346 292 3403 dona
326 3345 567 3404 caelestis
596 3346 783 3418 gratiae
825 3344 1175 3413 admirando,
1206 3347 1554 3418 compressit.
1601 3347 1754 3403 Unde

142 3436 261 3508 ipse
292 3450 516 3509 quoque
530 3435 728 3491 Petrus
755 3434 1011 3503 miratur,
1036 3433 1226 3490 dicens
1261 3451 1271 3490 :
1304 3436 1369 3491 In
1391 3436 1755 3492 veritatecom-

138 3527 260 3600 peri
303 3525 450 3597 quod
492 3542 599 3581 non
644 3531 722 3581 est
757 3542 1118 3597 personarum
1164 3532 1406 3598 acceptor
1434 3527 1577 3583 Deus
1611 3526 1753 3599 (Act.

144 3633 201 3685 Χ,
214 3613 405 3744 ﬁgit
428 3686 489 3741 de
507 3686 817 3742 Judworum
836 3686 1209 3757 reprobatione
1230 3686 1537 3743 timuerunt.
1561 3718 1632 3730 —
1652 3687 1758 3744 Sed

143 3793 272 3836 cum
305 3783 496 3849 gentes
524 3774 691 3833 ﬁdem
710 3776 1155 3848 suscipiunt,cur
1175 3776 1242 3832 ab
1263 3776 1342 3832 eis
1368 3777 1463 3850 qui
1489 3776 1605 3849 jam
1627 3777 1755 3833 ﬁde-

144 3868 223 3924 les
238 3872 376 3924 sunt
394 3864 758 3923 formidolosa
778 3866 969 3922 venire
991 3865 1235 3922 laudatio
1255 3866 1613 3935 dicitur,cum
1639 3868 1760 3924 laeta

145 3957 340 4015 venire
369 3954 556 4030 potius
585 3972 750 4031 quam
780 3955 1143 4012 formidolosa
1170 3955 1499 4015 debuisset?
1529 3958 1635 4014 Sed
1664 3958 1760 4015 id-

142 4048 298 4107 circo
325 4047 611 4104 conversis
656 4046 933 4119 gentibus,
965 4046 1032 4103 ab
1064 4046 1311 4103 Hebraeis
1344 4046 1460 4120 jam
1502 4048 1759 4105 fidelibus

144 4137 512 4196 formidolosa
539 4136 784 4194 laudatio
812 4136 1041 4210 prodiit,
1073 4137 1203 4211 quia
1233 4138 1497 4194 nimirum
1510 4137 1759 4210 justeJu-

144 4230 265 4288 daaa
293 4229 516 4302 repulsa
542 4234 644 4297 est,
703 4229 837 4286 dum
886 4228 973 4301 pie
1012 4236 1097 4285 est
1126 4230 1403 4301 gentilitas
1446 4239 1674 4299 vocata;
1707 4241 1761 4288 et

144 4320 353 4378 damna
379 4335 494 4376 sua:
518 4318 852 4391 repulsionis
882 4316 1092 4386 timuit,
1124 4317 1259 4375 dum
1282 4320 1435 4377 lucra
1450 4320 1644 4379 alienae
1665 4339 1758 4378 vo-

144 4408 388 4468 cationis
412 4407 578 4465 vidit.
612 4407 768 4465 Unde
795 4424 895 4465 nos
928 4424 1148 4482 quoque
1189 4409 1461 4482 quotidie,
1492 4411 1625 4469 dum
1655 4412 1758 4468 ini-

146 4517 289 4575 quos
313 4515 565 4574 quosque
590 4498 661 4556 ad
690 4498 1033 4572 inopinatam
1056 4499 1185 4556 vitae
1203 4500 1591 4559 celsitudinem
1618 4520 1761 4576 pro-

1866 3360 2155 3417 damnatos
2175 3361 2436 3417 clamant.
2460 3357 2663 3415 Contra
2684 3370 2823 3428 quos
2848 3353 2986 3409 bene
3007 3368 3104 3425 per
3124 3350 3470 3409 Psalmistam

1864 3450 2118 3509 dicitur:
2157 3448 2410 3506 Conversi
2454 3452 2577 3502 sunt
2621 3446 2679 3501 in
2724 3460 2911 3500 arcum
2935 3457 3247 3516 perversum
3295 3439 3471 3513 (Psal.

1866 3557 2086 3609 Lxxvn,
2104 3540 2223 3612 57).
2254 3540 2431 3595 Arcus
2445 3537 2650 3611 quippe
2677 3551 2971 3609 pervorsus
2996 3533 3177 3606 ipsum
3205 3549 3239 3588 a
3262 3547 3372 3605 quo
3392 3531 3472 3587 in-

1867 3628 2116 3686 tenditur
2143 3628 2403 3702 percutit.
2443 3628 2505 3683 In
2537 3624 2703 3683 dictis
2730 3632 2914 3680 autem
2941 3622 3056 3679 suis
3083 3619 3469 3694 arrogantium

1868 3720 2073 3793 linguai
2104 3718 2259 3776 arcui
2291 3733 2549 3792 perverso
2573 3721 2703 3772 sunt
2717 3714 2948 3782 similes,
2970 3712 3100 3786 quia
3116 3710 3251 3769 dum
3281 3716 3475 3766 contra

1867 3813 2165 3871 elationem
2194 3810 2364 3867 verba
2393 3808 2606 3866 faciunt
2650 3808 2709 3863 in
2737 3806 2853 3863 suis
2895 3802 3216 3863 auctoribus
3246 3799 3474 3874 sagittas

1868 3901 2064 3974 ﬁgunt.
2085 3900 2239 3958 Unde
2254 3915 2472 3956 summa
2486 3913 2619 3955 cura
2638 3894 3043 3969 providendum
3066 3899 3148 3948 est
3166 3907 3236 3947 ne
3250 3898 3471 3962 accepta

1869 3990 2159 4064 sapientia,
2177 4005 2303 4046 cum
2324 3986 2650 4060 ignorantia:
2669 3982 2923 4041 tenebras
2952 3980 3260 4048 illuminat,
3283 3980 3472 4035 lumen

1868 4081 2200 4140 humilitatis
2255 4080 2436 4147 tollat,
2467 4086 2522 4133 et
2566 4077 2680 4150 jam
2727 4073 3000 4147 sapientia
3045 4089 3160 4129 esse
3213 4078 3468 4146 nequeat.

1868 4172 2001 4241 Quae
2030 4170 2130 4227 etsi
2153 4170 2358 4226 virtute
2387 4166 2685 4223 locutionis
2714 4164 2940 4237 fulgeat,
2985 4162 3247 4219 elationis
3284 4170 3469 4219 tamen

1870 4261 2143 4318 velamine
2171 4276 2267 4317 cor
2292 4257 2571 4333 loquentis
2599 4256 2880 4313 obscurat.

1941 4351 2027 4408 76.
2052 4350 2181 4407 Alia
2202 4349 2336 4405 bona
2369 4364 2596 4417 summa,
2634 4346 2750 4402 alia
2777 4343 2969 4400 media.
2991 4371 3063 4384 —-
3081 4340 3208 4398 Alia
3235 4355 3471 4413 namque

1868 4450 2000 4499 sunt
2020 4443 2165 4501 bona
2191 4457 2428 4509 summa,
2451 4438 2560 4495 alia
2574 4438 2721 4495 bona
2740 4435 2941 4494 media.
2962 4435 3115 4491 Bona
3140 4433 3286 4491 enim
3310 4448 3471 4488 sum-

1869 4549 1957 4587 ma
1984 4540 2135 4600 sunt,
2168 4531 2324 4600 ﬁdes,
2370 4547 2512 4604 spes,
2545 4528 2808 4586 charitas.
2841 4527 2976 4595 Quas
3020 4541 3148 4583 cum
3203 4521 3473 4579 veraciter

145 4591 281 4650 vehi
309 4596 536 4665 repente
562 4588 957 4661 conspicimus,
1004 4587 1106 4645 sub
1136 4590 1374 4646 occultis
1394 4592 1493 4647 Dei
1524 4591 1753 4665 judiciis

146 4679 399 4705 ιε-.-..Δ-
434 4678 727 4705 ..-κλμ-...κη
784 4694 849 4705 ...Α
877 4694 972 4705 ...Α-
1018 4678 1227 4705 Αηηηιι..
1262 4677 1462 4705 ε..,ι;-ε-
1499 4681 1753 4705 -..--Α1-...

1874 4621 2232 4690 habentur,in
2253 4587 2461 4677 malum
2498 4618 2708 4676 inﬂecti
2728 4634 2840 4675 non
2859 4614 3268 4690 possunt.Bona
3286 4620 3469 4669 autem

146 4679 402 4739 timendo
430 4678 750 4753 gaudemus,
783 4694 850 4733 ne
877 4694 972 4750 per
1017 4678 1234 4735 occulta
1255 4677 1469 4751 judicia
1495 4681 1761 4754 quosdam

146 4772 298 4828 Deus
325 4769 424 4843 qui
454 4768 608 4842 digni
639 4775 903 4842 putantur
931 4766 1165 4836 deserat,
1216 4766 1311 4841 qui
1340 4784 1435 4840 per
1465 4768 1582 4827 haec
1610 4771 1678 4827 ad
1707 4788 1763 4828 se

147 4877 241 4918 eos
270 4860 369 4933 qui
399 4857 618 4932 indigni
646 4858 995 4915 aestimantur
1024 4864 1208 4914 vocat.
1243 4857 1509 4931 Sequitur
1542 4876 1554 4915 :

756 4974 983 5032 CAPUT
1012 4972 1183 5032 XLV.

221 5100 400 5157 Vens.
434 5096 525 5155 23.
564 5126 636 5137 —
662 5094 832 5167 Digne
860 5111 977 5150 eum
1004 5092 1241 5149 invenire
1268 5110 1372 5148 non
1392 5111 1693 5165 possumus.

1872 4721 2002 4769 sunt
2030 4712 2232 4780 media,
2262 4710 2572 4784 prophetia,
2603 4707 2877 4777 doctrina,
2900 4704 3252 4763 curationum
3268 4701 3471 4769 virtus,

1872 4810 1927 4858 et
1954 4810 2149 4859 caetera
2175 4801 2232 4874 (Ι
2261 4801 2387 4857 Cor.
2420 4817 2522 4869 χιι,
2557 4800 2673 4871 10),
2715 4813 2837 4873 qua:
2878 4796 2957 4853 ita
3001 4794 3147 4852 inter
3173 4800 3471 4864 utrumque

1874 4901 2004 4950 sunt
2024 4894 2219 4966 posita,
2240 4901 2303 4950 ut
2317 4891 2615 4966 aliquando
2634 4907 2730 4966 per
2754 4890 2872 4948 haec
2906 4889 3023 4946 sola
3048 4894 3251 4944 aeterna
3272 4883 3467 4956 patria,

1875 4982 2172 5056 aliquando
2186 4998 2318 5039 vero
2346 4982 2519 5055 gloria
2538 4988 2753 5037 terrena
2772 4979 3102 5053 requiratur.
3126 4973 3333 5032 Medias
3342 4988 3470 5045 ergo

1875 5073 1976 5129 has
1995 5072 2229 5128 virtutes
2261 5071 2519 5140 dicimus,
2538 5087 2674 5144 quas
2698 5069 2766 5125 ad
2788 5068 3155 5142 quodcunque
3187 5079 3345 5119 mens
3378 5078 3471 5135 ap-

221 5153 562 5247 etiam.
608 5188 701 5258 qui
728 5153 950 5258 magnus
998 5191 1075 5241 est
1113 5153 1451 5256 fortitudine,
1483 5184 1694 5253 judicio
1724 5194 1772 5243 et
1878 5159 2975 5258 petitilyclﬁgamus-Quibuipemeptisita
2993 5153 3469 5258 ιιῖίδηίιηιξξξίξιη

137 5282 384 5353 justitia,
416 5278 569 5349 digne
596 5276 789 5353 sentire
814 5293 917 5330 non
935 5292 1233 5353 possumus.
1252 5276 1473 5353 —Et_si
1507 5275 1756 5353 invenire

147 5346 169 5389 ἶ
186 5354 307 5426 jam
325 5346 455 5408 eum
476 5346 771 5422 possimus,
795 5364 907 5404 non
922 5346 1106 5404 tamen
1128 5347 1311 5419 digne,
1336 5346 1465 5419 quia
1485 5346 1757 5421 quidquid

223 5550 239 5584 ¹
269 5549 441 5604 Deest
467 5545 644 5600 venire
673 5542 733 5598 in
762 5539 999 5599 Vindoc.

220 5622 243 5655 ³
274 5616 574 5675 Omittitur
601 5615 777 5671 venire
804 5612 862 5669 in
890 5612 1113 5683 Pratel.,
1144 5612 1285 5671 Utic.
1328 5620 1382 5670 et
1412 5612 1648 5671 Vindoc.

220 5694 242 5727 ³
275 5688 549 5757 Vindoc.,
581 5687 788 5742 intuens
815 5685 875 5739 in
901 5701 1038 5741 eum.

222 5765 243 5799 ⁸
274 5760 626 5825 Gussanvil.,
654 5757 1003 5829 formidolosa
1030 5756 1129 5812 Dei
1157 5757 1382 5813 laudem.
1412 5758 1624 5829 ,Errore
1644 5773 1757 5815 non

146 5836 332 5893 solum
362 5849 435 5890 ex
476 5827 807 5898 Mss.,'etc.,
842 5827 968 5883 aliis
1021 5830 1282 5897 exaratis,
1329 5828 1426 5886 sed
1478 5830 1643 5886 etiam
1688 5846 1757 5885 ex

147 5905 427 5964 sermonis
456 5901 595 5959 serie
625 5899 1093 5956 manifestissimo.

1878 5252 2108 5309 terrenis
2128 5251 2343 5307 divitiis
2362 5259 2557 5323 potest.
2582 5250 2685 5306 Per
2706 5256 2948 5304 terrenas
2974 5260 3210 5318 namque
3243 5242 3471 5299 divitias

1865 5343 1961 5399 alii
1982 5342 2040 5398 in
2060 5341 2246 5414 gloriae
2267 5340 2633 5397 ostentatione
2650 5336 2997 5411 superbiant,
3019 5335 3115 5392 alii
3136 5351 3262 5410 erga
3281 5334 3466 5408 proxi—

1939 5541 2230 5619 ifVindoc.,
2252 5540 2373 5619 jam
2401 5541 2589 5619 Deum.
2719 5611 2732 5619 _
3074 5609 3083 5619 ν

1940 5616 1961 5649 ⁸
1991 5614 2188 5670 Pratel.
2218 5621 2270 5670 et
2298 5612 2560 5681 Vindoc.,
2590 5611 2824 5667 nondum
2853 5627 2918 5665 ea:
2947 5611 3129 5681 specie.

1940 5688 1959 5722 ⁷
1996 5685 2193 5742 Pratel.
2245 5692 2299 5741 et
2348 5683 2515 5753 Utic.,
2545 5683 2733 5739 sentiri
2760 5682 2898 5738 enim
2937 5682 3090 5754 digne
3134 5698 3240 5737 non
3288 5683 3467 5744 valet;

1868 5764 2065 5829 quanto
2094 5757 2267 5813 minus
2296 5756 2401 5812 dici
2421 5759 2449 5813 ἵ

1942 5831 1963 5865 ⁸
1995 5830 2226 5899 Turon.,
2256 5830 2366 5883 suis
2396 5846 2448 5885 se
2478 5829 2683 5883 vocibus
2708 5828 3037 5884 damnanles‘.
