3920 6376
417 379 524 441 443
1645 387 1893 446 SANCTI
1930 387 2271 446 GREGORII
2322 390 2550 449 MAGNI
3651 396 3759 455 ut

414 523 632 569 morum
673 505 1041 596 indigentiam
1087 509 1398 568 ministeria
1441 511 1664 585 pietatis
1689 521 2011 586 operantur.
2047 514 2099 573 Α
2125 512 2205 568 ris
2252 512 2444 586 (Ibid,
2475 515 2595 590 20),
2641 517 2897 590 protinus
2949 515 3171 576 audivit
3202 533 3217 573 :
3256 517 3402 578 Vivit
3458 520 3752 596 Dominus,

417 598 557 655 Cum
576 611 674 670 per
688 595 996 655 doctrinam
1015 595 1186 671 igitur
1219 607 1384 675 atque
1404 602 1753 674 prophetiam
1774 604 1894 660 laus
1912 621 2022 660 ex-
2128 602 2258 674 quia
2288 603 2471 660 ludam
2499 612 2621 662 ante
2648 607 2953 676 Dominum,
2987 607 3083 679 qui
3107 607 3263 679 elegit
3288 624 3369 665 me
3385 611 3571 682 potius
3586 630 3754 686 quam

414 686 586 742 terior
598 685 890 761 quaeritur,
913 687 1067 760 quasi
1099 703 1196 761 per
1213 691 1524 762 corporales
1542 690 1770 748 divitias
1789 699 2019 751 terrenae
2123 698 2335 764 patrem
2364 700 2530 754 tuum.
2564 698 2645 754 Ac
2672 697 2837 770 paulo
2864 704 2987 770 post
3012 697 3093 754 ait
3125 714 3138 753 :
3162 698 3236 754 Et
3256 698 3461 767 ludam,
3493 708 3546 758 et
3584 685 3755 760 uilior

415 774 607 849 gloriae
648 775 871 834 culmen
923 775 1186 835 ambitur.
1224 778 1365 837 Cum
1398 796 1531 836 vero
1574 779 1828 838 doctrina
1855 790 2019 857 atque

415 864 704 938 prophetia
730 863 1013 922 lucrandis
1039 865 1330 925 animabus
1358 868 1723 943 impenditur,
1753 873 1909 946 quasi
1938 889 2022 931 ac-

411 961 583 1027 ceptas
610 952 824 1012 divitia
851 953 1037 1027 egenis
1062 954 1331 1014 fratribus
1351 957 1689 1031 largiuntur.
1719 960 1863 1030 Quia
1888 979 2017 1037 ergo

412 1060 554 1118 saepe
587 1045 603 1080 ¹
632 1059 731 1118 per
774 1043 896 1118 ipsa
922 1043 1090 1115 dona,
1120 1061 1242 1120 quas
1284 1064 1343 1104 se
1371 1049 1653 1123 percipere
1697 1053 1958 1123 exsultat,
1988 1070 2020 1110 a

412 1150 581 1192 manu
608 1134 792 1192 dantis
819 1135 1074 1194 incautus
1100 1137 1322 1197 animus
1349 1139 1590 1214 elongat,
1622 1143 1875 1217 vigilanti
1919 1162 2018 1218 pro

411 1224 626 1283 visione
655 1224 962 1283 curandum
991 1233 1074 1284 est
1101 1234 1164 1285 ut
1193 1236 1250 1284 et
1276 1227 1432 1302 prius
1458 1232 1790 1305 subigantur
1811 1235 1948 1292 vitia
1964 1243 2020 1292 et

411 1323 534 1388 post
560 1315 664 1373 sub
691 1315 1187 1391 circumspectione
1207 1318 1352 1377 dona
1374 1329 1686 1381 teneantur.
1716 1325 1854 1382 Nam
1881 1325 1928 1382 si
1958 1325 2015 1382 in

409 1407 490 1465 eis
513 1424 669 1466 mens
695 1408 918 1468 incaute
947 1426 1004 1468 se
1033 1408 1259 1481 deserit,
1278 1429 1394 1470 non
1422 1431 1520 1488 per
1547 1413 1667 1474 haec
1687 1415 1877 1490 adjuta
1889 1416 2015 1474 sub-

409 1495 655 1569 vehitur,
683 1497 780 1556 sed
811 1499 968 1572 quasi
997 1516 1100 1574 pro
1125 1503 1393 1561 anteactis
1421 1503 1706 1563 laboribus
1750 1523 2017 1564 remune-

407 1595 527 1645 rata
569 1587 917 1660 reprobatur.
966 1589 1124 1647 Unde
1161 1589 1225 1647 ﬁt
1266 1593 1434 1650 etiam
1475 1601 1539 1652 ut
1583 1604 1806 1670 accepta
1835 1597 2016 1656 virtus

405 1675 542 1735 dum
567 1676 629 1732 in
651 1693 760 1734 usu
783 1679 1117 1736 transitoria;
1145 1681 1327 1740 laudis
1355 1684 1683 1754 assumitur,
1711 1687 1843 1760 quia
1872 1689 2014 1745 vitio

405 1764 633 1833 militat,
649 1763 831 1823 virtus
848 1781 960 1824 non
973 1767 1216 1837 sit.Quia
1234 1771 1384 1827 enim
1401 1773 1556 1845 origo
1587 1775 1814 1833 virtutis
1832 1776 2014 1835 humi-

2128 783 2258 855 ﬁam
2283 786 2412 857 plus
2439 803 2602 857 quam
2628 786 2806 858 factus
2833 803 2968 855 sum,
3019 802 3212 858 eroque
3246 788 3467 845 humilis
3493 789 3557 847 in
3581 795 3752 852 oculis

2129 874 2257 930 meis
2280 876 2471 948 (Ibid.,
2503 877 2622 950 22).
2658 879 2740 936 Ac
2763 878 2813 936 si
2840 885 3025 951 aperte
3045 877 3195 936 dicat
3222 896 3234 935 :
3258 879 3544 939 Vilescere
3562 901 3751 943 coram

2129 962 2452 1024 hominibus
2479 974 2698 1039 appeto,
2728 967 2859 1041 quia
2886 983 3106 1025 servare
3136 985 3224 1026 me
3248 971 3473 1028 'coram
3504 974 3753 1033 Domino

2129 1051 2432 1125 ingenuum
2462 1072 2560 1128 per
2590 1055 2972 1114 humilitatem
3000 1073 3210 1131 quaero.

2202 1145 2288 1200 78.
2311 1144 2428 1201 Alii
2447 1146 2719 1202 humiliter
2737 1147 2800 1203 de
2829 1164 2882 1203 se
2907 1147 3200 1218 sentiendo,
3241 1149 3443 1223 despici
3468 1160 3753 1222 metuunt;

2124 1233 2224 1289 alii
2251 1234 2445 1306 despici
2470 1236 2727 1308 cupiendo
2755 1237 2818 1293 de
2843 1255 2943 1294 sua
2971 1239 3273 1297 humilitate
3300 1243 3645 1314 superbiant.
3677 1278 3752 1290 —

2126 1322 2268 1379 Sunt
2296 1339 2428 1381 vero
2458 1329 2719 1386 nonnulli
2748 1329 2845 1402 qui
2868 1328 2937 1386 de
2964 1329 3284 1404 semetipsis
3332 1330 3575 1393 humilia
3616 1352 3753 1396 sen-

2125 1411 2298 1483 tiunt,
2330 1414 2462 1487 quia
2491 1415 2551 1473 in
2581 1416 2888 1476 honoribus
2907 1419 3075 1491 positi
3104 1420 3187 1478 nil
3204 1434 3262 1477 se
3282 1435 3400 1479 esse
3425 1423 3536 1480 nisi
3557 1427 3749 1498 pulve-

2125 1515 2241 1556 rem
2271 1501 2635 1577 favillamque
2663 1507 3034 1580 perpendunt,
3068 1508 3165 1566 sed
3200 1517 3388 1568 tamen
3419 1528 3606 1572 coram
3642 1515 3747 1573 ho-

2124 1590 2371 1650 minibus
2392 1594 2413 1629 ‘
2443 1593 2686 1666 despecti
2716 1614 2977 1671 apparere
3002 1599 3307 1672 refugiunt,
3334 1609 3392 1660 et
3417 1612 3612 1662 contra
3637 1606 3752 1667 hoc

2123 1681 2274 1753 quod
2301 1680 2371 1739 de
2399 1698 2456 1740 se
2502 1685 2739 1745 interius
2783 1688 3052 1760 cogitant,
3083 1690 3238 1763 quasi
3284 1691 3465 1764 rigida
3498 1697 3749 1755 exterius

2124 1779 2412 1829 venustate
2441 1775 2762 1847 palliantur.
2802 1777 2876 1833 Et
2901 1785 3036 1834 sunt
3062 1778 3327 1837 nonnulli
3362 1781 3462 1856 qui
3492 1783 3632 1842 viles
3657 1785 3747 1842 vi-

405 1852 534 1911 litas
560 1861 663 1924 est,
694 1852 792 1912 illa
818 1853 879 1945 in
915 1856 1082 1914 nobis
1104 1857 1288 1915 virtus
1312 1861 1588 1919 veraciter
1613 1863 1871 1936 pullulat,
1889 1883 2010 1940 qua
2039 1879 2085 1941 Β
2123 1858 2243 1916 deri
2270 1859 2338 1917 ab
2367 1861 2691 1921 hominibus
2716 1873 3006 1938 appetunt,
3032 1876 3199 1942 atque
3241 1852 3408 1928 omne
3431 1872 3581 1945 quod
3606 1882 3750 1932 sunt

405 1942 466 2001 in
491 1941 675 2000 radice
697 1944 940 2021 propria,
972 1945 1032 2002 id
1057 1953 1140 2003 est
1185 1946 1246 2003 in
1292 1945 1613 2008 humilitate
1657 1954 1938 2026 perdurat.
1971 1959 2019 2014 A

405 2049 516 2108 qua
541 2033 811 2092 nimirum
839 2035 887 2092 si
915 2035 1262 2097 abscinditur
1307 2040 1526 2112 arescit,
1559 2043 1689 2116 quia
1718 2045 2019 2104 viviﬁcan-

404 2131 518 2182 tem
545 2141 604 2183 se
629 2125 692 2183 in
717 2125 937 2184 intimis
964 2126 1259 2186 humorem
1287 2129 1578 2189 charitatis
1607 2133 1808 2206 perdit.

475 2245 565 2303 77.
593 2245 742 2307 Mira
768 2246 996 2304 Daoidis
1039 2248 1099 2303 in
1125 2249 1346 2306 summis
1391 2249 1687 2309 humilitas.
1719 2254 2016 2327 Pugnando

402 2335 616 2403 hostes;
659 2335 1012 2394 humilitatem
1064 2339 1308 2396 sectanda
1363 2341 1693 2414 semetime
1745 2344 1890 2402 vicit.
1943 2376 2016 2390 --

400 2424 510 2484 Sed
536 2426 669 2500 quia
712 2444 812 2502 per
854 2428 962 2488 hoc
1009 2429 1158 2504 quod
1184 2429 1255 2487 ab
1299 2431 1432 2489 Eliu
1478 2432 1708 2504 dicitur,
1738 2435 1861 2494 Non
1905 2454 2013 2494 au-

401 2513 596 2572 debunt
640 2519 988 2592 contemplari
1013 2534 1191 2575 omnes
1235 2519 1330 2590 qui
1373 2519 1476 2578 sibi
1518 2522 1772 2580 videntur
1797 2542 1903 2582 esse
1931 2543 2014 2584 sa-

394 2604 617 2676 pientes,
660 2607 877 2665 occulta
953 2607 1138 2666 cordis
1184 2607 1350 2667 elatio
1406 2611 1751 2684 reprobatur,
1805 2615 2009 2674 intueri

400 2691 538 2751 libet
591 2703 797 2770 quanta
838 2696 1110 2756 virtutum
1157 2713 1390 2758 munera
1436 2701 1618 2760 David
1652 2715 2004 2779 perceperat,

398 2789 563 2858 atque
617 2786 679 2842 in
731 2784 822 2844 his
870 2788 1130 2847 omnibus
1173 2804 1338 2864 quam
1393 2791 1528 2849 forti
1571 2809 1629 2850 se
1686 2792 2007 2852 humilitate

399 2871 652 2932 servabat
682 2873 742 2948 (Ι
764 2877 888 2951 Reg.
930 2893 1073 2948 xvn,
1102 2877 1200 2947 36;
1254 2895 1422 2952 xvm,
1467 2881 1585 2956 25).
1643 2883 1821 2951 Quem
1853 2886 2004 2942 enim

397 2978 511 3021 non
531 2965 821 3024 extolleret
838 2983 935 3024 ora
962 2967 1185 3026 leonum
1200 2969 1472 3045 frangere,
1499 2989 1756 3030 ursorum
1773 2973 2006 3032 brachia

395 3050 681 3126 dissipare,
711 3053 984 3129 despectis
1012 3057 1293 3131 prioribus
1320 3059 1585 3118 fratribus
1613 3061 1766 3137 eligi,
1806 3079 2003 3138 repro-

393 3139 520 3199 bato
538 3158 662 3217 rege
679 3144 750 3202 ad
772 3145 929 3219 regni
948 3147 1319 3219 gubernacula
1336 3149 1494 3224 ungi,
1515 3150 1825 3209 timendum
1853 3170 2004 3212 cun-

2125 1947 2366 2022 dejectos
2394 1967 2450 2008 se
2478 1953 2796 2012 exhibendo
2818 1964 3186 2016 contemnunt
3213 1977 3225 2016 :
3253 1960 3351 2018 sed
3378 1969 3564 2020 tamen
3587 1965 3747 2038 apud

2126 2053 2183 2093 se
2211 2037 2483 2097 introrsus
2503 2043 2659 2114 quasi
2678 2059 2750 2100 ex
2766 2044 2885 2118 ipso
2914 2045 3114 2104 merito
3133 2055 3369 2108 ostensa
3383 2037 3637 2110 vilitatis
3648 2053 3747 2111 in-

2126 2133 2462 2200 tumescunt,
2483 2138 2536 2186 et
2554 2139 2708 2189 tanto
2738 2135 2912 2206 magis
2926 2133 2987 2191 in
3005 2136 3171 2193 corde
3205 2138 3338 2195 elati
3368 2149 3501 2198 sunt
3529 2150 3746 2217 quanto

2124 2216 2363 2288 amplius
2401 2218 2458 2274 in
2500 2221 2680 2293 specie
2709 2222 3005 2280 elationem
3037 2235 3315 2298 premunt.
3346 2229 3480 2297 Quae
3506 2216 3746 2308 utraque

2124 2303 2291 2392 unius
2319 2306 2576 2367 elationis
2604 2310 2749 2368 bella
2778 2329 2974 2386 magna
3004 2315 3188 2372 David
3231 2303 3745 2392 circumspectione

2122 2391 2509 2468 deprehendit,
2540 2399 2683 2456 mira
2712 2399 2921 2459 virtute
2947 2405 3248 2476 superavit.
3281 2407 3424 2476 Quia
3465 2391 3639 2482 enim,
3668 2412 3744 2470 de

2122 2484 2418 2557 semetipso
2449 2486 2602 2545 intus
2624 2488 2868 2546 humilia
2896 2493 3160 2563 sentiens,
3192 2494 3462 2554 honorem
3487 2501 3743 2559 exterius

2119 2588 2233 2630 non
2261 2575 2460 2648 quaerit
2498 2576 2769 2649 insinuat,
2816 2578 3009 2639 dicens
3042 2599 3055 2638 :
3087 2585 3297 2641 Ludam
3323 2592 3372 2641 et
3400 2587 3564 2645 vilior
3605 2591 3745 2662 ﬁam

2122 2661 2284 2735 (Ibid.
2334 2663 2379 2736 ).
2489 2664 2562 2721 Et
2588 2667 2720 2740 quia
2747 2684 2845 2740 per
2874 2668 2990 2728 hoc
3017 2672 3167 2746 quod
3197 2674 3367 2731 vilem
3396 2693 3454 2734 se
3488 2661 3746 2741 extat-ius

2117 2751 2373 2825 praebuit,
2404 2769 2754 2830 nequaquam
2777 2758 3019 2817 interius
3060 2762 3401 2836 intumescit,
3434 2766 3690 2841 adjungit
3722 2795 3740 2834 ε

2115 2845 2332 2916 Eroque
2360 2846 2578 2904 humilis
2608 2849 2663 2905 in
2691 2852 2860 2908 oculis
2894 2853 3024 2910 meis
3054 2854 3219 2927 (Ibid.
3252 2858 3303 2928 ).
3350 2860 3434 2915 Ac
3459 2858 3507 2915 si
3534 2859 3685 2917 dicat
3718 2879 3741 2919 ε

2115 2932 2343 3003 Qualem
2375 2952 2462 2992 me
2508 2938 2755 2996 exterius
2796 2940 3118 3014 despiciens
3166 2943 3426 3017 exhibeo,
3451 2948 3619 3005 talem
3644 2965 3743 3007 me

2113 3030 2168 3080 et
2220 3021 2458 3083 interius
2511 3028 2758 3087 attendo.
2797 3029 2945 3098 Quid
2991 3048 3128 3106 ergo
3182 3035 3359 3092 acturi
3404 3044 3535 3094 sunt
3594 3054 3740 3112 quos

2111 3111 2365 3171 doctrina
2409 3118 2607 3188 elevat,
2639 3121 2686 3176 si
2736 3123 2916 3180 David
2952 3141 3022 3181 ex
3059 3143 3224 3185 carne
3277 3145 3379 3185 sua
3429 3111 3733 3190 venturum

454 3233 465 3244 .
576 3199 654 3217 τ’
685 3199 749 3202 η’
774 3199 790 3202 ί
808 3199 928 3247 ῐ⁰““
948 3199 1318 3256 ἳ”“ῖ’““’“””
1343 3199 1494 3224 “’“⁹”
1520 3199 1825 3209 ”“’”“’“”’
1855 3199 1963 3258 ”“Ῐ“
2108 3199 2530 3275 Βθάθωριοιθω
2574 3217 2825 3279 noverat,
2856 3211 3088 3286 ejusque
3121 3215 3322 3288 gaudia
3348 3217 3737 3291 prophetando

393 3239 498 3289 ctis
549 3249 664 3292 uno
717 3235 900 3307 lapide
942 3238 1160 3295 Goliam
1187 3245 1450 3310 sternere,
1481 3256 1515 3296 a
1541 3257 1667 3314 rege
1696 3254 1996 3317 proposita,
2030 3239 2074 3300 C
2109 3293 2403 3317 “Mm”,
2464 3303 2511 3317 Α
2557 3303 2660 3317 ,W
2684 3315 2729 3317 ,ί
2788 3301 2800 3312 ,
3040 3305 3076 3317 _.
3367 3308 3378 3317 .
3659 3311 3702 3317 -_

390 3322 656 3381 extinctis
682 3324 1026 3397 Allophylis,
1058 3342 1353 3385 numerosa
1396 3332 1668 3402 praeputia
1698 3342 1998 3405 reportare,

387 3414 722 3486 promissum
764 3417 987 3476 tandem
1017 3435 1244 3494 regnum
1284 3423 1582 3496 percipere,
1628 3436 2000 3504 cunctumque

387 3504 755 3564 Israeliticum
783 3508 1050 3582 populum
1079 3510 1198 3568 sine
1223 3511 1339 3569 ulla
1361 3513 1797 3575 contradictione
1827 3523 1997 3593 possi.

387 3593 517 3654 dere
538 3597 629 3671 (II
652 3599 780 3672 Reg.
813 3616 900 3668 nr,
951 3600 1042 3672 18)
1063 3602 1093 3658 ?
1119 3603 1193 3658 Et
1223 3608 1412 3660 tamen
1439 3619 1568 3661 cum
1595 3621 1779 3664 arcam
1807 3609 1908 3666 Dei
1936 3611 1996 3668 in

384 3684 686 3745 Jerusalem
714 3695 939 3746 revocat
969 3688 1159 3761 (Ibid.,
1189 3707 1270 3760 VI,
1294 3691 1412 3766 14),
1441 3695 1597 3766 quasi
1618 3696 1829 3756 oblitus
1848 3715 2000 3773 prae-

385 3773 558 3832 latum
588 3790 646 3832 se
677 3776 958 3846 omnibus,
988 3776 1260 3837 admistus
1288 3782 1510 3854 populis
1523 3792 1651 3842 ante
1679 3803 1861 3846 arcam
1891 3790 1996 3846 sal-

383 3867 484 3918 tat.
517 3862 591 3919 Et
633 3862 767 3937 quia
812 3879 997 3922 coram
1044 3882 1172 3926 arca
1199 3869 1418 3940 saltare,
1452 3879 1514 3930 ut
1541 3873 1808 3946 creditur,
1842 3879 1997 3952 vulgi

384 3969 505 4011 mos
530 3953 730 4024 fuerat,
763 3971 861 4014 rex
881 3972 938 4015 se
968 3956 1028 4015 in
1047 3957 1244 4018 divino
1261 3961 1526 4038 obsequio
1556 3982 1652 4040 per
1679 3967 1881 4026 saltum
1910 3986 1994 4028 ro-

383 4048 483 4100 tat.
514 4042 658 4101 Ecce
685 4061 850 4119 quem
877 4048 1152 4108 Dominus
1168 4053 1388 4111 cunctis
1417 4055 1775 4130 singulariter
1791 4067 1995 4133 praetu-

382 4129 468 4201 lit,
500 4146 616 4190 sese
640 4134 744 4192 sub
773 4137 1013 4194 Domino
1040 4147 1096 4197 et
1123 4141 1465 4215 exaequando
1508 4129 1780 4216 minimis,
1791 4129 1869 4205 “et
1895 4147 1993 4206 ab-

376 4219 525 4293 jecta
551 4221 867 4310 exhibendo
899 4231 1230 4288 contemnit.
1279 4232 1401 4289 Non
1447 4241 1689 4306 potestas
1733 4238 1889 4310 regni
1924 4238 1993 4295 ad

383 4307 710 4364 memoriam
739 4310 1047 4386 reducitur,
1077 4330 1192 4374 non
1220 4317 1599 4392 subjectorum
1628 4326 1776 4387 889
1800 4307 1992 4382 oculis

381 4404 636 4463 saltando
667 4407 932 4470 vilescere
970 4415 1189 4485 metuit,
1220 4432 1334 4475 non
1361 4430 1418 4474 se
1446 4418 1657 4477 honore
1703 4421 1988 4494 praelatum

379 4495 592 4554 caeteris
619 4505 745 4555 ante
772 4498 891 4573 ejus
920 4518 1104 4562 arcam
1134 4505 1231 4579 qui
1259 4504 1534 4564 honorem
1565 4507 1796 4566 dederat
1825 4527 1993 4569 reco-

2109 3293 2426 3364 nuntiabat,
2458 3303 2513 3352 et
2557 3303 2741 3356 tamen
2783 3301 2843 3358 in
2881 3305 3182 3378 semetipso
3229 3308 3503 3366 cervicem
3545 3311 3736 3369 cordis

2109 3380 2294 3438 valida
2322 3382 2672 3445 discretionis
2701 3391 2850 3448 calce
2878 3392 3242 3466 deprimebat,
3288 3395 3480 3455 dicens
3511 3416 3524 3456 :
3563 3401 3734 3458 Ero-

2106 3485 2206 3541 que
2232 3471 2448 3530 humilis
2474 3475 2532 3532 in
2557 3478 2724 3536 oculis
2749 3481 2921 3538 meis?

2189 3593 2335 3654 890
2366 3593 2453 3650 79.
2483 3595 2584 3651 Dei
2611 3597 2928 3670 sapientiam
2962 3602 3314 3676 contemplari
3339 3612 3602 3676 nequeunt
3626 3608 3729 3680 qui

2105 3685 2207 3742 sibi
2222 3689 2481 3760 sapientes
2495 3692 2762 3750 videntur.
2787 3696 3054 3754 Sectanda
3083 3699 3372 3757 laudabilis
3385 3700 3633 3772 fatuitas.
3654 3735 3729 3747 —-

2108 3775 2254 3833 Bene
2290 3794 2419 3851 ergo
2448 3795 2545 3852 per
2567 3781 2699 3839 Elin
2728 3782 2946 3842 dicitur
2981 3803 2994 3842 :
3025 3786 3152 3844 Ideo
3175 3789 3424 3846 timebunt
3444 3807 3563 3848 eum
3590 3793 3726 3864 viri,

2105 3872 2154 3921 et
2181 3884 2287 3923 non
2309 3869 2578 3926 audebunt
2605 3876 2956 3946 contemplari
2997 3894 3174 3934 omnes
3201 3880 3294 3950 qui
3326 3880 3428 3936 sibi
3468 3881 3728 3941 videntur

2105 3973 2211 4013 esse
2229 3958 2508 4030 sapientes.
2542 3959 2921 4036 Contemplari
2945 3967 3095 4023 enim
3118 3968 3221 4025 Dei
3248 3970 3576 4044 sapientiam
3605 3988 3722 4032 non

2105 4054 2334 4120 possunt
2361 4049 2458 4123 qui
2507 4049 2615 4106 sibi
2653 4051 2926 4125 sapientes
2975 4055 3257 4128 videntur,
3295 4061 3425 4132 quia
3463 4067 3622 4119 tanto
3649 4064 3722 4121 ab

2103 4134 2224 4207 ejus
2243 4136 2365 4195 luce
2387 4137 2549 4211 longe
2577 4147 2729 4210 sunt,
2759 4150 2967 4215 quanto
2996 4146 3142 4218 apud
3162 4148 3486 4222 semetipsos
3516 4149 3723 4208 humi-

2104 4224 2182 4282 les
2210 4242 2324 4282 non
2352 4235 2504 4298 sunt,
2535 4227 2667 4303 quia
2711 4230 2772 4287 in
2813 4248 3005 4290 eorum
3034 4237 3318 4314 mentibus
3362 4238 3497 4296 dum
3527 4246 3721 4297 tumor

2103 4315 2360 4374 elationis
2391 4318 2610 4388 crescit,
2640 4320 2814 4377 aciem
2861 4326 3352 4398 contemplationis
3381 4327 3627 4398 claudit;
3661 4338 3720 4388 et

2100 4404 2248 4462 unde
2273 4421 2332 4462 se
2359 4406 2545 4464 lucere
2573 4424 2685 4481 prae
2700 4410 2914 4467 caeteris
2941 4412 3240 4484 aestimant,
3263 4414 3467 4473 indese
3495 4417 3713 4476 lumine

2099 4495 2350 4553 veritatis
2378 4497 2618 4570 privant.
2652 4501 2711 4558 Si
2767 4501 2938 4576 igitur
2970 4505 3240 4564 veraciter
3280 4508 3552 4582 sapientes
3591 4527 3711 4568 esse

379 4581 844 4672 gncscitetloram
872 4588 988 4646 Deo
1018 4589 1041 4625 ³
1069 4591 1181 4664 egit
1208 4592 1347 4651 vilia
1367 4595 1458 4653 vel
1489 4604 1764 4668 extrema,
1794 4606 1860 4656 ut
1891 4599 1989 4659 illa
2017 4602 2067 4662 D
2097 4592 2260 4661 atque
2279 4587 2453 4660 ipsam
2475 4589 2804 4662 Sapientiam
2823 4596 3190 4669 contemplari
3217 4581 3550 4672 ερρέιίωῑιδι
3570 4602 3717 4660 3m"

378 4681 448 4723 ex
477 4666 796 4729 humilitate
816 4673 1078 4733 solidaret
1098 4693 1219 4751 quae
1257 4697 1445 4738 coram
1476 4666 1798 4742 hominibus
1813 4702 1985 4758 gesse-

378 4764 464 4815 rat
476 4757 817 4830 fortia.Quid
839 4762 907 4820 de
926 4763 1046 4838 ejus
1061 4765 1224 4826 factis
1237 4768 1308 4827 ab
1326 4769 1454 4828 aliis
1473 4772 1750 4830 sentiatur
1767 4757 1980 4847 ignoro;

378 4861 506 4936 ergo
532 4849 714 4908 David
741 4850 866 4926 plus
891 4853 1181 4912 saltantem
1211 4865 1407 4932 stupeo
1426 4876 1592 4935 quam
1624 4872 1980 4936 pugnantem.

377 4931 677 5009 Pugnaudo
719 4939 922 5014 quippe
959 4939 1146 5000 hostes
1185 4931 1461 5015 subdidit,
1503 4931 1753 5006 saltando
1797 4958 1978 5009 autem

377 5037 561 5082 coram
585 5027 825 5085 Domino
843 5029 1203 5103 semetipsum
1234 5031 1394 5090 \icit.
1428 5035 1604 5102 Quem
1631 5036 1837 5096 Michol
1865 5038 1982 5096 ﬁlia

376 5113 505 5171 Saul
535 5116 719 5175 adhuc
746 5135 818 5175 ex
837 5127 1057 5177 tumore
1086 5121 1222 5194 regii
1251 5124 1466 5196 generis
1499 5126 1712 5198 insana,
1729 5145 1856 5186 cum
1878 5129 1980 5187 hu-

376 5202 651 5262 miliatum
669 5205 990 5280 despiceret,
1021 5209 1212 5269 dicens
1236 5228 1249 5267 :
1271 5214 1439 5280 Quam
1459 5215 1729 5288 gloriosus
1745 5218 1857 5289 fuit
1872 5220 1979 5275 ho-

375 5289 459 5347 die
486 5308 582 5346 rea:
605 5294 780 5350 Israel
807 5296 1201 5369 discooperiens
1229 5318 1283 5357 se
1309 5308 1431 5358 ante
1457 5305 1686 5361 ancillas
1707 5323 1985 5365 servorum

375 5394 617 5447 suorum,
636 5387 685 5437 et
702 5383 934 5441 nudatus
959 5393 1058 5454 est,
1085 5391 1242 5460 quasi
1267 5391 1316 5447 si
1335 5394 1571 5450 nudetur
1589 5413 1728 5452 unus
1747 5397 1810 5453 de
1836 5415 1980 5454 scur-

450 5607 469 5690 ξ
497 5606 732 5690 Ξᾳιῳιη
759 5609 1058 5690 per__ipsam
1086 5614 1388 5690 doctrinam
1417 5635 1601 5690 quam.

373 5676 469 5805 Eds
497 5678 736 5807 giandoc.
759 5676 828 5738 et
856 5676 1082 5753 Pratel.,
1115 5687 1217 5759 egit
1256 5676 1474 5748 debilia.
1507 5691 1589 5748 Ita
1618 5708 1838 5768 quoque
1866 5703 1978 5752 vet.

468 5791 480 5805 .
591 5767 695 5807 τις.

468 5791 480 5805 .
514 5767 671 5808 raris
682 5793 695 5808 .

445 5821 467 5857 ³
492 5821 753 5895 Vindoc.,
781 5824 1002 5898 Pratel.,
1038 5829 1206 5901 Utic.,
1237 5848 1421 5888 coram
1462 5834 1570 5890 Deo
1598 5836 1827 5906 genium.
1869 5838 1977 5896 νει.

2093 4683 2182 4732 tos
2195 4692 2297 4734 nos
2317 4677 2608 4737 humiliter
2622 4698 3038 4755 cognoscamus.
3064 4687 3460 4764 Relinquamus
3478 4693 3707 4752 noxiam

2092 4769 2443 4842 sapientiam,
2487 4770 2778 4832 discamus
2827 4774 3160 4834 laudabilem
3202 4778 3533 4840 fatuitatem.
3563 4783 3711 4842 Hinc

2091 4859 2294 4932 quippe
2323 4861 2592 4933 scriptum
2631 4869 2719 4918 est
2765 4881 2776 4919 :
2825 4865 3001 4923 Stulta
3040 4869 3225 4924 mundi
3252 4872 3407 4944 elegit
3450 4874 3615 4941 Deus,
3652 4881 3709 4930 ut

2090 4948 2655 5024 confundatsapientes
2691 4951 2751 5025 (I
2774 4953 2899 5009 Cor.
2932 4970 2973 5023 ι,
2995 4955 3112 5029 27).
3145 4956 3289 5016 Hinc
3315 4975 3537 5018 rursum
3566 4962 3704 5020 dici-

2088 5048 2180 5096 tur
2211 5054 2222 5093 :
2259 5038 2319 5096 Si
2343 5039 2463 5110 quis
2490 5038 2699 5095 videtur
2725 5041 2865 5100 inter
2896 5061 2986 5098 vos
3022 5045 3236 5118 sapiam
3263 5065 3371 5105 esse
3396 5050 3453 5106 in
3489 5050 3584 5109 hoc
3610 5069 3703 5108 sa:-

2089 5129 2229 5196 culo,
2260 5131 2454 5186 stultus
2486 5130 2603 5204 ﬁat,
2635 5137 2695 5187 ut
2721 5133 2791 5188 sit
2817 5135 3030 5207 sapiens
3073 5136 3263 5208 (Ibid.,
3292 5156 3378 5210 ιιι,
3413 5140 3524 5213 18).
3560 5141 3702 5198 Hinc

2093 5220 2423 5294 evangelicae
2452 5220 2701 5280 historiae
2749 5225 2919 5282 verba
2969 5235 3243 5287 testantur
3285 5231 3416 5305 quia
3440 5230 3702 5288 Zachaaus

2092 5326 2219 5367 cum
2248 5309 2434 5368 videre
2462 5328 2574 5385 pra:
2596 5313 2763 5371 turba
2785 5314 2929 5372 nihil
2961 5325 3165 5388 posset,
3195 5319 3218 5354 ⁵
3244 5321 3524 5392 sycomori
3542 5320 3699 5378 arbo-

2090 5416 2206 5456 rem
2251 5401 2519 5472 ascendit,
2576 5412 2637 5461 ut
2669 5412 3050 5466 transeuntem
3079 5411 3382 5470 Dominum
3426 5421 3691 5471 cerneret.

2090 5625 2443 5711 lidzParisnst
2460 5628 2650 5711 Basil.,
2684 5648 2864 5711 coram
2882 5633 2991 5689 Deo
3026 5633 3311 5711 ingenium.
3354 5637 3687 5711 Longipont.

2091 5697 2411 5780 (lo-dpuquia
2437 5697 2646 5780 sequuti
2669 5702 2802 5780 mihi
2829 5697 3268 5780 ceramemino
3298 5697 3538 5780 regnum.

2162 5771 2184 5848 ξ
2213 5769 2920 5848 Yindpc.,_P_ratel.__et_al.,
2949 5777 3078 5832 viles
3100 5769 3386 5848 apparere.

2160 5842 2182 5877 δ
2212 5841 2434 5911 Pratel.,
2472 5843 2634 5914 Utic.,
2665 5841 2924 5917 Vindoc.,
2953 5841 3283 5920 sycomorum
3314 5852 3580 5908 arborem.
