3920 6374
126 378 216 434 445

734 378 1107 438 MORALIUM
1149 384 1283 442 LIB.
1326 386 1585 446 XXVIII.
1626 421 1696 434 —
1735 395 1808 451 IN
1843 394 2075 453 CAPUT
2113 399 2409 457 XXXVIII
2448 404 2509 458 Β.
2551 405 2694 461 JOB.

3324 414 3429 472 446

120 509 441 600 ξγορωοινιιε
463 504 669 580 quippe
686 505 824 564 ﬁcus
841 507 993 600 fatua
1011 509 1235 567 dicitur.
1259 512 1501 573 Pusillus
1521 517 1705 592 itaque
1733 523 1785 584 Α
1811 521 1977 590 Quasi
2021 525 2170 582 enim
2226 543 2578 600 sycomorum
2642 547 2742 588 nos
2785 536 3075 594 ascendere
3151 541 3427 599 Dominus

119 596 361 654 Zacbams
389 612 746 668 sycomorum
771 598 966 667 subiit,
994 608 1050 657 et
1069 603 1373 660 Dominum
1390 604 1533 663 vidit
1557 608 1708 679 (Luc.

120 704 226 754 xix,
254 685 287 742 4
314 685 476 758 seq.),
524 685 654 759 quia
698 687 794 761 qui
839 689 1035 747 mundi
1077 692 1374 749 stultitiam
1424 694 1713 755 humiliter

120 777 333 849 eligunt,
348 775 457 848 ipsi
472 776 575 833 Dei
596 776 923 849 sapientiam
940 780 1228 839 subtiliter
1244 791 1462 841 contem
1469 786 1706 858 plantur.

123 869 137 902 ¹
164 864 524 922 Pusillitatem
546 881 787 941 namque
815 876 1058 926 nostram
1089 871 1157 928 ad
1188 873 1494 931 videndum
1525 878 1708 934 Domi-

119 973 235 1012 num
253 954 415 1011 turba
429 954 719 1029 praepedit,
733 958 1259 1030 quiainﬁrmitatem
1282 962 1540 1022 humanae
1562 984 1710 1024 men-

119 1046 200 1111 tis,
217 1045 237 1080 ²
255 1061 323 1102 ne
346 1045 528 1102 lucem
545 1045 799 1104 veritatis
814 1048 1351 1120 intendat,curarum
1364 1056 1708 1114 saecularium

118 1135 372 1191 tumultus
390 1134 613 1207 premit.
635 1135 743 1193 Sed
762 1137 1060 1209 prudenter
1078 1158 1428 1213 sycomorum
1450 1145 1711 1202 ascendi—

118 1241 248 1293 mus,
276 1224 322 1280 si
349 1222 586 1297 provide
603 1240 721 1281 eam
744 1243 865 1299 quae
882 1227 1155 1287 divinitus
1174 1232 1499 1305 praecipitur
1520 1235 1541 1269 ³
1564 1236 1707 1290 stul-

115 1313 279 1369 titiam
325 1319 513 1369 mente
562 1320 839 1371 tenemus.
879 1316 1025 1384 Quid
1054 1318 1203 1376 enim
1253 1320 1310 1376 in
1352 1320 1459 1379 hoc
1498 1323 1708 1380 mundo

116 1401 321 1459 stultius
349 1418 517 1476 quam
549 1404 752 1460 amissa
780 1422 893 1460 non
923 1422 1191 1479 quaerere,
1221 1425 1466 1482 possessa
1493 1413 1707 1485 rapien-

116 1491 249 1548 tibus
266 1492 538 1561 relaxare,
561 1493 775 1550 nullam
806 1510 905 1567 pro
934 1497 1172 1569 acceptis
1203 1497 1424 1571 injuriis
1445 1499 1705 1573 injuriam

116 1582 344 1651 reddere,
379 1582 494 1639 imo
525 1591 582 1640 et
599 1583 881 1657 adjunctis
897 1587 1024 1643 aliis
1057 1590 1382 1661 patientiam
1414 1592 1656 1664 praebere
1679 1594 1707 1651 ‘l

134 1760 141 1768 '
180 1745 195 1778 ¹
226 1743 486 1814 Vindoc.,
510 1745 1035 1814 pusillanimitatem.

177 1815 197 1850 ²
226 1815 487 1887 Vindoc.,
510 1815 723 1875 Pratel.
746 1829 800 1876 et
829 1820 927 1889 al.,
947 1838 1012 1875 ne
1044 1822 1149 1878 luci
1176 1825 1418 1881 veritatis
1446 1826 1702 1882 intendat.

176 1898 195 1931 ³
222 1896 282 1952 In
328 1897 535 1956 iisdem
580 1897 742 1968 Cod.,
791 1901 1078 1958 stultitiam
1123 1908 1372 1973 tenemus,
1419 1905 1623 1962 omisso
1654 1905 1713 1959 τὸ
1740 1895 1788 1955 Β

1822 614 2090 687 praecipit,
2109 633 2235 673 cum
2257 617 2394 673 dicit
2418 635 2429 673 :
2457 619 2560 686 Qui
2578 620 2760 690 aufert
2777 641 2896 694 quia
2916 632 3008 683 tua
3028 636 3150 683 sunt
3175 648 3239 686 ne
3263 649 3423 705 repe-

1823 707 1903 757 tas
1934 703 2086 775 (Luc.
2114 723 2193 775 vr,
2214 705 2328 780 30).
2350 708 2423 763 Et
2452 723 2705 766 rursum:
2726 711 2784 768 Si
2811 713 2931 784 quis
2960 722 3005 770 te
3032 703 3349 787 percusserit
3369 720 3426 777 in

1818 791 2063 849 dextram
2079 794 2558 869 maxillam,prosbe
2572 799 2658 855 illi
2676 806 2722 854 et
2739 802 2967 857 alteram
2986 803 3200 874 (Matth.
3219 823 3276 875 v,
3299 808 3421 876 39).

1819 881 1922 937 Per
1967 901 2319 956 sycomorum
2362 886 2634 944 Dominus
2676 890 2951 946 transiens
2992 894 3259 964 cernitur,
3296 897 3428 970 quia

1819 987 1916 1043 per
1957 971 2103 1030 hanc
2145 975 2448 1047 sapientem
2499 977 2794 1034 stultitiam
2836 980 2939 1037 etsi
2988 983 3224 1039 necdum
3254 993 3316 1040 ut
3344 995 3427 1043 est

1819 1059 2015 1129 solide,
2055 1061 2171 1133 jam
2214 1071 2401 1120 tamen
2444 1082 2544 1138 per
2584 1069 3069 1140 contemplationis
3107 1073 3296 1128 lumen
3326 1075 3425 1130 Dei

1817 1150 2087 1223 sapientia
2115 1151 2273 1226 quasi
2300 1154 2359 1209 in
2390 1156 2629 1211 transitu
2657 1156 2900 1214 videtur.
2926 1159 3101 1227 Quam
3117 1158 3281 1231 juxta
3295 1162 3426 1219 Eliu

1818 1240 1985 1295 verba
2027 1240 2215 1297 videre
2253 1252 2558 1316 nequeunt,
2604 1246 2700 1318 qui
2729 1246 2835 1303 sibi
2869 1249 3146 1321 sapientes
3184 1266 3302 1307 esse
3330 1250 3427 1307 vi—

1818 1328 2040 1395 dentur,
2072 1330 2203 1403 quia
2231 1333 2252 1366 ⁴
2280 1331 2350 1388 ad
2378 1333 2835 1405 conspiciendum
2864 1336 3164 1395 Dominum
3194 1339 3253 1395 in
3281 1340 3423 1397 elata

1816 1417 2211 1489 cogitationum
2233 1436 2457 1477 suarum
2483 1421 2645 1478 turba
2682 1422 3035 1496 deprehensi,
3057 1426 3243 1485 adhuc
3262 1445 3420 1499 syco-

1817 1507 1959 1562 mori
1986 1507 2238 1565 arborem
2267 1524 2380 1565 non
2409 1510 2767 1569 invenerunt.

1814 1770 2205 1904 ⁷ηθέπξίὶῐιίίοθη
2237 1836 2309 1891 ad
2344 1836 2814 1909 concupiscendum
2842 1840 3153 1897 Dominum.

892 2038 897 2039 ν
922 2038 927 2039 ν
954 2038 3409 2049 ίνὟ--ᾐ--ῃ

953 2197 1240 2289 PARS
1322 2198 1757 2311 SEXTA,
1851 2201 1997 2290 ET
2062 2202 2553 2317 ULTIMA,

1160 2353 1379 2418 OCTO
1426 2354 1672 2420 LIBOS
1716 2355 2348 2427 COMPLECTENS.

1299 2524 2226 2565 NW—

602 2721 1043 2806 LIBER
1151 2723 1977 2815 VIGESIMUS
2096 2729 2774 2821 OCTAVUS
2848 2727 2903 2823 ¹.

172 2876 617 2960 [implicantur
635 2879 950 2941 undecim
975 2880 1229 2959 priores
1252 2898 1474 2945 versus
1492 2884 1727 2963 capitis
1746 2903 2006 2964 xxxvm,
2040 2888 2411 2970 multiplici
2433 2909 2652 2969 sensu,
2676 2893 3044 2972 praesertim
3072 2894 3337 2958 morali.

612 3016 751 3074 891
785 3022 1182 3079 PRIEFATIO.

163 3109 301 3166 Nihil
321 3110 549 3183 gravius
576 3117 722 3166 nocet
749 3112 941 3167 animm
958 3128 1116 3183 quam
1138 3114 1347 3170 conscia
1376 3115 1568 3181 virtus,
1590 3117 1695 3173 nisi
1724 3164 1727 3165 ν

105 3201 503 3272 correptionibus
521 3209 847 3258 exerceatur.
870 3203 968 3258 Job
988 3203 1275 3272 maximus,
1298 3206 1427 3274 quia
1454 3208 1565 3261 solo
1586 3207 1694 3261 Deo

106 3289 276 3348 minor.
297 3324 368 3335 —
396 3293 534 3349 Post
562 3292 763 3350 damna
780 3310 985 3361 rerum,
1012 3302 1135 3365 post
1160 3295 1355 3351 funera
1372 3296 1689 3368 pignorum,

108 3386 211 3447 post
238 3382 470 3439 vulnera
521 3383 787 3455 corporis,
840 3390 964 3455 post
1005 3383 1175 3438 verba
1221 3385 1363 3440 male
1408 3385 1694 3441 suadentis

107 3472 294 3541 uxoris,
323 3482 445 3546 post
473 3475 880 3531 contumeliosa
925 3473 1074 3531 dicta
1109 3476 1542 3546 consolantium,
1572 3486 1696 3548 post

107 3570 332 3634 suscepta
366 3562 592 3621 fortiter
613 3563 800 3636 jacula
824 3570 909 3619 tot
931 3564 1208 3633 dolorum,
1242 3565 1264 3598 ²
1293 3564 1361 3621 de
1391 3572 1543 3621 tanta
1570 3567 1694 3624 vir-

107 3651 206 3703 tute
225 3651 553 3708 constantia‘.
573 3650 883 3707 laudandus
902 3669 933 3708 a
947 3650 1135 3723 judice
1157 3651 1351 3707 beatus
1370 3653 1399 3708 Ι
1402 3653 1473 3709 ob
1489 3654 1691 3724 fuerat,

109 3734 191 3791 3si
230 3736 339 3811 jam
381 3740 449 3797 de
502 3740 757 3812 praesenti
802 3741 1006 3797 saeculo
1052 3746 1193 3795 esset
1237 3741 1572 3797 evocandus.
1623 3743 1697 3797 At

109 3834 371 3901 postquam
402 3830 503 3888 hic
531 3830 716 3889 adhuc
761 3830 1005 3904 duplicia
1046 3840 1369 3904 recepturus
1398 3840 1498 3901 est,
1532 3842 1695 3906 post—

107 3928 249 3985 quam
277 3919 440 3976 saluti
491 3919 743 3993 pristinae
789 3920 1123 3990 restituitur,
1160 3927 1222 3975 ut
1269 3921 1432 3977 rebus
1464 3921 1695 3979 redditis

108 4001 297 4062 diutius
322 4016 538 4078 utatur,
569 4025 638 4064 ne
666 4025 763 4082 per
809 4010 1067 4066 elationis
1097 4009 1343 4082 gladium
1374 4011 1492 4083 ipsa
1532 4012 1696 4069 illum

108 4106 192 4146 sua
218 4096 443 4154 victoria
486 4106 717 4167 sternat,
749 4097 912 4155 debet
955 4098 1306 4171 omnipotens
1335 4102 1481 4157 Deus
1510 4101 1694 4159 incre-

109 4194 218 4250 pare
241 4201 333 4257 per
359 4187 675 4245 districtam
699 4182 978 4260 justitiam
1002 4205 1165 4263 quem
1194 4196 1378 4245 servat
1398 4189 1467 4245 ad
1498 4192 1691 4247 vitam.

1804 3029 1924 3078 ctus
1952 3021 2206 3079 elationis
2234 3025 2344 3079 tela
2370 3024 2749 3093 confoderent,
2782 3026 2931 3099 quod
2975 3005 3417 3084 constabatcerte

1804 3110 1933 3183 quia
1960 3120 2014 3167 et
2044 3112 2198 3168 illata
2216 3113 2450 3169 vulnera
2474 3130 2586 3169 non
2612 3114 2893 3171 vicissent.
2918 3114 3303 3187 Requirendus
3318 3116 3416 3172 ni—

1806 3200 2009 3256 mirum
2036 3202 2147 3257 fuit
2174 3202 2343 3257 homo
2371 3202 2530 3274 cujus
2562 3201 2845 3259 debuisset
2874 3203 3285 3274 comparatione
3314 3220 3422 3272 su:

1805 3290 2005 3360 perari.
2039 3291 2145 3347 Sed
2172 3291 2307 3377 quid
2336 3298 2418 3347 est
2437 3292 2584 3364 quod
2604 3291 2671 3347 de
2686 3308 2752 3347 eo
2771 3308 2908 3348 voce
2924 3293 3151 3349 Domini
3170 3293 3376 3351 dicitur
3401 3313 3411 3350 :

1806 3379 1828 3413 ⁶
1868 3378 2055 3435 Vidisti
2079 3397 2289 3436 servum
2307 3397 2478 3436 meum
2495 3381 2614 3446 Job,
2632 3380 2774 3452 quod
2804 3397 2913 3435 non
2943 3381 3013 3435 sit
3039 3380 3087 3435 ei
3110 3381 3305 3438 similis
3334 3383 3419 3437 vir

1804 3484 1963 3540 super
1992 3475 2189 3525 terram
2218 3470 2347 3540 (Job
2395 3487 2436 3539 ι,
2465 3470 2535 3538 8;
2569 3488 2633 3540 n,
2666 3470 2754 3542 3)?
2775 3468 2950 3541 Cujus
2978 3484 3106 3543 ergo
3135 3487 3417 3544 compara-

1804 3556 1955 3613 tione
2002 3565 2219 3630 poterat
2264 3558 2441 3624 vinci,
2483 3558 2551 3614 de
2590 3575 2699 3631 quo
2740 3560 2854 3615 Deo
2885 3566 3180 3616 attestante
3208 3559 3416 3616 dicitur

1805 3646 1936 3719 quia
1976 3646 2188 3702 nullius
2230 3646 2478 3703 hominis
2519 3647 2931 3718 comparatione
2960 3646 3133 3719 possit
3157 3648 3362 3721 aequari
3390 3649 3417 3704 “l

1805 3733 1952 3802 Quid
1992 3734 2178 3808 itaque
2209 3736 2483 3808 agendum
2525 3744 2629 3803 est,
2672 3735 2780 3792 nisi
2823 3743 2885 3792 ut
2921 3751 2992 3792 ex
3033 3752 3267 3808 persona
3320 3755 3413 3793 sua

1806 3828 1950 3887 892
1990 3825 2105 3897 ipse
2134 3825 2409 3882 Dominus
2436 3840 2564 3881 suas
2585 3823 2669 3880 illi
2702 3824 2938 3881 virtutes
2959 3832 3165 3893 narret,
3189 3832 3243 3881 et
3269 3825 3416 3883 dicat

1806 3922 1857 3977 ei
1880 3940 1891 3977 :
1916 3923 2172 3993 Nunquid
2185 3924 2442 3995 producis
2465 3922 2749 3993 luciferum
2777 3924 2833 3978 in
2865 3929 3094 3993 tempore
3112 3940 3228 3991 suo,
3257 3930 3305 3978 et
3318 3940 3415 3977 ve-

1805 4027 2019 4084 sperum
2046 4029 2207 4084 super
2224 4013 2363 4085 ﬁlios
2382 4018 2536 4067 terra:
2554 4028 2866 4082 consurgere
2884 4010 3020 4081 facis
3047 4015 3074 4068 9
3094 4013 3166 4068 Et
3187 4012 3410 4067 iterum:

1804 4103 2060 4174 Nunquid
2089 4108 2288 4174 apertis
2315 4108 2439 4157 sunt
2471 4102 2563 4157 tibi
2583 4108 2755 4173 parte
2780 4104 2991 4168 mortis,
3032 4108 3080 4158 et
3113 4103 3251 4159 ostia
3280 4109 3411 4158 tene-

1805 4192 1961 4247 brosa
1988 4192 2218 4248 vidisti?
2253 4191 2353 4249 Vel
2383 4197 2528 4248 certe
2562 4208 2574 4246 :
2616 4190 2877 4262 Nunquid
2899 4197 3021 4262 post
3057 4197 3237 4247 ortum
3270 4198 3416 4247 tuum

111 4267 238 4335 Quid
264 4276 409 4334 enim
436 4276 599 4352 pejus
631 4278 957 4351 plerumque
999 4278 1241 4335 animam
1278 4295 1443 4352 quam
1474 4281 1695 4337 conscia
1798 4280 2096 4353 praecepisti
2131 4281 2389 4345 diluculo,
2425 4286 2472 4334 et
2509 4279 2781 4335 ostendisti
2816 4296 3034 4335 aurorae
3064 4281 3233 4336 locum
3263 4298 3418 4336 suum

111 4357 266 4418 virtus
295 4364 559 4424 interﬁcit
576 4368 604 4423 ?
625 4366 757 4435 Quae
788 4367 938 4424 illam
967 4367 1099 4424 dum
1129 4368 1568 4425 consideratione
1598 4386 1696 4425 sua

1808 4370 1931 4441 (Job
1982 4386 2231 4445 xxxvm,
2268 4369 2357 4438 32,
2394 4369 2482 4438 17,
2516 4368 2643 4442 i2)?
2675 4368 2808 4436 Quis
2837 4384 2972 4425 vero
3003 4367 3129 4438 ista,
3160 4369 3270 4425 nisi
3299 4371 3421 4426 Do-

112 4445 266 4522 inﬂat,
296 4472 327 4512 a
353 4457 701 4530 plenitudine
730 4458 983 4515 veritatis
1012 4465 1241 4515 evacuat
1265 4476 1277 4526 ;
1312 4466 1365 4515 et
1385 4458 1518 4515 dum
1544 4476 1600 4515 se
1628 4461 1696 4516 ad
1729 4441 1778 4499 D
1807 4459 1993 4515 minus
2032 4441 2255 4531 potest?
2278 4459 2349 4516 Et
2378 4466 2561 4515 tamen
2591 4457 2965 4530 interrogatur
2996 4457 3186 4526 homo,
3218 4466 3281 4514 ut
3312 4476 3417 4516 co-

111 4540 439 4615 Pel'cipienda
467 4547 695 4621 praemia
724 4547 973 4605 suﬂicere
1006 4547 1271 4620 suggerit,
1303 4549 1323 4583 ‘
1356 4565 1476 4604 eam
1517 4566 1548 4604 a
1580 4565 1691 4604 me-

112 4622 395 4692 liorationis
415 4637 727 4694 intentione
748 4635 1033 4693 distendit.
1057 4638 1247 4693 Justus
1264 4636 1435 4709 igitur
1445 4637 1472 4692 J
1477 4637 1547 4694 ob
1567 4644 1697 4693 ante

113 4711 306 4789 ﬂagella
331 4725 570 4795 exstitit,
602 4726 696 4782 sed
729 4725 937 4798 justior
965 4732 1088 4798 post
1113 4725 1329 4798 ﬂagella
1358 4726 1691 4799 permansit;

112 4808 158 4855 et
198 4805 438 4871 laudatus
484 4822 646 4871 antea
677 4815 780 4871 Dei
822 4831 976 4884 voce,
1011 4814 1363 4887 postmodum
1407 4816 1585 4873 crevit
1626 4831 1694 4871 ex

113 4893 331 4957 Verbere.
361 4903 614 4961 Profecto
644 4904 799 4961 velut
828 4904 960 4960 tuba
988 4903 1216 4960 ductilis
1246 4921 1316 4959 ex
1346 4904 1696 4977 percussione

114 4985 358 5051 Producta
395 4995 456 5051 in
487 4995 705 5053 laudem
734 4996 835 5052 Dei
882 5001 1038 5052 tanto
1069 4996 1090 5029 ⁵
1120 4994 1288 5051 altius
1317 4995 1562 5052 elevatus
1591 5004 1691 5063 est,

115 5081 299 5156 quanto
326 5082 520 5154 majori
549 5084 907 5156 castigatione
936 5100 1246 5156 percussus.
1267 5083 1374 5139 Sed
1394 5083 1694 5139 humilian-

115 5155 204 5214 dus
229 5175 338 5222 erat
365 5171 466 5228 iste
499 5173 615 5246 qui,
645 5155 952 5244 prostratus
969 5172 1267 5239 ulceribus,
1290 5172 1370 5228 sic
1393 5171 1696 5227 virtutibus

116 5250 289 5311 stabat.
321 5260 709 5320 Humiliandus
736 5271 872 5333 erat,
904 5281 972 5320 ne
994 5271 1105 5319 tam
1133 5262 1583 5318 robustissimum
1608 5279 1695 5334 pe-

183 5468 197 5553 :
404 5477 498 5536 hic
524 5479 582 5535 in
605 5481 785 5552 primo
813 5480 1065 5537 Laudun.
1094 5478 1425 5553 inscribitur
1453 5494 1616 5533 χχιιι.

179 5538 199 5623 ξ
224 5541 476 5623 Yindoc.,
500 5538 624 5623 pro.
637 5558 783 5608 tanta
812 5552 1069 5607 virtutum
1095 5551 1437 5607 constantia..

229 5610 406 5694 garb,
433 5609 619 5679 Ge‘rm.
651 5632 705 5679 et
732 5624 957 5690 Pratel.,
989 5623 1078 5678 sed
1106 5624 1153 5679 si
1172 5623 1293 5694 jam
1312 5623 1392 5678 de.

182 5682 201 5759 ξ
228 5682 447 5760 Eurum,
478 5713 514 5749 ιι
542 5695 755 5750 meliori
773 5682 1074 5750 intentione.

179 5754 198 5823 ἦ
226 5754 381 5816 Deest
406 5754 570 5820 altius
600 5766 658 5821 in
690 5766 833 5823 Utic.
865 5773 919 5821 et
948 5765 1147 5821 Pratel.

183 5822 203 5855 ⁸
228 5823 285 5880 In
313 5829 503 5904 Gilot.,
540 5836 721 5893 Vatic.
777 5822 831 5895 et
868 5836 1123 5910 plurimis
1151 5836 1297 5905 aliis,
1342 5835 1455 5893 vidi
1483 5853 1693 5892 servum

1144 6052 1184 6091 Ι

1807 4555 2031 4620 gnoscat
2057 4548 2188 4621 quia
2216 4548 2321 4603 ista
2346 4563 2458 4604 non
2488 4553 2690 4619 potest,
2725 4554 2995 4620 quatenus
3026 4546 3114 4603 vir
3165 4547 3260 4621 qui
3306 4556 3415 4605 tam

1806 4638 2095 4694 immensis
2112 4635 2416 4693 virtutibus
2437 4636 2632 4704 crevit,
2657 4643 2711 4692 et
2731 4637 2941 4693 nullius
2963 4636 3209 4694 hominis
3234 4652 3417 4694 exem-

1806 4728 1898 4798 plo
1927 4727 2195 4795 vincitur,
2246 4741 2315 4781 ne
2356 4724 2553 4781 extolli
2604 4723 2819 4793 debeat,
2868 4724 2969 4781 Dei
3008 4724 3417 4799 comparatione

1806 4824 2113 4887 superetur.
2163 4814 2274 4872 Sed
2321 4831 2355 4871 o
2403 4830 2570 4888 quam
2620 4821 2876 4886 potenter
2916 4815 3151 4888 erigitur
3179 4814 3274 4887 qui
3303 4821 3415 4869 tam

1805 4904 2120 4961 sublimiter
2148 4904 2480 4962 humiliatur
2505 4904 2516 4959 l
2553 4903 2598 4960 Ο
2627 4910 2837 4976 quanta
2864 4911 2947 4959 est
2966 4902 3212 4959 hominis
3230 4903 3418 4959 victo-

1805 4994 1909 5062 ria,
1949 5010 2019 5049 ex
2046 4993 2145 5050 Dei
2176 4993 2589 5065 comparatione
2620 4991 2961 5064 perdidisse!
3005 4992 3050 5048 Ο
3081 4998 3288 5064 quanto
3317 4990 3414 5046 ho-

1806 5082 2050 5137 minibus
2084 5080 2262 5153 major
2301 5090 2384 5138 est
2413 5082 2509 5155 qui
2552 5079 2890 5137 testimoniis
2919 5078 3275 5135 convincitur
3302 5080 3415 5135 Deo

1806 5171 2016 5226 minor!
2061 5170 2297 5227 Multum
2339 5171 2543 5243 quippe
2587 5176 2782 5241 potens
2812 5176 2894 5223 est
2924 5167 3020 5240 qui
3049 5166 3148 5223 tali
3176 5166 3413 5223 interro-

1804 5259 2021 5333 gatione
2049 5258 2360 5315 ostenditur
2386 5259 2518 5332 quia
2547 5264 2741 5331 potens
2770 5272 2882 5312 non
2911 5264 3012 5313 est.
3050 5257 3156 5314 Sed
3187 5258 3319 5334 quia
3344 5258 3413 5316 ad

1802 5494 1972 5533 meum
2008 5478 2126 5545 Job,
2172 5476 2371 5551 mendo
2418 5475 2659 5551 forsitan
2698 5473 3123 5551 txpographico,
3170 5491 3272 5551 pro
3302 5493 3412 5551 quo

1803 5558 1985 5605 tamen
2043 5548 2281 5626 graviter
2339 5546 2689 5626 excandescit
2736 5546 3412 5626 ThomasLJamezius'in

1803 5617 2077 5678 Romanos
2103 5620 2375 5676 Editores.
2408 5619 2495 5675 Ad
2525 5618 2632 5674 hoc
2668 5617 2816 5674 enim
2848 5617 3116 5689 gravitate
3152 5635 3217 5674 ac
3261 5635 3414 5675 seve-

1801 5693 1963 5748 ritate
1991 5690 2283 5763 censoria:
2314 5697 2408 5759 est,
2439 5690 2640 5763 inquit,
2672 5695 2957 5763 corruptus
2982 5696 3173 5763 textus,
3207 5696 3267 5743 ut
3292 5691 3419 5761 ﬁeri

1801 5770 2003 5820 amata
2031 5762 2304 5821 Romanis.
2337 5760 2555 5834 Optime
2584 5777 2734 5830 sane,
2766 5761 2872 5817 nisi
2910 5760 2979 5815 ab
3009 5761 3132 5817 aliis
3157 5760 3321 5833 quam
3384 5778 3415 5815 a

1802 5836 2064 5894 Romanis
2093 5850 2247 5893 error
2278 5841 2569 5892 manasset.
