  <div class='ocr_page' id='page_1' title='image "/cluster/home/n/w/nwhite01/storage/ocr_20150623/76/umn.31951002477369g/231.png"; bbox 0 0 3920 6368; ppageno 0'>
   <div class='ocr_carea' id='block_1_1' title="bbox 473 380 580 437">
    <p class='ocr_par' dir='ltr' id='par_1_1' title="bbox 473 380 580 437">
     <span class='ocr_line' id='line_1_1' title="bbox 473 380 580 437; baseline 0 0"><span class='ocrx_word' id='word_1_1' title='bbox 473 380 580 437; x_wconf 66' lang='grc'><strong>447</strong></span> 
     </span>
    </p>
   </div>
   <div class='ocr_carea' id='block_1_2' title="bbox 1670 375 2571 435">
    <p class='ocr_par' dir='ltr' id='par_1_2' title="bbox 1670 375 2571 435">
     <span class='ocr_line' id='line_1_2' title="bbox 1670 375 2571 435; baseline 0.003 -3"><span class='ocrx_word' id='word_1_2' title='bbox 1670 376 1916 434; x_wconf 82' lang='lat' dir='ltr'><strong>SANCTI</strong></span> <span class='ocrx_word' id='word_1_3' title='bbox 1969 375 2308 434; x_wconf 79' lang='lat' dir='ltr'><strong>GREGORII</strong></span> <span class='ocrx_word' id='word_1_4' title='bbox 2345 375 2545 434; x_wconf 83' lang='lat' dir='ltr'><strong>MAGN</strong></span> <span class='ocrx_word' id='word_1_5' title='bbox 2550 377 2571 435; x_wconf 83' lang='grc' dir='ltr'>Ι</span> 
     </span>
    </p>
   </div>
   <div class='ocr_carea' id='block_1_3' title="bbox 3700 371 3816 432">
    <p class='ocr_par' dir='ltr' id='par_1_3' title="bbox 3700 371 3816 432">
     <span class='ocr_line' id='line_1_3' title="bbox 3700 371 3816 432; baseline 0.026 -3"><span class='ocrx_word' id='word_1_6' title='bbox 3700 371 3816 432; x_wconf 68' lang='grc'><strong>448</strong></span> 
     </span>
    </p>
   </div>
   <div class='ocr_carea' id='block_1_4' title="bbox 471 499 3810 576">
    <p class='ocr_par' dir='ltr' id='par_1_4' title="bbox 471 499 3810 576">
     <span class='ocr_line' id='line_1_4' title="bbox 471 499 3810 576; baseline -0.001 -15"><span class='ocrx_word' id='word_1_7' title='bbox 471 504 703 563; x_wconf 83' lang='lat' dir='ltr'><strong>obscura</strong></span> <span class='ocrx_word' id='word_1_8' title='bbox 729 499 902 559; x_wconf 90' lang='lat' dir='ltr'><strong>nimis</strong></span> <span class='ocrx_word' id='word_1_9' title='bbox 923 499 1243 559; x_wconf 82' lang='lat' dir='ltr'><strong>disserenda</strong></span> <span class='ocrx_word' id='word_1_10' title='bbox 1274 501 1554 572; x_wconf 92' lang='lat' dir='ltr'><strong>ducimur,</strong></span> <span class='ocrx_word' id='word_1_11' title='bbox 1576 502 1646 560; x_wconf 86' lang='lat' dir='ltr'><strong>ad</strong></span> <span class='ocrx_word' id='word_1_12' title='bbox 1667 501 1914 575; x_wconf 84' lang='lat' dir='ltr'><strong>ejusdem</strong></span> <span class='ocrx_word' id='word_1_13' title='bbox 1944 509 2064 559; x_wconf 87' lang='lat' dir='ltr'><strong>tex-</strong></span> <span class='ocrx_word' id='word_1_14' title='bbox 2099 505 2152 565; x_wconf 84' lang='grc' dir='ltr'><strong>Α</strong></span> <span class='ocrx_word' id='word_1_15' title='bbox 2179 502 2313 571; x_wconf 92' lang='lat' dir='ltr'><strong>ruit,</strong></span> <span class='ocrx_word' id='word_1_16' title='bbox 2345 503 2439 560; x_wconf 88' lang='lat' dir='ltr'><strong>sed</strong></span> <span class='ocrx_word' id='word_1_17' title='bbox 2464 519 2560 576; x_wconf 85' lang='lat' dir='ltr'><strong>per</strong></span> <span class='ocrx_word' id='word_1_18' title='bbox 2589 502 2945 576; x_wconf 80' lang='lat' dir='ltr'><strong>semetipsum</strong></span> <span class='ocrx_word' id='word_1_19' title='bbox 2976 499 3313 558; x_wconf 91' lang='lat' dir='ltr'><strong>locutionem</strong></span> <span class='ocrx_word' id='word_1_20' title='bbox 3355 499 3595 557; x_wconf 84' lang='lat' dir='ltr'><strong>interius</strong></span> <span class='ocrx_word' id='word_1_21' title='bbox 3640 499 3810 559; x_wconf 83' lang='lat' dir='ltr'><strong>fecit.</strong></span> 
     </span>
    </p>
   </div>
   <div class='ocr_carea' id='block_1_5' title="bbox 471 591 1265 666">
    <p class='ocr_par' dir='ltr' id='par_1_5' title="bbox 471 591 1265 666">
     <span class='ocr_line' id='line_1_5' title="bbox 471 591 1265 666; baseline 0 -16"><span class='ocrx_word' id='word_1_22' title='bbox 471 601 562 650; x_wconf 89' lang='lat' dir='ltr'><strong>tus</strong></span> <span class='ocrx_word' id='word_1_23' title='bbox 579 591 697 666; x_wconf 87' lang='lat' dir='ltr'><strong>jam</strong></span> <span class='ocrx_word' id='word_1_24' title='bbox 726 591 895 648; x_wconf 81' lang='lat' dir='ltr'><strong>verba</strong></span> <span class='ocrx_word' id='word_1_25' title='bbox 925 591 1218 650; x_wconf 81' lang='lat' dir='ltr'><strong>veniamus</strong></span> <span class='ocrx_word' id='word_1_26' title='bbox 1252 611 1265 649; x_wconf 88' lang='lat'>:</span> 
     </span>
    </p>
   </div>
   <div class='ocr_carea' id='block_1_6' title="bbox 731 679 1815 758">
    <p class='ocr_par' dir='ltr' id='par_1_6' title="bbox 731 679 1815 758">
     <span class='ocr_line' id='line_1_6' title="bbox 731 679 1815 758; baseline 0.001 -21"><span class='ocrx_word' id='word_1_27' title='bbox 731 679 959 738; x_wconf 81' lang='lat' dir='ltr'><strong>CAPUT</strong></span> <span class='ocrx_word' id='word_1_28' title='bbox 988 683 1260 740; x_wconf 84' lang='lat' dir='ltr'><strong>PRIMUM</strong></span> <span class='ocrx_word' id='word_1_29' title='bbox 1300 683 1441 758; x_wconf 83' lang='lat' dir='ltr'><strong>[Vet.</strong></span> <span class='ocrx_word' id='word_1_30' title='bbox 1473 689 1521 738; x_wconf 87' lang='lat' dir='ltr'><strong>et</strong></span> <span class='ocrx_word' id='word_1_31' title='bbox 1553 686 1674 740; x_wconf 87' lang='lat' dir='ltr'><strong>Rec.</strong></span> <span class='ocrx_word' id='word_1_32' title='bbox 1709 682 1815 757; x_wconf 87' lang='lat' dir='ltr'><strong>II].</strong></span> 
     </span>
    </p>
   </div>
   <div class='ocr_carea' id='block_1_7' title="bbox 541 771 2076 844">
    <p class='ocr_par' dir='ltr' id='par_1_7' title="bbox 541 771 2076 844">
     <span class='ocr_line' id='line_1_7' title="bbox 541 771 2076 844; baseline -0.002 -12"><span class='ocrx_word' id='word_1_33' title='bbox 541 772 673 832; x_wconf 70' lang='lat' dir='ltr'><strong>Car.</strong></span> <span class='ocrx_word' id='word_1_34' title='bbox 695 771 1116 838; x_wconf 77' lang='lat' dir='ltr'><strong>xxxvm,Vsus.</strong></span> <span class='ocrx_word' id='word_1_35' title='bbox 1137 773 1600 844; x_wconf 76' lang='lat' dir='ltr'><strong>L—Bespondens</strong></span> <span class='ocrx_word' id='word_1_36' title='bbox 1623 778 1797 828; x_wconf 86' lang='lat' dir='ltr'><strong>autem</strong></span> <span class='ocrx_word' id='word_1_37' title='bbox 1817 773 2076 830; x_wconf 80' lang='lat' dir='ltr'><strong>Dominus</strong></span> 
     </span>
    </p>
   </div>
   <div class='ocr_carea' id='block_1_8' title="bbox 470 860 1084 921">
    <p class='ocr_par' dir='ltr' id='par_1_8' title="bbox 470 860 1084 921">
     <span class='ocr_line' id='line_1_8' title="bbox 470 860 1084 921; baseline -0.005 0"><span class='ocrx_word' id='word_1_38' title='bbox 470 863 571 921; x_wconf 83' lang='lat' dir='ltr'><strong>Job</strong></span> <span class='ocrx_word' id='word_1_39' title='bbox 597 863 660 919; x_wconf 89' lang='lat' dir='ltr'><strong>de</strong></span> <span class='ocrx_word' id='word_1_40' title='bbox 689 860 896 917; x_wconf 86' lang='lat' dir='ltr'><strong>turbine</strong></span> <span class='ocrx_word' id='word_1_41' title='bbox 921 860 1084 918; x_wconf 70' lang='lat' dir='ltr'><strong>dixit.</strong></span> 
     </span>
    </p>
   </div>
   <div class='ocr_carea' id='block_1_9' title="bbox 546 950 2070 1026">
    <p class='ocr_par' dir='ltr' id='par_1_9' title="bbox 546 950 2070 1026">
     <span class='ocr_line' id='line_1_9' title="bbox 546 950 2070 1026; baseline 0.001 -16"><span class='ocrx_word' id='word_1_42' title='bbox 546 954 595 1010; x_wconf 89' lang='grc'><strong>1.</strong></span> <span class='ocrx_word' id='word_1_43' title='bbox 640 952 791 1020; x_wconf 82' lang='lat' dir='ltr'><strong>Quod</strong></span> <span class='ocrx_word' id='word_1_44' title='bbox 819 950 1069 1023; x_wconf 83' lang='lat' dir='ltr'><strong>quibusve</strong></span> <span class='ocrx_word' id='word_1_45' title='bbox 1095 952 1265 1007; x_wconf 82' lang='lat' dir='ltr'><strong>modis</strong></span> <span class='ocrx_word' id='word_1_46' title='bbox 1283 953 1356 1008; x_wconf 89' lang='lat' dir='ltr'><strong>ad</strong></span> <span class='ocrx_word' id='word_1_47' title='bbox 1373 952 1604 1009; x_wconf 78' lang='lat' dir='ltr'><strong>homines</strong></span> <span class='ocrx_word' id='word_1_48' title='bbox 1625 954 1882 1026; x_wconf 74' lang='lat' dir='ltr'><strong>loquatur</strong></span> <span class='ocrx_word' id='word_1_49' title='bbox 1905 957 2070 1012; x_wconf 87' lang='lat' dir='ltr'><strong>Deus.</strong></span> 
     </span>
    </p>
   </div>
   <div class='ocr_carea' id='block_1_10' title="bbox 469 1041 2076 1119">
    <p class='ocr_par' dir='ltr' id='par_1_10' title="bbox 469 1041 2076 1119">
     <span class='ocr_line' id='line_1_10' title="bbox 469 1041 2076 1119; baseline 0.001 -20"><span class='ocrx_word' id='word_1_50' title='bbox 469 1071 540 1086; x_wconf 91' lang='lat'><strong>--</strong></span> <span class='ocrx_word' id='word_1_51' title='bbox 565 1041 881 1100; x_wconf 81' lang='lat' dir='ltr'><strong>Notandum</strong></span> <span class='ocrx_word' id='word_1_52' title='bbox 929 1041 1092 1098; x_wconf 89' lang='lat' dir='ltr'><strong>video</strong></span> <span class='ocrx_word' id='word_1_53' title='bbox 1124 1044 1140 1078; x_wconf 80' lang='grc'>¹</span> <span class='ocrx_word' id='word_1_54' title='bbox 1173 1043 1305 1116; x_wconf 85' lang='lat' dir='ltr'><strong>quia</strong></span> <span class='ocrx_word' id='word_1_55' title='bbox 1340 1044 1388 1100; x_wconf 98' lang='lat' dir='ltr'><strong>si</strong></span> <span class='ocrx_word' id='word_1_56' title='bbox 1432 1059 1566 1101; x_wconf 86' lang='lat' dir='ltr'><strong>sano</strong></span> <span class='ocrx_word' id='word_1_57' title='bbox 1595 1053 1760 1119; x_wconf 88' lang='lat' dir='ltr'><strong>atque</strong></span> <span class='ocrx_word' id='word_1_58' title='bbox 1807 1046 2076 1103; x_wconf 88' lang='lat' dir='ltr'><strong>incolumi</strong></span> 
     </span>
    </p>
   </div>
   <div class='ocr_carea' id='block_1_11' title="bbox 472 1129 2074 1207">
    <p class='ocr_par' dir='ltr' id='par_1_11' title="bbox 472 1129 2074 1207">
     <span class='ocr_line' id='line_1_11' title="bbox 472 1129 2074 1207; baseline 0.001 -19"><span class='ocrx_word' id='word_1_59' title='bbox 472 1131 679 1190; x_wconf 88' lang='lat' dir='ltr'><strong>locutio</strong></span> <span class='ocrx_word' id='word_1_60' title='bbox 715 1130 861 1188; x_wconf 86' lang='lat' dir='ltr'><strong>facta</strong></span> <span class='ocrx_word' id='word_1_61' title='bbox 903 1129 1199 1200; x_wconf 83' lang='lat' dir='ltr'><strong>diceretur,</strong></span> <span class='ocrx_word' id='word_1_62' title='bbox 1237 1147 1588 1207; x_wconf 81' lang='lat' dir='ltr'><strong>nequaquam</strong></span> <span class='ocrx_word' id='word_1_63' title='bbox 1615 1134 1684 1190; x_wconf 92' lang='lat' dir='ltr'><strong>de</strong></span> <span class='ocrx_word' id='word_1_64' title='bbox 1717 1135 1942 1192; x_wconf 77' lang='lat' dir='ltr'><strong>turbine</strong></span> <span class='ocrx_word' id='word_1_65' title='bbox 1971 1135 2074 1191; x_wconf 84' lang='lat' dir='ltr'><strong>Do-</strong></span> 
     </span>
    </p>
   </div>
   <div class='ocr_carea' id='block_1_12' title="bbox 470 1223 2076 1300">
    <p class='ocr_par' dir='ltr' id='par_1_12' title="bbox 470 1223 2076 1300">
     <span class='ocr_line' id='line_1_12' title="bbox 470 1223 2076 1300; baseline 0 -18"><span class='ocrx_word' id='word_1_66' title='bbox 470 1225 660 1283; x_wconf 88' lang='lat' dir='ltr'><strong>minus</strong></span> <span class='ocrx_word' id='word_1_67' title='bbox 687 1225 908 1283; x_wconf 88' lang='lat' dir='ltr'><strong>locutus</strong></span> <span class='ocrx_word' id='word_1_68' title='bbox 935 1223 1105 1283; x_wconf 87' lang='lat' dir='ltr'><strong>fuisse</strong></span> <span class='ocrx_word' id='word_1_69' title='bbox 1133 1224 1487 1284; x_wconf 83' lang='lat' dir='ltr'><strong>scriberetur.</strong></span> <span class='ocrx_word' id='word_1_70' title='bbox 1516 1225 1622 1283; x_wconf 86' lang='lat' dir='ltr'><strong>Sed</strong></span> <span class='ocrx_word' id='word_1_71' title='bbox 1648 1227 1778 1300; x_wconf 82' lang='lat' dir='ltr'><strong>quia</strong></span> <span class='ocrx_word' id='word_1_72' title='bbox 1805 1226 2076 1298; x_wconf 83' lang='lat' dir='ltr'><strong>ﬂagellato</strong></span> 
     </span>
    </p>
   </div>
   <div class='ocr_carea' id='block_1_13' title="bbox 469 1313 2072 1390">
    <p class='ocr_par' dir='ltr' id='par_1_13' title="bbox 469 1313 2072 1390">
     <span class='ocr_line' id='line_1_13' title="bbox 469 1313 2072 1390; baseline 0.001 -19"><span class='ocrx_word' id='word_1_73' title='bbox 469 1313 740 1390; x_wconf 84' lang='lat' dir='ltr'><strong>loquitur,</strong></span> <span class='ocrx_word' id='word_1_74' title='bbox 797 1315 868 1372; x_wconf 90' lang='lat' dir='ltr'><strong>de</strong></span> <span class='ocrx_word' id='word_1_75' title='bbox 927 1315 1154 1373; x_wconf 85' lang='lat' dir='ltr'><strong>turbine</strong></span> <span class='ocrx_word' id='word_1_76' title='bbox 1225 1317 1444 1374; x_wconf 88' lang='lat' dir='ltr'><strong>locutus</strong></span> <span class='ocrx_word' id='word_1_77' title='bbox 1500 1317 1670 1373; x_wconf 85' lang='lat' dir='ltr'><strong>fuisse</strong></span> <span class='ocrx_word' id='word_1_78' title='bbox 1725 1316 2072 1373; x_wconf 86' lang='lat' dir='ltr'><strong>describitur.</strong></span> 
     </span>
    </p>
   </div>
   <div class='ocr_carea' id='block_1_14' title="bbox 469 1404 2078 1480">
    <p class='ocr_par' dir='ltr' id='par_1_14' title="bbox 469 1404 2078 1480">
     <span class='ocr_line' id='line_1_14' title="bbox 469 1404 2078 1480; baseline 0 -18"><span class='ocrx_word' id='word_1_79' title='bbox 469 1404 649 1462; x_wconf 86' lang='lat' dir='ltr'><strong>Aliter</strong></span> <span class='ocrx_word' id='word_1_80' title='bbox 673 1404 822 1462; x_wconf 87' lang='lat' dir='ltr'><strong>enim</strong></span> <span class='ocrx_word' id='word_1_81' title='bbox 857 1406 1128 1462; x_wconf 83' lang='lat' dir='ltr'><strong>Dominus</strong></span> <span class='ocrx_word' id='word_1_82' title='bbox 1159 1406 1338 1462; x_wconf 82' lang='lat' dir='ltr'><strong>servis</strong></span> <span class='ocrx_word' id='word_1_83' title='bbox 1366 1406 1482 1463; x_wconf 89' lang='lat' dir='ltr'><strong>suis</strong></span> <span class='ocrx_word' id='word_1_84' title='bbox 1512 1406 1782 1480; x_wconf 87' lang='lat' dir='ltr'><strong>loquitur,</strong></span> <span class='ocrx_word' id='word_1_85' title='bbox 1826 1421 1955 1462; x_wconf 90' lang='lat' dir='ltr'><strong>cum</strong></span> <span class='ocrx_word' id='word_1_86' title='bbox 1985 1421 2078 1462; x_wconf 89' lang='lat' dir='ltr'><strong>eos</strong></span> 
     </span>
    </p>
   </div>
   <div class='ocr_carea' id='block_1_15' title="bbox 469 1493 2076 1570">
    <p class='ocr_par' dir='ltr' id='par_1_15' title="bbox 469 1493 2076 1570">
     <span class='ocr_line' id='line_1_15' title="bbox 469 1493 2076 1570; baseline 0.002 -20"><span class='ocrx_word' id='word_1_87' title='bbox 469 1493 801 1554; x_wconf 84' lang='lat' dir='ltr'><strong>intrinsecus</strong></span> <span class='ocrx_word' id='word_1_88' title='bbox 829 1511 925 1570; x_wconf 89' lang='lat' dir='ltr'><strong>per</strong></span> <span class='ocrx_word' id='word_1_89' title='bbox 945 1497 1433 1568; x_wconf 89' lang='lat' dir='ltr'><strong>compunctionem</strong></span> <span class='ocrx_word' id='word_1_90' title='bbox 1460 1497 1741 1570; x_wconf 85' lang='lat' dir='ltr'><strong>provehit,</strong></span> <span class='ocrx_word' id='word_1_91' title='bbox 1773 1497 1931 1552; x_wconf 89' lang='lat' dir='ltr'><strong>aliter</strong></span> <span class='ocrx_word' id='word_1_92' title='bbox 1950 1513 2076 1553; x_wconf 88' lang='lat' dir='ltr'><strong>cum</strong></span> 
     </span>
    </p>
   </div>
   <div class='ocr_carea' id='block_1_16' title="bbox 470 1584 2077 1664">
    <p class='ocr_par' dir='ltr' id='par_1_16' title="bbox 470 1584 2077 1664">
     <span class='ocr_line' id='line_1_16' title="bbox 470 1584 2077 1664; baseline 0 -22"><span class='ocrx_word' id='word_1_93' title='bbox 470 1599 570 1656; x_wconf 85' lang='lat' dir='ltr'><strong>per</strong></span> <span class='ocrx_word' id='word_1_94' title='bbox 601 1584 1008 1664; x_wconf 82' lang='lat' dir='ltr'><strong>districtionem</strong></span> <span class='ocrx_word' id='word_1_95' title='bbox 1049 1603 1120 1643; x_wconf 92' lang='lat' dir='ltr'><strong>ne</strong></span> <span class='ocrx_word' id='word_1_96' title='bbox 1163 1587 1504 1644; x_wconf 83' lang='lat' dir='ltr'><strong>extollantur</strong></span> <span class='ocrx_word' id='word_1_97' title='bbox 1533 1587 1754 1660; x_wconf 88' lang='lat' dir='ltr'><strong>premit.</strong></span> <span class='ocrx_word' id='word_1_98' title='bbox 1795 1587 1898 1643; x_wconf 89' lang='lat' dir='ltr'><strong>Per</strong></span> <span class='ocrx_word' id='word_1_99' title='bbox 1924 1586 2077 1642; x_wconf 88' lang='lat' dir='ltr'><strong>blan-</strong></span> 
     </span>
    </p>
   </div>
   <div class='ocr_carea' id='block_1_17' title="bbox 468 1673 2076 1747">
    <p class='ocr_par' dir='ltr' id='par_1_17' title="bbox 468 1673 2076 1747">
     <span class='ocr_line' id='line_1_17' title="bbox 468 1673 2076 1747; baseline 0 -15"><span class='ocrx_word' id='word_1_100' title='bbox 468 1674 596 1732; x_wconf 86' lang='lat' dir='ltr'><strong>dam</strong></span> <span class='ocrx_word' id='word_1_101' title='bbox 625 1675 776 1731; x_wconf 91' lang='lat' dir='ltr'><strong>enim</strong></span> <span class='ocrx_word' id='word_1_102' title='bbox 804 1675 1148 1733; x_wconf 89' lang='lat' dir='ltr'><strong>locutionem</strong></span> <span class='ocrx_word' id='word_1_103' title='bbox 1177 1675 1407 1732; x_wconf 90' lang='lat' dir='ltr'><strong>Domini</strong></span> <span class='ocrx_word' id='word_1_104' title='bbox 1435 1676 1672 1734; x_wconf 89' lang='lat' dir='ltr'><strong>amanda</strong></span> <span class='ocrx_word' id='word_1_105' title='bbox 1697 1676 1933 1734; x_wconf 89' lang='lat' dir='ltr'><strong>dulcedo</strong></span> <span class='ocrx_word' id='word_1_106' title='bbox 1958 1673 2076 1747; x_wconf 89' lang='lat' dir='ltr'><strong>ejus</strong></span> 
     </span>
    </p>
   </div>
   <div class='ocr_carea' id='block_1_18' title="bbox 467 1763 2075 1838">
    <p class='ocr_par' dir='ltr' id='par_1_18' title="bbox 467 1763 2075 1838">
     <span class='ocr_line' id='line_1_18' title="bbox 467 1763 2075 1838; baseline 0.001 -17"><span class='ocrx_word' id='word_1_107' title='bbox 467 1765 490 1802; x_wconf 79' lang='grc'><em>³</em></span> <span class='ocrx_word' id='word_1_108' title='bbox 510 1763 851 1831; x_wconf 86' lang='lat' dir='ltr'><strong>ostenditur;</strong></span> <span class='ocrx_word' id='word_1_109' title='bbox 892 1779 989 1837; x_wconf 90' lang='lat' dir='ltr'><strong>per</strong></span> <span class='ocrx_word' id='word_1_110' title='bbox 1016 1763 1324 1822; x_wconf 87' lang='lat' dir='ltr'><strong>terribilem</strong></span> <span class='ocrx_word' id='word_1_111' title='bbox 1363 1781 1494 1820; x_wconf 91' lang='lat' dir='ltr'><strong>vero</strong></span> <span class='ocrx_word' id='word_1_112' title='bbox 1525 1773 1762 1838; x_wconf 85' lang='lat' dir='ltr'><strong>potestas</strong></span> <span class='ocrx_word' id='word_1_113' title='bbox 1791 1765 1910 1838; x_wconf 86' lang='lat' dir='ltr'><strong>ejus</strong></span> <span class='ocrx_word' id='word_1_114' title='bbox 1957 1781 2075 1822; x_wconf 87' lang='lat' dir='ltr'><strong>me-</strong></span> 
     </span>
    </p>
   </div>
   <div class='ocr_carea' id='block_1_19' title="bbox 2181 589 3816 665">
    <p class='ocr_par' dir='ltr' id='par_1_19' title="bbox 2181 589 3816 665">
     <span class='ocr_line' id='line_1_19' title="bbox 2181 589 3816 665; baseline -0.001 -17"><span class='ocrx_word' id='word_1_115' title='bbox 2181 593 2256 648; x_wconf 90' lang='lat' dir='ltr'><strong>Et</strong></span> <span class='ocrx_word' id='word_1_116' title='bbox 2282 607 2458 665; x_wconf 89' lang='lat' dir='ltr'><strong>neque</strong></span> <span class='ocrx_word' id='word_1_117' title='bbox 2488 591 2632 664; x_wconf 88' lang='lat' dir='ltr'><strong>ignis</strong></span> <span class='ocrx_word' id='word_1_118' title='bbox 2651 594 2817 660; x_wconf 90' lang='lat' dir='ltr'><strong>Deus,</strong></span> <span class='ocrx_word' id='word_1_119' title='bbox 2847 607 3025 664; x_wconf 90' lang='lat' dir='ltr'><strong>neque</strong></span> <span class='ocrx_word' id='word_1_120' title='bbox 3064 590 3159 646; x_wconf 91' lang='lat' dir='ltr'><strong>ille</strong></span> <span class='ocrx_word' id='word_1_121' title='bbox 3179 589 3398 646; x_wconf 90' lang='lat' dir='ltr'><strong>sonitus</strong></span> <span class='ocrx_word' id='word_1_122' title='bbox 3421 589 3554 658; x_wconf 83' lang='lat' dir='ltr'><strong>fuit,</strong></span> <span class='ocrx_word' id='word_1_123' title='bbox 3577 589 3675 646; x_wconf 87' lang='lat' dir='ltr'><strong>sed</strong></span> <span class='ocrx_word' id='word_1_124' title='bbox 3707 606 3816 664; x_wconf 88' lang='lat' dir='ltr'><strong>per</strong></span> 
     </span>
    </p>
   </div>
   <div class='ocr_carea' id='block_1_20' title="bbox 2183 681 3813 758">
    <p class='ocr_par' dir='ltr' id='par_1_20' title="bbox 2183 681 3813 758">
     <span class='ocr_line' id='line_1_20' title="bbox 2183 681 3813 758; baseline 0 -18"><span class='ocrx_word' id='word_1_125' title='bbox 2183 682 2291 741; x_wconf 91' lang='lat' dir='ltr'><strong>hoc</strong></span> <span class='ocrx_word' id='word_1_126' title='bbox 2321 683 2468 758; x_wconf 89' lang='lat' dir='ltr'><strong>quod</strong></span> <span class='ocrx_word' id='word_1_127' title='bbox 2496 685 2742 742; x_wconf 86' lang='lat' dir='ltr'><strong>exterius</strong></span> <span class='ocrx_word' id='word_1_128' title='bbox 2763 683 3049 752; x_wconf 82' lang='lat' dir='ltr'><strong>exhibuit,</strong></span> <span class='ocrx_word' id='word_1_129' title='bbox 3071 683 3346 756; x_wconf 85' lang='lat' dir='ltr'><strong>expressit</strong></span> <span class='ocrx_word' id='word_1_130' title='bbox 3374 681 3483 740; x_wconf 88' lang='lat' dir='ltr'><strong>hoc</strong></span> <span class='ocrx_word' id='word_1_131' title='bbox 3498 682 3651 756; x_wconf 91' lang='lat' dir='ltr'><strong>quod</strong></span> <span class='ocrx_word' id='word_1_132' title='bbox 3668 683 3813 740; x_wconf 81' lang='lat' dir='ltr'><strong>inte-</strong></span> 
     </span>
    </p>
   </div>
   <div class='ocr_carea' id='block_1_21' title="bbox 2183 771 3810 846">
    <p class='ocr_par' dir='ltr' id='par_1_21' title="bbox 2183 771 3810 846">
     <span class='ocr_line' id='line_1_21' title="bbox 2183 771 3810 846; baseline -0.001 -16"><span class='ocrx_word' id='word_1_133' title='bbox 2183 773 2300 830; x_wconf 88' lang='lat' dir='ltr'><strong>rius</strong></span> <span class='ocrx_word' id='word_1_134' title='bbox 2335 775 2521 846; x_wconf 79' lang='lat' dir='ltr'><strong>gessit.</strong></span> <span class='ocrx_word' id='word_1_135' title='bbox 2562 774 2703 842; x_wconf 84' lang='lat' dir='ltr'><strong>Quia</strong></span> <span class='ocrx_word' id='word_1_136' title='bbox 2737 772 2887 828; x_wconf 91' lang='lat' dir='ltr'><strong>enim</strong></span> <span class='ocrx_word' id='word_1_137' title='bbox 2919 771 3228 846; x_wconf 88' lang='lat' dir='ltr'><strong>discipulos</strong></span> <span class='ocrx_word' id='word_1_138' title='bbox 3257 779 3312 828; x_wconf 90' lang='lat' dir='ltr'><strong>et</strong></span> <span class='ocrx_word' id='word_1_139' title='bbox 3339 772 3459 828; x_wconf 83' lang='lat' dir='ltr'><strong>zelo</strong></span> <span class='ocrx_word' id='word_1_140' title='bbox 3490 787 3810 842; x_wconf 88' lang='lat' dir='ltr'><strong>succensos,</strong></span> 
     </span>
    </p>
   </div>
   <div class='ocr_carea' id='block_1_22' title="bbox 2182 863 3816 938">
    <p class='ocr_par' dir='ltr' id='par_1_22' title="bbox 2182 863 3816 938">
     <span class='ocr_line' id='line_1_22' title="bbox 2182 863 3816 938; baseline 0.001 -17"><span class='ocrx_word' id='word_1_141' title='bbox 2182 871 2235 921; x_wconf 88' lang='lat' dir='ltr'><strong>et</strong></span> <span class='ocrx_word' id='word_1_142' title='bbox 2265 865 2434 921; x_wconf 88' lang='lat' dir='ltr'><strong>verbo</strong></span> <span class='ocrx_word' id='word_1_143' title='bbox 2464 863 2714 921; x_wconf 86' lang='lat' dir='ltr'><strong>eruditos</strong></span> <span class='ocrx_word' id='word_1_144' title='bbox 2745 864 2901 920; x_wconf 90' lang='lat' dir='ltr'><strong>intus</strong></span> <span class='ocrx_word' id='word_1_145' title='bbox 2922 863 3187 933; x_wconf 81' lang='lat' dir='ltr'><strong>reddidit,</strong></span> <span class='ocrx_word' id='word_1_146' title='bbox 3215 865 3351 920; x_wconf 89' lang='lat' dir='ltr'><strong>foris</strong></span> <span class='ocrx_word' id='word_1_147' title='bbox 3379 863 3601 936; x_wconf 80' lang='lat' dir='ltr'><strong>linguas</strong></span> <span class='ocrx_word' id='word_1_148' title='bbox 3623 865 3816 938; x_wconf 87' lang='lat' dir='ltr'><strong>igneas</strong></span> 
     </span>
    </p>
   </div>
   <div class='ocr_carea' id='block_1_23' title="bbox 2183 953 3814 1026">
    <p class='ocr_par' dir='ltr' id='par_1_23' title="bbox 2183 953 3814 1026">
     <span class='ocr_line' id='line_1_23' title="bbox 2183 953 3814 1026; baseline 0 -16"><span class='ocrx_word' id='word_1_149' title='bbox 2183 956 2442 1011; x_wconf 88' lang='lat' dir='ltr'><strong>ostendit.</strong></span> <span class='ocrx_word' id='word_1_150' title='bbox 2475 957 2537 1010; x_wconf 89' lang='lat' dir='ltr'><strong>In</strong></span> <span class='ocrx_word' id='word_1_151' title='bbox 2585 953 2995 1026; x_wconf 89' lang='lat' dir='ltr'><strong>signiﬁcatione</strong></span> <span class='ocrx_word' id='word_1_152' title='bbox 3039 953 3213 1026; x_wconf 88' lang='lat' dir='ltr'><strong>igitur</strong></span> <span class='ocrx_word' id='word_1_153' title='bbox 3259 954 3482 1011; x_wconf 88' lang='lat' dir='ltr'><strong>admota</strong></span> <span class='ocrx_word' id='word_1_154' title='bbox 3523 963 3658 1011; x_wconf 88' lang='lat' dir='ltr'><strong>sunt</strong></span> <span class='ocrx_word' id='word_1_155' title='bbox 3703 955 3814 1012; x_wconf 65' lang='lat' dir='ltr'><strong>eleo</strong></span> 
     </span>
    </p>
   </div>
   <div class='ocr_carea' id='block_1_24' title="bbox 2183 1043 3814 1118">
    <p class='ocr_par' dir='ltr' id='par_1_24' title="bbox 2183 1043 3814 1118">
     <span class='ocr_line' id='line_1_24' title="bbox 2183 1043 3814 1118; baseline 0 -18"><span class='ocrx_word' id='word_1_156' title='bbox 2183 1053 2386 1114; x_wconf 90' lang='lat' dir='ltr'><strong>menta,</strong></span> <span class='ocrx_word' id='word_1_157' title='bbox 2420 1053 2481 1100; x_wconf 90' lang='lat' dir='ltr'><strong>ut</strong></span> <span class='ocrx_word' id='word_1_158' title='bbox 2503 1045 2682 1116; x_wconf 91' lang='lat' dir='ltr'><strong>ignem</strong></span> <span class='ocrx_word' id='word_1_159' title='bbox 2715 1052 2770 1101; x_wconf 87' lang='lat' dir='ltr'><strong>et</strong></span> <span class='ocrx_word' id='word_1_160' title='bbox 2799 1044 3049 1100; x_wconf 87' lang='lat' dir='ltr'><strong>sonitum</strong></span> <span class='ocrx_word' id='word_1_161' title='bbox 3091 1044 3362 1100; x_wconf 85' lang='lat' dir='ltr'><strong>sentirent</strong></span> <span class='ocrx_word' id='word_1_162' title='bbox 3391 1059 3647 1118; x_wconf 90' lang='lat' dir='ltr'><strong>corpora,</strong></span> <span class='ocrx_word' id='word_1_163' title='bbox 3683 1043 3814 1117; x_wconf 87' lang='lat' dir='ltr'><strong>igne</strong></span> 
     </span>
    </p>
   </div>
   <div class='ocr_carea' id='block_1_25' title="bbox 2184 1135 3810 1194">
    <p class='ocr_par' dir='ltr' id='par_1_25' title="bbox 2184 1135 3810 1194">
     <span class='ocr_line' id='line_1_25' title="bbox 2184 1135 3810 1194; baseline 0.001 -3"><span class='ocrx_word' id='word_1_164' title='bbox 2184 1153 2314 1192; x_wconf 87' lang='lat' dir='ltr'><strong>vero</strong></span> <span class='ocrx_word' id='word_1_165' title='bbox 2345 1137 2619 1192; x_wconf 87' lang='lat' dir='ltr'><strong>invisibili</strong></span> <span class='ocrx_word' id='word_1_166' title='bbox 2648 1145 2702 1194; x_wconf 91' lang='lat' dir='ltr'><strong>et</strong></span> <span class='ocrx_word' id='word_1_167' title='bbox 2723 1153 2862 1193; x_wconf 85' lang='lat' dir='ltr'><strong>voce</strong></span> <span class='ocrx_word' id='word_1_168' title='bbox 2894 1135 3013 1191; x_wconf 89' lang='lat' dir='ltr'><strong>sine</strong></span> <span class='ocrx_word' id='word_1_169' title='bbox 3042 1135 3233 1192; x_wconf 90' lang='lat' dir='ltr'><strong>sonitu</strong></span> <span class='ocrx_word' id='word_1_170' title='bbox 3255 1135 3589 1192; x_wconf 87' lang='lat' dir='ltr'><strong>docerentur</strong></span> <span class='ocrx_word' id='word_1_171' title='bbox 3615 1135 3810 1194; x_wconf 87' lang='lat' dir='ltr'><strong>corda.</strong></span> 
     </span>
    </p>
   </div>
   <div class='ocr_carea' id='block_1_26' title="bbox 2185 1225 3812 1299">
    <p class='ocr_par' dir='ltr' id='par_1_26' title="bbox 2185 1225 3812 1299">
     <span class='ocr_line' id='line_1_26' title="bbox 2185 1225 3812 1299; baseline 0 -17"><span class='ocrx_word' id='word_1_172' title='bbox 2185 1227 2342 1282; x_wconf 87' lang='lat' dir='ltr'><strong>Foris</strong></span> <span class='ocrx_word' id='word_1_173' title='bbox 2389 1243 2515 1298; x_wconf 87' lang='lat' dir='ltr'><strong>ergo</strong></span> <span class='ocrx_word' id='word_1_174' title='bbox 2563 1227 2673 1284; x_wconf 90' lang='lat' dir='ltr'><strong>fuit</strong></span> <span class='ocrx_word' id='word_1_175' title='bbox 2722 1225 2870 1298; x_wconf 86' lang='lat' dir='ltr'><strong>ignis</strong></span> <span class='ocrx_word' id='word_1_176' title='bbox 2927 1225 3021 1298; x_wconf 89' lang='lat' dir='ltr'><strong>qui</strong></span> <span class='ocrx_word' id='word_1_177' title='bbox 3068 1226 3341 1298; x_wconf 87' lang='lat' dir='ltr'><strong>apparuit,</strong></span> <span class='ocrx_word' id='word_1_178' title='bbox 3395 1225 3488 1281; x_wconf 89' lang='lat' dir='ltr'><strong>sed</strong></span> <span class='ocrx_word' id='word_1_179' title='bbox 3527 1225 3682 1282; x_wconf 91' lang='lat' dir='ltr'><strong>intus</strong></span> <span class='ocrx_word' id='word_1_180' title='bbox 3711 1225 3812 1299; x_wconf 89' lang='lat' dir='ltr'><strong>qui</strong></span> 
     </span>
    </p>
   </div>
   <div class='ocr_carea' id='block_1_27' title="bbox 2184 1314 3812 1388">
    <p class='ocr_par' dir='ltr' id='par_1_27' title="bbox 2184 1314 3812 1388">
     <span class='ocr_line' id='line_1_27' title="bbox 2184 1314 3812 1388; baseline 0.001 -17"><span class='ocrx_word' id='word_1_181' title='bbox 2184 1315 2471 1372; x_wconf 86' lang='lat' dir='ltr'><strong>scientiam</strong></span> <span class='ocrx_word' id='word_1_182' title='bbox 2503 1317 2674 1373; x_wconf 88' lang='lat' dir='ltr'><strong>dedit.</strong></span> <span class='ocrx_word' id='word_1_183' title='bbox 2708 1318 2781 1373; x_wconf 90' lang='lat' dir='ltr'><strong>Et</strong></span> <span class='ocrx_word' id='word_1_184' title='bbox 2810 1333 2936 1374; x_wconf 88' lang='lat' dir='ltr'><strong>cum</strong></span> <span class='ocrx_word' id='word_1_185' title='bbox 2973 1316 3178 1388; x_wconf 72' lang='lat' dir='ltr'><strong>reginae</strong></span> <span class='ocrx_word' id='word_1_186' title='bbox 3209 1314 3485 1373; x_wconf 90' lang='lat' dir='ltr'><strong>Candacis</strong></span> <span class='ocrx_word' id='word_1_187' title='bbox 3513 1314 3812 1373; x_wconf 88' lang='lat' dir='ltr'><strong>eunuchus</strong></span> 
     </span>
    </p>
   </div>
   <div class='ocr_carea' id='block_1_28' title="bbox 2185 1405 3813 1479">
    <p class='ocr_par' dir='ltr' id='par_1_28' title="bbox 2185 1405 3813 1479">
     <span class='ocr_line' id='line_1_28' title="bbox 2185 1405 3813 1479; baseline 0.001 -18"><span class='ocrx_word' id='word_1_188' title='bbox 2185 1406 2372 1462; x_wconf 87' lang='lat' dir='ltr'><strong>currui</strong></span> <span class='ocrx_word' id='word_1_189' title='bbox 2394 1405 2691 1479; x_wconf 69' lang='lat' dir='ltr'><strong>prmsidens</strong></span> <span class='ocrx_word' id='word_1_190' title='bbox 2711 1406 2816 1462; x_wconf 90' lang='lat' dir='ltr'><strong>iter</strong></span> <span class='ocrx_word' id='word_1_191' title='bbox 2852 1414 3094 1478; x_wconf 82' lang='lat' dir='ltr'><strong>caperet,</strong></span> <span class='ocrx_word' id='word_1_192' title='bbox 3117 1413 3280 1478; x_wconf 89' lang='lat' dir='ltr'><strong>atque</strong></span> <span class='ocrx_word' id='word_1_193' title='bbox 3306 1406 3354 1440; x_wconf 88' lang='grc'><strong>¹⁰</strong></span> <span class='ocrx_word' id='word_1_194' title='bbox 3373 1405 3570 1462; x_wconf 84' lang='lat' dir='ltr'><strong>Isaiam</strong></span> <span class='ocrx_word' id='word_1_195' title='bbox 3593 1421 3706 1462; x_wconf 91' lang='lat' dir='ltr'><strong>non</strong></span> <span class='ocrx_word' id='word_1_196' title='bbox 3727 1406 3813 1462; x_wconf 87' lang='lat' dir='ltr'><strong>in-</strong></span> 
     </span>
    </p>
   </div>
   <div class='ocr_carea' id='block_1_29' title="bbox 2185 1495 3812 1570">
    <p class='ocr_par' dir='ltr' id='par_1_29' title="bbox 2185 1495 3812 1570">
     <span class='ocr_line' id='line_1_29' title="bbox 2185 1495 3812 1570; baseline 0.001 -19"><span class='ocrx_word' id='word_1_197' title='bbox 2185 1497 2438 1569; x_wconf 89' lang='lat' dir='ltr'><strong>telligens</strong></span> <span class='ocrx_word' id='word_1_198' title='bbox 2467 1497 2524 1552; x_wconf 90' lang='lat' dir='ltr'><strong>in</strong></span> <span class='ocrx_word' id='word_1_199' title='bbox 2556 1495 2818 1552; x_wconf 89' lang='lat' dir='ltr'><strong>manibus</strong></span> <span class='ocrx_word' id='word_1_200' title='bbox 2849 1495 3098 1563; x_wconf 86' lang='lat' dir='ltr'><strong>haberet,</strong></span> <span class='ocrx_word' id='word_1_201' title='bbox 3127 1495 3183 1550; x_wconf 89' lang='lat' dir='ltr'><strong>in</strong></span> <span class='ocrx_word' id='word_1_202' title='bbox 3203 1495 3367 1552; x_wconf 91' lang='lat' dir='ltr'><strong>corde</strong></span> <span class='ocrx_word' id='word_1_203' title='bbox 3397 1495 3665 1552; x_wconf 88' lang='lat' dir='ltr'><strong>nimirum</strong></span> <span class='ocrx_word' id='word_1_204' title='bbox 3697 1497 3812 1570; x_wconf 86' lang='lat' dir='ltr'><strong>spi-</strong></span> 
     </span>
    </p>
   </div>
   <div class='ocr_carea' id='block_1_30' title="bbox 2185 1586 3808 1660">
    <p class='ocr_par' dir='ltr' id='par_1_30' title="bbox 2185 1586 3808 1660">
     <span class='ocr_line' id='line_1_30' title="bbox 2185 1586 3808 1660; baseline 0.002 -19"><span class='ocrx_word' id='word_1_205' title='bbox 2185 1586 2326 1642; x_wconf 88' lang='lat' dir='ltr'><strong>ritus</strong></span> <span class='ocrx_word' id='word_1_206' title='bbox 2363 1586 2620 1660; x_wconf 90' lang='lat' dir='ltr'><strong>Philippo</strong></span> <span class='ocrx_word' id='word_1_207' title='bbox 2649 1586 2880 1642; x_wconf 86' lang='lat' dir='ltr'><strong>dixerat</strong></span> <span class='ocrx_word' id='word_1_208' title='bbox 2905 1602 2917 1641; x_wconf 94' lang='lat'>:</span> <span class='ocrx_word' id='word_1_209' title='bbox 2954 1586 3204 1657; x_wconf 82' lang='lat' dir='ltr'><strong>Adjunge</strong></span> <span class='ocrx_word' id='word_1_210' title='bbox 3236 1592 3280 1641; x_wconf 82' lang='lat' dir='ltr'><strong>te</strong></span> <span class='ocrx_word' id='word_1_211' title='bbox 3308 1586 3379 1642; x_wconf 87' lang='lat' dir='ltr'><strong>ad</strong></span> <span class='ocrx_word' id='word_1_212' title='bbox 3405 1603 3626 1642; x_wconf 84' lang='lat' dir='ltr'><strong>currum</strong></span> <span class='ocrx_word' id='word_1_213' title='bbox 3657 1587 3808 1659; x_wconf 83' lang='lat' dir='ltr'><strong>(Act.</strong></span> 
     </span>
    </p>
   </div>
   <div class='ocr_carea' id='block_1_31' title="bbox 2185 1676 3810 1748">
    <p class='ocr_par' dir='ltr' id='par_1_31' title="bbox 2185 1676 3810 1748">
     <span class='ocr_line' id='line_1_31' title="bbox 2185 1676 3810 1748; baseline 0.001 -17"><span class='ocrx_word' id='word_1_214' title='bbox 2185 1693 2309 1744; x_wconf 80' lang='lat' dir='ltr'><strong>VIII,</strong></span> <span class='ocrx_word' id='word_1_215' title='bbox 2343 1676 2458 1748; x_wconf 80' lang='lat'><strong>29).</strong></span> <span class='ocrx_word' id='word_1_216' title='bbox 2493 1678 2562 1732; x_wconf 88' lang='lat' dir='ltr'><strong>Et</strong></span> <span class='ocrx_word' id='word_1_217' title='bbox 2603 1694 2729 1733; x_wconf 89' lang='lat' dir='ltr'><strong>cum</strong></span> <span class='ocrx_word' id='word_1_218' title='bbox 2780 1676 2850 1732; x_wconf 93' lang='lat' dir='ltr'><strong>ad</strong></span> <span class='ocrx_word' id='word_1_219' title='bbox 2896 1676 3243 1732; x_wconf 81' lang='lat' dir='ltr'><strong>evocandum</strong></span> <span class='ocrx_word' id='word_1_220' title='bbox 3291 1677 3514 1733; x_wconf 89' lang='lat' dir='ltr'><strong>Petrum</strong></span> <span class='ocrx_word' id='word_1_221' title='bbox 3545 1676 3810 1734; x_wconf 85' lang='lat' dir='ltr'><strong>timentes</strong></span> 
     </span>
    </p>
   </div>
   <div class='ocr_carea' id='block_1_32' title="bbox 2185 1764 3809 1840">
    <p class='ocr_par' dir='ltr' id='par_1_32' title="bbox 2185 1764 3809 1840">
     <span class='ocr_line' id='line_1_32' title="bbox 2185 1764 3809 1840; baseline 0.001 -20"><span class='ocrx_word' id='word_1_222' title='bbox 2185 1766 2359 1822; x_wconf 90' lang='lat' dir='ltr'><strong>Deum</strong></span> <span class='ocrx_word' id='word_1_223' title='bbox 2391 1766 2595 1822; x_wconf 90' lang='lat' dir='ltr'><strong>milites</strong></span> <span class='ocrx_word' id='word_1_224' title='bbox 2626 1765 2918 1823; x_wconf 89' lang='lat' dir='ltr'><strong>Cornelius</strong></span> <span class='ocrx_word' id='word_1_225' title='bbox 2947 1764 3267 1834; x_wconf 87' lang='lat' dir='ltr'><strong>direxisset,</strong></span> <span class='ocrx_word' id='word_1_226' title='bbox 3303 1765 3362 1822; x_wconf 89' lang='lat' dir='ltr'><strong>in</strong></span> <span class='ocrx_word' id='word_1_227' title='bbox 3393 1773 3577 1824; x_wconf 90' lang='lat' dir='ltr'><strong>mente</strong></span> <span class='ocrx_word' id='word_1_228' title='bbox 3607 1767 3809 1840; x_wconf 88' lang='lat' dir='ltr'><strong>procul</strong></span> 
     </span>
    </p>
   </div>
   <div class='ocr_carea' id='block_1_33' title="bbox 466 1852 3808 1937">
    <p class='ocr_par' dir='ltr' id='par_1_33' title="bbox 466 1852 3808 1937">
     <span class='ocr_line' id='line_1_33' title="bbox 466 1852 3808 1937; baseline 0.001 -29"><span class='ocrx_word' id='word_1_229' title='bbox 466 1852 676 1909; x_wconf 89' lang='lat' dir='ltr'><strong>tuenda</strong></span> <span class='ocrx_word' id='word_1_230' title='bbox 719 1860 1078 1908; x_wconf 88' lang='lat' dir='ltr'><strong>monstratur.</strong></span> <span class='ocrx_word' id='word_1_231' title='bbox 1117 1853 1179 1909; x_wconf 93' lang='lat' dir='ltr'><strong>In</strong></span> <span class='ocrx_word' id='word_1_232' title='bbox 1208 1852 1307 1908; x_wconf 90' lang='lat' dir='ltr'><strong>illa</strong></span> <span class='ocrx_word' id='word_1_233' title='bbox 1346 1855 1704 1926; x_wconf 87' lang='lat' dir='ltr'><strong>persuadetur</strong></span> <span class='ocrx_word' id='word_1_234' title='bbox 1733 1857 1754 1890; x_wconf 83' lang='grc'><strong>³</strong></span> <span class='ocrx_word' id='word_1_235' title='bbox 1785 1855 1985 1911; x_wconf 85' lang='lat' dir='ltr'><strong>animae</strong></span> <span class='ocrx_word' id='word_1_236' title='bbox 2015 1862 2076 1912; x_wconf 91' lang='lat' dir='ltr'><strong>ut</strong></span> <span class='ocrx_word' id='word_1_237' title='bbox 2107 1877 2153 1937; x_wconf 82' lang='grc' dir='ltr'><strong>Β</strong></span> <span class='ocrx_word' id='word_1_238' title='bbox 2188 1855 2358 1912; x_wconf 89' lang='lat' dir='ltr'><strong>dubio</strong></span> <span class='ocrx_word' id='word_1_239' title='bbox 2386 1873 2417 1912; x_wconf 93' lang='lat' dir='ltr'><strong>a</strong></span> <span class='ocrx_word' id='word_1_240' title='bbox 2445 1856 2644 1928; x_wconf 88' lang='lat' dir='ltr'><strong>spiritu</strong></span> <span class='ocrx_word' id='word_1_241' title='bbox 2672 1856 2865 1912; x_wconf 88' lang='lat' dir='ltr'><strong>Petrus</strong></span> <span class='ocrx_word' id='word_1_242' title='bbox 2889 1855 3148 1913; x_wconf 86' lang='lat' dir='ltr'><strong>audivit:</strong></span> <span class='ocrx_word' id='word_1_243' title='bbox 3195 1857 3329 1913; x_wconf 85' lang='lat' dir='ltr'><strong>Ecce</strong></span> <span class='ocrx_word' id='word_1_244' title='bbox 3371 1862 3475 1912; x_wconf 89' lang='lat' dir='ltr'><strong>tres</strong></span> <span class='ocrx_word' id='word_1_245' title='bbox 3523 1856 3632 1912; x_wconf 85' lang='lat' dir='ltr'><strong>viri</strong></span> <span class='ocrx_word' id='word_1_246' title='bbox 3661 1875 3808 1929; x_wconf 72' lang='lat' dir='ltr'><strong>qua?-</strong></span> 
     </span>
    </p>
   </div>
   <div class='ocr_carea' id='block_1_34' title="bbox 471 1940 3805 2020">
    <p class='ocr_par' dir='ltr' id='par_1_34' title="bbox 471 1940 3805 2020">
     <span class='ocr_line' id='line_1_34' title="bbox 471 1940 3805 2020; baseline 0.002 -23"><span class='ocrx_word' id='word_1_247' title='bbox 471 1940 744 2016; x_wconf 84' lang='lat' dir='ltr'><strong>proﬁciat,</strong></span> <span class='ocrx_word' id='word_1_248' title='bbox 788 1941 848 1998; x_wconf 84' lang='lat' dir='ltr'><strong>in</strong></span> <span class='ocrx_word' id='word_1_249' title='bbox 891 1942 996 1998; x_wconf 85' lang='lat' dir='ltr'><strong>ista</strong></span> <span class='ocrx_word' id='word_1_250' title='bbox 1037 1943 1364 2016; x_wconf 83' lang='lat' dir='ltr'><strong>reprimitur</strong></span> <span class='ocrx_word' id='word_1_251' title='bbox 1411 1960 1532 2017; x_wconf 69' lang='lat' dir='ltr'><strong>qum</strong></span> <span class='ocrx_word' id='word_1_252' title='bbox 1575 1943 1817 2017; x_wconf 85' lang='lat' dir='ltr'><strong>proﬁcit.</strong></span> <span class='ocrx_word' id='word_1_253' title='bbox 1871 1945 1930 2000; x_wconf 86' lang='lat' dir='ltr'><strong>In</strong></span> <span class='ocrx_word' id='word_1_254' title='bbox 1979 1944 2078 2002; x_wconf 88' lang='lat' dir='ltr'><strong>illa</strong></span> <span class='ocrx_word' id='word_1_255' title='bbox 2185 1953 2314 2000; x_wconf 87' lang='lat' dir='ltr'><strong>runt</strong></span> <span class='ocrx_word' id='word_1_256' title='bbox 2335 1953 2399 2016; x_wconf 88' lang='lat' dir='ltr'><strong>te,</strong></span> <span class='ocrx_word' id='word_1_257' title='bbox 2430 1963 2584 2017; x_wconf 84' lang='lat' dir='ltr'><strong>surge</strong></span> <span class='ocrx_word' id='word_1_258' title='bbox 2612 1947 2806 2018; x_wconf 87' lang='lat' dir='ltr'><strong>itaque,</strong></span> <span class='ocrx_word' id='word_1_259' title='bbox 2829 1948 3070 2002; x_wconf 85' lang='lat' dir='ltr'><strong>descende</strong></span> <span class='ocrx_word' id='word_1_260' title='bbox 3088 1954 3135 2002; x_wconf 88' lang='lat' dir='ltr'><strong>et</strong></span> <span class='ocrx_word' id='word_1_261' title='bbox 3173 1949 3302 2003; x_wconf 85' lang='lat' dir='ltr'><strong>vade</strong></span> <span class='ocrx_word' id='word_1_262' title='bbox 3319 1965 3438 2002; x_wconf 89' lang='lat' dir='ltr'><strong>cum</strong></span> <span class='ocrx_word' id='word_1_263' title='bbox 3464 1949 3536 2004; x_wconf 85' lang='lat' dir='ltr'><strong>eis</strong></span> <span class='ocrx_word' id='word_1_264' title='bbox 3571 1948 3716 2020; x_wconf 86' lang='lat' dir='ltr'><strong>(Act.</strong></span> <span class='ocrx_word' id='word_1_265' title='bbox 3745 1966 3805 2018; x_wconf 82' lang='lat' dir='ltr'><strong>x,</strong></span> 
     </span>
    </p>
   </div>
   <div class='ocr_carea' id='block_1_35' title="bbox 469 2031 2075 2106">
    <p class='ocr_par' dir='ltr' id='par_1_35' title="bbox 469 2031 2075 2106">
     <span class='ocr_line' id='line_1_35' title="bbox 469 2031 2075 2106; baseline 0.001 -17"><span class='ocrx_word' id='word_1_266' title='bbox 469 2031 635 2090; x_wconf 83' lang='lat' dir='ltr'><strong>discit</strong></span> <span class='ocrx_word' id='word_1_267' title='bbox 663 2031 809 2106; x_wconf 91' lang='lat' dir='ltr'><strong>quod</strong></span> <span class='ocrx_word' id='word_1_268' title='bbox 845 2039 1087 2106; x_wconf 89' lang='lat' dir='ltr'><strong>appetat,</strong></span> <span class='ocrx_word' id='word_1_269' title='bbox 1117 2032 1176 2088; x_wconf 91' lang='lat' dir='ltr'><strong>in</strong></span> <span class='ocrx_word' id='word_1_270' title='bbox 1206 2033 1309 2089; x_wconf 90' lang='lat' dir='ltr'><strong>ista</strong></span> <span class='ocrx_word' id='word_1_271' title='bbox 1337 2032 1486 2106; x_wconf 90' lang='lat' dir='ltr'><strong>quod</strong></span> <span class='ocrx_word' id='word_1_272' title='bbox 1515 2039 1747 2090; x_wconf 89' lang='lat' dir='ltr'><strong>metuat.</strong></span> <span class='ocrx_word' id='word_1_273' title='bbox 1797 2034 1900 2090; x_wconf 90' lang='lat' dir='ltr'><strong>Per</strong></span> <span class='ocrx_word' id='word_1_274' title='bbox 1923 2034 2075 2090; x_wconf 90' lang='lat' dir='ltr'><strong>illam</strong></span> 
     </span>
    </p>
   </div>
   <div class='ocr_carea' id='block_1_36' title="bbox 470 2123 2073 2198">
    <p class='ocr_par' dir='ltr' id='par_1_36' title="bbox 470 2123 2073 2198">
     <span class='ocr_line' id='line_1_36' title="bbox 470 2123 2073 2198; baseline 0.001 -17"><span class='ocrx_word' id='word_1_275' title='bbox 470 2123 609 2183; x_wconf 86' lang='lat' dir='ltr'><strong>dicit</strong></span> <span class='ocrx_word' id='word_1_276' title='bbox 640 2141 652 2179; x_wconf 92' lang='lat'>:</span> <span class='ocrx_word' id='word_1_277' title='bbox 687 2124 708 2159; x_wconf 75' lang='lat'><strong>‘</strong></span> <span class='ocrx_word' id='word_1_278' title='bbox 743 2123 925 2181; x_wconf 80' lang='lat' dir='ltr'><strong>Gaude</strong></span> <span class='ocrx_word' id='word_1_279' title='bbox 951 2130 1000 2180; x_wconf 84' lang='lat' dir='ltr'><strong>et</strong></span> <span class='ocrx_word' id='word_1_280' title='bbox 1029 2125 1234 2195; x_wconf 68' lang='lat' dir='ltr'><strong>laetare,</strong></span> <span class='ocrx_word' id='word_1_281' title='bbox 1267 2127 1385 2198; x_wconf 78' lang='lat' dir='ltr'><strong>ﬁlia</strong></span> <span class='ocrx_word' id='word_1_282' title='bbox 1417 2127 1569 2193; x_wconf 84' lang='lat' dir='ltr'><strong>Sion,</strong></span> <span class='ocrx_word' id='word_1_283' title='bbox 1609 2126 1739 2196; x_wconf 84' lang='lat' dir='ltr'><strong>quia</strong></span> <span class='ocrx_word' id='word_1_284' title='bbox 1769 2143 1874 2182; x_wconf 88' lang='lat' dir='ltr'><strong>ecce</strong></span> <span class='ocrx_word' id='word_1_285' title='bbox 1903 2127 2073 2196; x_wconf 86' lang='lat' dir='ltr'><strong>venio,</strong></span> 
     </span>
    </p>
   </div>
   <div class='ocr_carea' id='block_1_37' title="bbox 469 2214 2076 2290">
    <p class='ocr_par' dir='ltr' id='par_1_37' title="bbox 469 2214 2076 2290">
     <span class='ocr_line' id='line_1_37' title="bbox 469 2214 2076 2290; baseline 0.002 -18"><span class='ocrx_word' id='word_1_286' title='bbox 469 2221 522 2272; x_wconf 83' lang='lat' dir='ltr'><strong>et</strong></span> <span class='ocrx_word' id='word_1_287' title='bbox 565 2214 809 2285; x_wconf 68' lang='lat' dir='ltr'><strong>habitabo</strong></span> <span class='ocrx_word' id='word_1_288' title='bbox 832 2215 892 2270; x_wconf 89' lang='lat' dir='ltr'><strong>in</strong></span> <span class='ocrx_word' id='word_1_289' title='bbox 947 2216 1119 2272; x_wconf 86' lang='lat' dir='ltr'><strong>medio</strong></span> <span class='ocrx_word' id='word_1_290' title='bbox 1179 2215 1257 2271; x_wconf 91' lang='lat' dir='ltr'><strong>tui</strong></span> <span class='ocrx_word' id='word_1_291' title='bbox 1310 2215 1518 2288; x_wconf 88' lang='lat' dir='ltr'><strong>(Zach.</strong></span> <span class='ocrx_word' id='word_1_292' title='bbox 1579 2233 1658 2284; x_wconf 85' lang='lat' dir='ltr'><strong>Il,</strong></span> <span class='ocrx_word' id='word_1_293' title='bbox 1724 2217 1870 2290; x_wconf 71' lang='lat'><strong>10);</strong></span> <span class='ocrx_word' id='word_1_294' title='bbox 1931 2223 2076 2283; x_wconf 84' lang='lat'><strong>893</strong></span> 
     </span>
    </p>
   </div>
   <div class='ocr_carea' id='block_1_38' title="bbox 469 2314 2077 2390">
    <p class='ocr_par' dir='ltr' id='par_1_38' title="bbox 469 2314 2077 2390">
     <span class='ocr_line' id='line_1_38' title="bbox 469 2314 2077 2390; baseline 0.001 -18"><span class='ocrx_word' id='word_1_295' title='bbox 469 2331 566 2389; x_wconf 86' lang='lat' dir='ltr'><strong>per</strong></span> <span class='ocrx_word' id='word_1_296' title='bbox 583 2315 744 2372; x_wconf 89' lang='lat' dir='ltr'><strong>istam</strong></span> <span class='ocrx_word' id='word_1_297' title='bbox 758 2314 964 2374; x_wconf 89' lang='lat' dir='ltr'><strong>dicitur</strong></span> <span class='ocrx_word' id='word_1_298' title='bbox 989 2333 1001 2372; x_wconf 93' lang='lat'>:</span> <span class='ocrx_word' id='word_1_299' title='bbox 1027 2315 1288 2372; x_wconf 81' lang='lat' dir='ltr'><strong>Dominus</strong></span> <span class='ocrx_word' id='word_1_300' title='bbox 1306 2317 1364 2372; x_wconf 86' lang='lat' dir='ltr'><strong>in</strong></span> <span class='ocrx_word' id='word_1_301' title='bbox 1381 2323 1678 2390; x_wconf 82' lang='lat' dir='ltr'><strong>tempestate</strong></span> <span class='ocrx_word' id='word_1_302' title='bbox 1695 2319 1717 2353; x_wconf 77' lang='grc'>⁵</span> <span class='ocrx_word' id='word_1_303' title='bbox 1740 2318 1927 2388; x_wconf 81' lang='lat' dir='ltr'><strong>veniet,</strong></span> <span class='ocrx_word' id='word_1_304' title='bbox 1951 2325 1999 2374; x_wconf 89' lang='lat' dir='ltr'><strong>et</strong></span> <span class='ocrx_word' id='word_1_305' title='bbox 2020 2319 2077 2374; x_wconf 77' lang='lat' dir='ltr'><strong>in</strong></span> 
     </span>
    </p>
   </div>
   <div class='ocr_carea' id='block_1_39' title="bbox 470 2404 2076 2482">
    <p class='ocr_par' dir='ltr' id='par_1_39' title="bbox 470 2404 2076 2482">
     <span class='ocr_line' id='line_1_39' title="bbox 470 2404 2076 2482; baseline 0.002 -21"><span class='ocrx_word' id='word_1_306' title='bbox 470 2405 676 2462; x_wconf 81' lang='lat' dir='ltr'><strong>turbine</strong></span> <span class='ocrx_word' id='word_1_307' title='bbox 702 2404 800 2460; x_wconf 72' lang='lat' dir='ltr'><strong>vite</strong></span> <span class='ocrx_word' id='word_1_308' title='bbox 822 2405 939 2477; x_wconf 85' lang='lat' dir='ltr'><strong>ejus</strong></span> <span class='ocrx_word' id='word_1_309' title='bbox 971 2406 1130 2479; x_wconf 89' lang='lat' dir='ltr'><strong>(Isai.</strong></span> <span class='ocrx_word' id='word_1_310' title='bbox 1163 2423 1317 2475; x_wconf 83' lang='lat' dir='ltr'><strong>var,</strong></span> <span class='ocrx_word' id='word_1_311' title='bbox 1348 2408 1460 2479; x_wconf 82' lang='grc'><strong>15).</strong></span> <span class='ocrx_word' id='word_1_312' title='bbox 1494 2407 1739 2464; x_wconf 89' lang='lat' dir='ltr'><strong>Blandus</strong></span> <span class='ocrx_word' id='word_1_313' title='bbox 1759 2409 1961 2482; x_wconf 90' lang='lat' dir='ltr'><strong>quippe</strong></span> <span class='ocrx_word' id='word_1_314' title='bbox 1993 2417 2076 2464; x_wconf 90' lang='lat' dir='ltr'><strong>est</strong></span> 
     </span>
    </p>
   </div>
   <div class='ocr_carea' id='block_1_40' title="bbox 467 2499 2076 2576">
    <p class='ocr_par' dir='ltr' id='par_1_40' title="bbox 467 2499 2076 2576">
     <span class='ocr_line' id='line_1_40' title="bbox 467 2499 2076 2576; baseline 0.002 -21"><span class='ocrx_word' id='word_1_315' title='bbox 467 2499 562 2573; x_wconf 88' lang='lat' dir='ltr'><strong>qui</strong></span> <span class='ocrx_word' id='word_1_316' title='bbox 601 2507 665 2557; x_wconf 92' lang='lat' dir='ltr'><strong>ut</strong></span> <span class='ocrx_word' id='word_1_317' title='bbox 700 2499 760 2556; x_wconf 91' lang='lat' dir='ltr'><strong>in</strong></span> <span class='ocrx_word' id='word_1_318' title='bbox 807 2499 991 2557; x_wconf 90' lang='lat' dir='ltr'><strong>medio</strong></span> <span class='ocrx_word' id='word_1_319' title='bbox 1025 2499 1300 2562; x_wconf 83' lang='lat' dir='ltr'><strong>inhabitet</strong></span> <span class='ocrx_word' id='word_1_320' title='bbox 1330 2501 1504 2558; x_wconf 88' lang='lat' dir='ltr'><strong>venit.</strong></span> <span class='ocrx_word' id='word_1_321' title='bbox 1562 2500 1703 2559; x_wconf 87' lang='lat' dir='ltr'><strong>Cum</strong></span> <span class='ocrx_word' id='word_1_322' title='bbox 1731 2517 1866 2559; x_wconf 92' lang='lat' dir='ltr'><strong>vero</strong></span> <span class='ocrx_word' id='word_1_323' title='bbox 1892 2519 1950 2559; x_wconf 92' lang='lat' dir='ltr'><strong>se</strong></span> <span class='ocrx_word' id='word_1_324' title='bbox 1979 2519 2076 2576; x_wconf 87' lang='lat' dir='ltr'><strong>per</strong></span> 
     </span>
    </p>
   </div>
   <div class='ocr_carea' id='block_1_41' title="bbox 467 2589 2072 2666">
    <p class='ocr_par' dir='ltr' id='par_1_41' title="bbox 467 2589 2072 2666">
     <span class='ocr_line' id='line_1_41' title="bbox 467 2589 2072 2666; baseline 0.001 -20"><span class='ocrx_word' id='word_1_325' title='bbox 467 2596 848 2662; x_wconf 86' lang='lat' dir='ltr'><strong>tempestatem</strong></span> <span class='ocrx_word' id='word_1_326' title='bbox 892 2597 948 2646; x_wconf 91' lang='lat' dir='ltr'><strong>et</strong></span> <span class='ocrx_word' id='word_1_327' title='bbox 999 2589 1279 2646; x_wconf 89' lang='lat' dir='ltr'><strong>turbinem</strong></span> <span class='ocrx_word' id='word_1_328' title='bbox 1315 2589 1588 2660; x_wconf 88' lang='lat' dir='ltr'><strong>insinuat,</strong></span> <span class='ocrx_word' id='word_1_329' title='bbox 1634 2593 1903 2648; x_wconf 88' lang='lat' dir='ltr'><strong>nimirum</strong></span> <span class='ocrx_word' id='word_1_330' title='bbox 1953 2609 2072 2666; x_wconf 70' lang='lat' dir='ltr'><strong>quae</strong></span> 
     </span>
    </p>
   </div>
   <div class='ocr_carea' id='block_1_42' title="bbox 466 2677 2071 2753">
    <p class='ocr_par' dir='ltr' id='par_1_42' title="bbox 466 2677 2071 2753">
     <span class='ocr_line' id='line_1_42' title="bbox 466 2677 2071 2753; baseline 0.001 -19"><span class='ocrx_word' id='word_1_331' title='bbox 466 2677 645 2750; x_wconf 85' lang='lat' dir='ltr'><strong>tangit</strong></span> <span class='ocrx_word' id='word_1_332' title='bbox 677 2677 842 2735; x_wconf 88' lang='lat' dir='ltr'><strong>corda</strong></span> <span class='ocrx_word' id='word_1_333' title='bbox 882 2678 1202 2752; x_wconf 87' lang='lat' dir='ltr'><strong>perturbat;</strong></span> <span class='ocrx_word' id='word_1_334' title='bbox 1251 2686 1418 2753; x_wconf 87' lang='lat' dir='ltr'><strong>atque</strong></span> <span class='ocrx_word' id='word_1_335' title='bbox 1457 2679 1527 2736; x_wconf 90' lang='lat' dir='ltr'><strong>ad</strong></span> <span class='ocrx_word' id='word_1_336' title='bbox 1570 2679 1932 2738; x_wconf 86' lang='lat' dir='ltr'><strong>edomandam</strong></span> <span class='ocrx_word' id='word_1_337' title='bbox 1965 2683 2071 2738; x_wconf 79' lang='lat' dir='ltr'><strong>ela-</strong></span> 
     </span>
    </p>
   </div>
   <div class='ocr_carea' id='block_1_43' title="bbox 465 2765 2071 2843">
    <p class='ocr_par' dir='ltr' id='par_1_43' title="bbox 465 2765 2071 2843">
     <span class='ocr_line' id='line_1_43' title="bbox 465 2765 2071 2843; baseline 0.003 -19"><span class='ocrx_word' id='word_1_338' title='bbox 465 2765 676 2826; x_wconf 89' lang='lat' dir='ltr'><strong>tionem</strong></span> <span class='ocrx_word' id='word_1_339' title='bbox 722 2785 780 2826; x_wconf 91' lang='lat' dir='ltr'><strong>se</strong></span> <span class='ocrx_word' id='word_1_340' title='bbox 821 2769 1018 2836; x_wconf 89' lang='lat' dir='ltr'><strong>exerit,</strong></span> <span class='ocrx_word' id='word_1_341' title='bbox 1058 2768 1280 2843; x_wconf 89' lang='lat' dir='ltr'><strong>quando</strong></span> <span class='ocrx_word' id='word_1_342' title='bbox 1308 2776 1503 2842; x_wconf 90' lang='lat' dir='ltr'><strong>potens</strong></span> <span class='ocrx_word' id='word_1_343' title='bbox 1539 2778 1593 2826; x_wconf 91' lang='lat' dir='ltr'><strong>et</strong></span> <span class='ocrx_word' id='word_1_344' title='bbox 1622 2770 1886 2828; x_wconf 87' lang='lat' dir='ltr'><strong>terribilis</strong></span> <span class='ocrx_word' id='word_1_345' title='bbox 1915 2771 2071 2829; x_wconf 89' lang='lat' dir='ltr'><strong>inno-</strong></span> 
     </span>
    </p>
   </div>
   <div class='ocr_carea' id='block_1_44' title="bbox 466 2855 648 2914">
    <p class='ocr_par' dir='ltr' id='par_1_44' title="bbox 466 2855 648 2914">
     <span class='ocr_line' id='line_1_44' title="bbox 466 2855 648 2914; baseline -0.005 -1"><span class='ocrx_word' id='word_1_346' title='bbox 466 2855 648 2914; x_wconf 89' lang='lat' dir='ltr'><strong>tescit.</strong></span> 
     </span>
    </p>
   </div>
   <div class='ocr_carea' id='block_1_45' title="bbox 535 2945 2069 3020">
    <p class='ocr_par' dir='ltr' id='par_1_45' title="bbox 535 2945 2069 3020">
     <span class='ocr_line' id='line_1_45' title="bbox 535 2945 2069 3020; baseline 0.001 -16"><span class='ocrx_word' id='word_1_347' title='bbox 535 2945 590 3004; x_wconf 82' lang='lat'><strong>2.</strong></span> <span class='ocrx_word' id='word_1_348' title='bbox 641 2945 756 3002; x_wconf 87' lang='lat' dir='ltr'><strong>Aut</strong></span> <span class='ocrx_word' id='word_1_349' title='bbox 791 2963 892 3020; x_wconf 85' lang='lat' dir='ltr'><strong>per</strong></span> <span class='ocrx_word' id='word_1_350' title='bbox 923 2947 1134 3018; x_wconf 83' lang='lat' dir='ltr'><strong>angelos</strong></span> <span class='ocrx_word' id='word_1_351' title='bbox 1167 2947 1407 3018; x_wconf 83' lang='lat' dir='ltr'><strong>loquitur</strong></span> <span class='ocrx_word' id='word_1_352' title='bbox 1433 2947 1598 3012; x_wconf 85' lang='lat' dir='ltr'><strong>Deus,</strong></span> <span class='ocrx_word' id='word_1_353' title='bbox 1635 2953 1734 3003; x_wconf 88' lang='lat' dir='ltr'><strong>aut</strong></span> <span class='ocrx_word' id='word_1_354' title='bbox 1762 2965 1862 3020; x_wconf 85' lang='lat' dir='ltr'><strong>per</strong></span> <span class='ocrx_word' id='word_1_355' title='bbox 1893 2956 2069 3005; x_wconf 86' lang='lat' dir='ltr'><strong>semet-</strong></span> 
     </span>
    </p>
   </div>
   <div class='ocr_carea' id='block_1_46' title="bbox 463 3036 2070 3110">
    <p class='ocr_par' dir='ltr' id='par_1_46' title="bbox 463 3036 2070 3110">
     <span class='ocr_line' id='line_1_46' title="bbox 463 3036 2070 3110; baseline 0.002 -18"><span class='ocrx_word' id='word_1_356' title='bbox 463 3036 1027 3110; x_wconf 67' lang='lat' dir='ltr'><strong>ipsum—Sciendum</strong></span> <span class='ocrx_word' id='word_1_357' title='bbox 1060 3044 1323 3110; x_wconf 82' lang='lat' dir='ltr'><strong>praeterea</strong></span> <span class='ocrx_word' id='word_1_358' title='bbox 1337 3044 1420 3094; x_wconf 92' lang='lat' dir='ltr'><strong>est</strong></span> <span class='ocrx_word' id='word_1_359' title='bbox 1441 3039 1463 3074; x_wconf 75' lang='grc' dir='ltr'>θ</span> <span class='ocrx_word' id='word_1_360' title='bbox 1485 3037 1615 3110; x_wconf 88' lang='lat' dir='ltr'><strong>quia</strong></span> <span class='ocrx_word' id='word_1_361' title='bbox 1645 3037 1860 3095; x_wconf 90' lang='lat' dir='ltr'><strong>duobus</strong></span> <span class='ocrx_word' id='word_1_362' title='bbox 1892 3040 2070 3097; x_wconf 89' lang='lat' dir='ltr'><strong>modis</strong></span> 
     </span>
    </p>
   </div>
   <div class='ocr_carea' id='block_1_47' title="bbox 462 3125 2066 3203">
    <p class='ocr_par' dir='ltr' id='par_1_47' title="bbox 462 3125 2066 3203">
     <span class='ocr_line' id='line_1_47' title="bbox 462 3125 2066 3203; baseline 0.004 -22"><span class='ocrx_word' id='word_1_363' title='bbox 462 3125 668 3184; x_wconf 88' lang='lat' dir='ltr'><strong>locutio</strong></span> <span class='ocrx_word' id='word_1_364' title='bbox 687 3127 879 3184; x_wconf 85' lang='lat' dir='ltr'><strong>divina</strong></span> <span class='ocrx_word' id='word_1_365' title='bbox 893 3127 1278 3201; x_wconf 84' lang='lat' dir='ltr'><strong>distinguitur.</strong></span> <span class='ocrx_word' id='word_1_366' title='bbox 1301 3130 1416 3184; x_wconf 86' lang='lat' dir='ltr'><strong>Aut</strong></span> <span class='ocrx_word' id='word_1_367' title='bbox 1432 3143 1527 3202; x_wconf 90' lang='lat' dir='ltr'><strong>per</strong></span> <span class='ocrx_word' id='word_1_368' title='bbox 1542 3131 1894 3203; x_wconf 89' lang='lat' dir='ltr'><strong>semetipsum</strong></span> <span class='ocrx_word' id='word_1_369' title='bbox 1915 3149 2066 3188; x_wconf 88' lang='lat' dir='ltr'><strong>nam-</strong></span> 
     </span>
    </p>
   </div>
   <div class='ocr_carea' id='block_1_48' title="bbox 461 3215 2144 3298">
    <p class='ocr_par' dir='ltr' id='par_1_48' title="bbox 461 3215 2144 3298">
     <span class='ocr_line' id='line_1_48' title="bbox 461 3215 2144 3298; baseline 0.003 -27"><span class='ocrx_word' id='word_1_370' title='bbox 461 3231 566 3289; x_wconf 91' lang='lat' dir='ltr'><strong>que</strong></span> <span class='ocrx_word' id='word_1_371' title='bbox 593 3215 864 3273; x_wconf 88' lang='lat' dir='ltr'><strong>Dominus</strong></span> <span class='ocrx_word' id='word_1_372' title='bbox 883 3216 1154 3290; x_wconf 90' lang='lat' dir='ltr'><strong>loquitur,</strong></span> <span class='ocrx_word' id='word_1_373' title='bbox 1173 3223 1270 3274; x_wconf 91' lang='lat' dir='ltr'><strong>aut</strong></span> <span class='ocrx_word' id='word_1_374' title='bbox 1299 3233 1396 3290; x_wconf 89' lang='lat' dir='ltr'><strong>per</strong></span> <span class='ocrx_word' id='word_1_375' title='bbox 1423 3226 1732 3276; x_wconf 82' lang='lat' dir='ltr'><strong>creaturam</strong></span> <span class='ocrx_word' id='word_1_376' title='bbox 1761 3221 2061 3295; x_wconf 85' lang='lat' dir='ltr'><strong>angelicam</strong></span> <span class='ocrx_word' id='word_1_377' title='bbox 2101 3237 2144 3298; x_wconf 72' lang='grc' dir='ltr'>α</span> 
     </span>
    </p>
   </div>
   <div class='ocr_carea' id='block_1_49' title="bbox 460 3304 2064 3383">
    <p class='ocr_par' dir='ltr' id='par_1_49' title="bbox 460 3304 2064 3383">
     <span class='ocr_line' id='line_1_49' title="bbox 460 3304 2064 3383; baseline 0.004 -23"><span class='ocrx_word' id='word_1_378' title='bbox 460 3304 580 3377; x_wconf 89' lang='lat' dir='ltr'><strong>ejus</strong></span> <span class='ocrx_word' id='word_1_379' title='bbox 623 3305 692 3361; x_wconf 85' lang='lat' dir='ltr'><strong>ad</strong></span> <span class='ocrx_word' id='word_1_380' title='bbox 738 3321 840 3363; x_wconf 88' lang='lat' dir='ltr'><strong>nos</strong></span> <span class='ocrx_word' id='word_1_381' title='bbox 883 3305 1049 3361; x_wconf 82' lang='lat' dir='ltr'><strong>verba</strong></span> <span class='ocrx_word' id='word_1_382' title='bbox 1097 3306 1386 3363; x_wconf 83' lang='lat' dir='ltr'><strong>formatur.</strong></span> <span class='ocrx_word' id='word_1_383' title='bbox 1439 3307 1542 3365; x_wconf 92' lang='lat' dir='ltr'><strong>Sed</strong></span> <span class='ocrx_word' id='word_1_384' title='bbox 1583 3325 1707 3366; x_wconf 90' lang='lat' dir='ltr'><strong>cum</strong></span> <span class='ocrx_word' id='word_1_385' title='bbox 1738 3326 1834 3383; x_wconf 90' lang='lat' dir='ltr'><strong>per</strong></span> <span class='ocrx_word' id='word_1_386' title='bbox 1871 3319 2064 3367; x_wconf 83' lang='lat' dir='ltr'><strong>semet-</strong></span> 
     </span>
    </p>
   </div>
   <div class='ocr_carea' id='block_1_50' title="bbox 460 3393 2067 3472">
    <p class='ocr_par' dir='ltr' id='par_1_50' title="bbox 460 3393 2067 3472">
     <span class='ocr_line' id='line_1_50' title="bbox 460 3393 2067 3472; baseline 0.003 -21"><span class='ocrx_word' id='word_1_387' title='bbox 460 3393 643 3466; x_wconf 87' lang='lat' dir='ltr'><strong>ipsum</strong></span> <span class='ocrx_word' id='word_1_388' title='bbox 671 3394 939 3468; x_wconf 89' lang='lat' dir='ltr'><strong>loquitur,</strong></span> <span class='ocrx_word' id='word_1_389' title='bbox 959 3395 1114 3451; x_wconf 79' lang='lat' dir='ltr'><strong>7sola</strong></span> <span class='ocrx_word' id='word_1_390' title='bbox 1143 3395 1303 3460; x_wconf 83' lang='lat' dir='ltr'><strong>nobis</strong></span> <span class='ocrx_word' id='word_1_391' title='bbox 1338 3395 1397 3452; x_wconf 92' lang='lat' dir='ltr'><strong>vi</strong></span> <span class='ocrx_word' id='word_1_392' title='bbox 1424 3395 1654 3455; x_wconf 83' lang='lat' dir='ltr'><strong>internae</strong></span> <span class='ocrx_word' id='word_1_393' title='bbox 1686 3399 2067 3472; x_wconf 91' lang='lat' dir='ltr'><strong>inspirationis</strong></span> 
     </span>
    </p>
   </div>
   <div class='ocr_carea' id='block_1_51' title="bbox 459 3482 2065 3562">
    <p class='ocr_par' dir='ltr' id='par_1_51' title="bbox 459 3482 2065 3562">
     <span class='ocr_line' id='line_1_51' title="bbox 459 3482 2065 3562; baseline 0.002 -22"><span class='ocrx_word' id='word_1_394' title='bbox 459 3483 720 3558; x_wconf 88' lang='lat' dir='ltr'><strong>aperitur.</strong></span> <span class='ocrx_word' id='word_1_395' title='bbox 763 3482 903 3542; x_wconf 89' lang='lat' dir='ltr'><strong>Cum</strong></span> <span class='ocrx_word' id='word_1_396' title='bbox 949 3501 1046 3558; x_wconf 89' lang='lat' dir='ltr'><strong>per</strong></span> <span class='ocrx_word' id='word_1_397' title='bbox 1093 3485 1450 3558; x_wconf 88' lang='lat' dir='ltr'><strong>semetipsum</strong></span> <span class='ocrx_word' id='word_1_398' title='bbox 1501 3488 1768 3562; x_wconf 88' lang='lat' dir='ltr'><strong>loquitur,</strong></span> <span class='ocrx_word' id='word_1_399' title='bbox 1801 3489 1868 3546; x_wconf 93' lang='lat' dir='ltr'><strong>de</strong></span> <span class='ocrx_word' id='word_1_400' title='bbox 1897 3491 2065 3546; x_wconf 87' lang='lat' dir='ltr'><strong>verbo</strong></span> 
     </span>
    </p>
   </div>
   <div class='ocr_carea' id='block_1_52' title="bbox 459 3573 2066 3653">
    <p class='ocr_par' dir='ltr' id='par_1_52' title="bbox 459 3573 2066 3653">
     <span class='ocr_line' id='line_1_52' title="bbox 459 3573 2066 3653; baseline 0.003 -23"><span class='ocrx_word' id='word_1_401' title='bbox 459 3573 578 3648; x_wconf 89' lang='lat' dir='ltr'><strong>ejus</strong></span> <span class='ocrx_word' id='word_1_402' title='bbox 609 3575 727 3633; x_wconf 89' lang='lat' dir='ltr'><strong>sine</strong></span> <span class='ocrx_word' id='word_1_403' title='bbox 757 3575 940 3632; x_wconf 89' lang='lat' dir='ltr'><strong>verbis</strong></span> <span class='ocrx_word' id='word_1_404' title='bbox 963 3591 1027 3632; x_wconf 90' lang='lat' dir='ltr'><strong>ac</strong></span> <span class='ocrx_word' id='word_1_405' title='bbox 1053 3575 1284 3648; x_wconf 84' lang='lat' dir='ltr'><strong>syllabis</strong></span> <span class='ocrx_word' id='word_1_406' title='bbox 1313 3593 1408 3634; x_wconf 89' lang='lat' dir='ltr'><strong>cor</strong></span> <span class='ocrx_word' id='word_1_407' title='bbox 1437 3577 1687 3648; x_wconf 89' lang='lat' dir='ltr'><strong>docetur,</strong></span> <span class='ocrx_word' id='word_1_408' title='bbox 1729 3579 1859 3653; x_wconf 87' lang='lat' dir='ltr'><strong>quia</strong></span> <span class='ocrx_word' id='word_1_409' title='bbox 1887 3580 2066 3636; x_wconf 88' lang='lat' dir='ltr'><strong>virtus</strong></span> 
     </span>
    </p>
   </div>
   <div class='ocr_carea' id='block_1_53' title="bbox 458 3664 2064 3744">
    <p class='ocr_par' dir='ltr' id='par_1_53' title="bbox 458 3664 2064 3744">
     <span class='ocr_line' id='line_1_53' title="bbox 458 3664 2064 3744; baseline 0.002 -23"><span class='ocrx_word' id='word_1_410' title='bbox 458 3664 576 3738; x_wconf 88' lang='lat' dir='ltr'><strong>ejus</strong></span> <span class='ocrx_word' id='word_1_411' title='bbox 607 3667 628 3702; x_wconf 78' lang='grc'>⁸</span> <span class='ocrx_word' id='word_1_412' title='bbox 657 3665 856 3722; x_wconf 89' lang='lat' dir='ltr'><strong>intima</strong></span> <span class='ocrx_word' id='word_1_413' title='bbox 883 3664 1118 3740; x_wconf 89' lang='lat' dir='ltr'><strong>quadam</strong></span> <span class='ocrx_word' id='word_1_414' title='bbox 1147 3665 1527 3724; x_wconf 87' lang='lat' dir='ltr'><strong>sublevatione</strong></span> <span class='ocrx_word' id='word_1_415' title='bbox 1558 3671 1936 3744; x_wconf 88' lang='lat' dir='ltr'><strong>cognoscitur.</strong></span> <span class='ocrx_word' id='word_1_416' title='bbox 1975 3669 2064 3724; x_wconf 79' lang='lat' dir='ltr'><strong>Ad</strong></span> 
     </span>
    </p>
   </div>
   <div class='ocr_carea' id='block_1_54' title="bbox 457 3754 2060 3830">
    <p class='ocr_par' dir='ltr' id='par_1_54' title="bbox 457 3754 2060 3830">
     <span class='ocr_line' id='line_1_54' title="bbox 457 3754 2060 3830; baseline 0.001 -20"><span class='ocrx_word' id='word_1_417' title='bbox 457 3771 621 3830; x_wconf 90' lang='lat' dir='ltr'><strong>quam</strong></span> <span class='ocrx_word' id='word_1_418' title='bbox 648 3770 803 3812; x_wconf 89' lang='lat' dir='ltr'><strong>mens</strong></span> <span class='ocrx_word' id='word_1_419' title='bbox 833 3754 993 3827; x_wconf 90' lang='lat' dir='ltr'><strong>plena</strong></span> <span class='ocrx_word' id='word_1_420' title='bbox 1019 3755 1392 3828; x_wconf 89' lang='lat' dir='ltr'><strong>suspenditur,</strong></span> <span class='ocrx_word' id='word_1_421' title='bbox 1412 3775 1585 3816; x_wconf 89' lang='lat' dir='ltr'><strong>vacua</strong></span> <span class='ocrx_word' id='word_1_422' title='bbox 1611 3765 1890 3830; x_wconf 86' lang='lat' dir='ltr'><strong>gravatur.</strong></span> <span class='ocrx_word' id='word_1_423' title='bbox 1923 3757 2060 3812; x_wconf 77' lang='lat' dir='ltr'><strong>Pon~</strong></span> 
     </span>
    </p>
   </div>
   <div class='ocr_carea' id='block_1_55' title="bbox 455 3844 2057 3922">
    <p class='ocr_par' dir='ltr' id='par_1_55' title="bbox 455 3844 2057 3922">
     <span class='ocr_line' id='line_1_55' title="bbox 455 3844 2057 3922; baseline -0.001 -20"><span class='ocrx_word' id='word_1_424' title='bbox 455 3845 561 3902; x_wconf 91' lang='lat' dir='ltr'><strong>dus</strong></span> <span class='ocrx_word' id='word_1_425' title='bbox 587 3844 737 3902; x_wconf 90' lang='lat' dir='ltr'><strong>enim</strong></span> <span class='ocrx_word' id='word_1_426' title='bbox 767 3845 1042 3920; x_wconf 89' lang='lat' dir='ltr'><strong>quoddam</strong></span> <span class='ocrx_word' id='word_1_427' title='bbox 1071 3853 1152 3904; x_wconf 88' lang='lat' dir='ltr'><strong>est</strong></span> <span class='ocrx_word' id='word_1_428' title='bbox 1179 3847 1326 3922; x_wconf 89' lang='lat' dir='ltr'><strong>quod</strong></span> <span class='ocrx_word' id='word_1_429' title='bbox 1351 3865 1573 3905; x_wconf 89' lang='lat' dir='ltr'><strong>omnem</strong></span> <span class='ocrx_word' id='word_1_430' title='bbox 1614 3847 1856 3905; x_wconf 88' lang='lat' dir='ltr'><strong>animam</strong></span> <span class='ocrx_word' id='word_1_431' title='bbox 1895 3863 2057 3921; x_wconf 89' lang='lat' dir='ltr'><strong>quam</strong></span> 
     </span>
    </p>
   </div>
   <div class='ocr_carea' id='block_1_56' title="bbox 454 3939 2058 4016">
    <p class='ocr_par' dir='ltr' id='par_1_56' title="bbox 454 3939 2058 4016">
     <span class='ocr_line' id='line_1_56' title="bbox 454 3939 2058 4016; baseline -0.001 -19"><span class='ocrx_word' id='word_1_432' title='bbox 454 3940 628 4014; x_wconf 88' lang='lat' dir='ltr'><strong>replet</strong></span> <span class='ocrx_word' id='word_1_433' title='bbox 653 3941 676 3976; x_wconf 77' lang='grc'><strong>⁹</strong></span> <span class='ocrx_word' id='word_1_434' title='bbox 707 3939 870 3996; x_wconf 87' lang='lat' dir='ltr'><strong>levet.</strong></span> <span class='ocrx_word' id='word_1_435' title='bbox 903 3941 1293 4014; x_wconf 89' lang='lat' dir='ltr'><strong>Incorporeum</strong></span> <span class='ocrx_word' id='word_1_436' title='bbox 1325 3943 1512 4000; x_wconf 89' lang='lat' dir='ltr'><strong>lumen</strong></span> <span class='ocrx_word' id='word_1_437' title='bbox 1542 3949 1624 4000; x_wconf 89' lang='lat' dir='ltr'><strong>est</strong></span> <span class='ocrx_word' id='word_1_438' title='bbox 1653 3942 1806 4016; x_wconf 89' lang='lat' dir='ltr'><strong>quod</strong></span> <span class='ocrx_word' id='word_1_439' title='bbox 1837 3949 1893 3999; x_wconf 91' lang='lat' dir='ltr'><strong>et</strong></span> <span class='ocrx_word' id='word_1_440' title='bbox 1921 3941 2058 3997; x_wconf 87' lang='lat' dir='ltr'><strong>inte-</strong></span> 
     </span>
    </p>
   </div>
   <div class='ocr_carea' id='block_1_57' title="bbox 453 4032 2058 4106">
    <p class='ocr_par' dir='ltr' id='par_1_57' title="bbox 453 4032 2058 4106">
     <span class='ocr_line' id='line_1_57' title="bbox 453 4032 2058 4106; baseline 0.001 -18"><span class='ocrx_word' id='word_1_441' title='bbox 453 4032 600 4095; x_wconf 83' lang='lat' dir='ltr'><strong>riora</strong></span> <span class='ocrx_word' id='word_1_442' title='bbox 625 4033 852 4106; x_wconf 88' lang='lat' dir='ltr'><strong>repleat,</strong></span> <span class='ocrx_word' id='word_1_443' title='bbox 869 4040 924 4090; x_wconf 89' lang='lat' dir='ltr'><strong>et</strong></span> <span class='ocrx_word' id='word_1_444' title='bbox 951 4034 1160 4106; x_wconf 90' lang='lat' dir='ltr'><strong>repleta</strong></span> <span class='ocrx_word' id='word_1_445' title='bbox 1186 4037 1432 4094; x_wconf 85' lang='lat' dir='ltr'><strong>exterius</strong></span> <span class='ocrx_word' id='word_1_446' title='bbox 1461 4035 1903 4094; x_wconf 89' lang='lat' dir='ltr'><strong>circumscribat.</strong></span> <span class='ocrx_word' id='word_1_447' title='bbox 1927 4035 2058 4094; x_wconf 90' lang='lat' dir='ltr'><strong>Sine</strong></span> 
     </span>
    </p>
   </div>
   <div class='ocr_carea' id='block_1_58' title="bbox 451 4123 2057 4201">
    <p class='ocr_par' dir='ltr' id='par_1_58' title="bbox 451 4123 2057 4201">
     <span class='ocr_line' id='line_1_58' title="bbox 451 4123 2057 4201; baseline 0.004 -26"><span class='ocrx_word' id='word_1_448' title='bbox 451 4123 684 4195; x_wconf 82' lang='lat' dir='ltr'><strong>strepitu</strong></span> <span class='ocrx_word' id='word_1_449' title='bbox 721 4141 900 4182; x_wconf 87' lang='lat' dir='ltr'><strong>sermo</strong></span> <span class='ocrx_word' id='word_1_450' title='bbox 927 4132 1032 4194; x_wconf 89' lang='lat' dir='ltr'><strong>est,</strong></span> <span class='ocrx_word' id='word_1_451' title='bbox 1059 4125 1154 4201; x_wconf 91' lang='lat' dir='ltr'><strong>qui</strong></span> <span class='ocrx_word' id='word_1_452' title='bbox 1184 4134 1239 4183; x_wconf 90' lang='lat' dir='ltr'><strong>et</strong></span> <span class='ocrx_word' id='word_1_453' title='bbox 1265 4127 1518 4184; x_wconf 88' lang='lat' dir='ltr'><strong>auditum</strong></span> <span class='ocrx_word' id='word_1_454' title='bbox 1546 4125 1746 4197; x_wconf 87' lang='lat' dir='ltr'><strong>aperit,</strong></span> <span class='ocrx_word' id='word_1_455' title='bbox 1773 4133 1829 4182; x_wconf 89' lang='lat' dir='ltr'><strong>et</strong></span> <span class='ocrx_word' id='word_1_456' title='bbox 1857 4125 2057 4182; x_wconf 85' lang='lat' dir='ltr'><strong>habere</strong></span> 
     </span>
    </p>
   </div>
   <div class='ocr_carea' id='block_1_59' title="bbox 451 4212 2059 4288">
    <p class='ocr_par' dir='ltr' id='par_1_59' title="bbox 451 4212 2059 4288">
     <span class='ocr_line' id='line_1_59' title="bbox 451 4212 2059 4288; baseline 0 -21"><span class='ocrx_word' id='word_1_457' title='bbox 451 4213 695 4268; x_wconf 82' lang='lat' dir='ltr'><strong>sonitum</strong></span> <span class='ocrx_word' id='word_1_458' title='bbox 725 4213 919 4271; x_wconf 90' lang='lat' dir='ltr'><strong>nescit.</strong></span> <span class='ocrx_word' id='word_1_459' title='bbox 941 4213 1100 4282; x_wconf 88' lang='lat' dir='ltr'><strong>Quod</strong></span> <span class='ocrx_word' id='word_1_460' title='bbox 1129 4215 1277 4273; x_wconf 88' lang='lat' dir='ltr'><strong>enim</strong></span> <span class='ocrx_word' id='word_1_461' title='bbox 1307 4214 1374 4271; x_wconf 93' lang='lat' dir='ltr'><strong>de</strong></span> <span class='ocrx_word' id='word_1_462' title='bbox 1404 4213 1647 4270; x_wconf 87' lang='lat' dir='ltr'><strong>adventu</strong></span> <span class='ocrx_word' id='word_1_463' title='bbox 1675 4215 1852 4271; x_wconf 88' lang='lat' dir='ltr'><strong>sancti</strong></span> <span class='ocrx_word' id='word_1_464' title='bbox 1869 4212 2059 4288; x_wconf 86' lang='lat' dir='ltr'><strong>Spiri-</strong></span> 
     </span>
    </p>
   </div>
   <div class='ocr_carea' id='block_1_60' title="bbox 450 4302 2053 4376">
    <p class='ocr_par' dir='ltr' id='par_1_60' title="bbox 450 4302 2053 4376">
     <span class='ocr_line' id='line_1_60' title="bbox 450 4302 2053 4376; baseline 0 -18"><span class='ocrx_word' id='word_1_465' title='bbox 450 4307 541 4358; x_wconf 90' lang='lat' dir='ltr'><strong>tus</strong></span> <span class='ocrx_word' id='word_1_466' title='bbox 578 4302 844 4376; x_wconf 89' lang='lat' dir='ltr'><strong>scriptum</strong></span> <span class='ocrx_word' id='word_1_467' title='bbox 878 4314 994 4363; x_wconf 90' lang='lat' dir='ltr'><strong>est:</strong></span> <span class='ocrx_word' id='word_1_468' title='bbox 1029 4307 1223 4363; x_wconf 83' lang='lat' dir='ltr'><strong>Factus</strong></span> <span class='ocrx_word' id='word_1_469' title='bbox 1264 4310 1340 4360; x_wconf 88' lang='lat' dir='ltr'><strong>est</strong></span> <span class='ocrx_word' id='word_1_470' title='bbox 1376 4309 1582 4376; x_wconf 87' lang='lat' dir='ltr'><strong>repente</strong></span> <span class='ocrx_word' id='word_1_471' title='bbox 1611 4304 1674 4358; x_wconf 86' lang='lat' dir='ltr'><strong>de</strong></span> <span class='ocrx_word' id='word_1_472' title='bbox 1711 4306 1834 4362; x_wconf 72' lang='lat' dir='ltr'><strong>calo</strong></span> <span class='ocrx_word' id='word_1_473' title='bbox 1872 4321 2053 4373; x_wconf 88' lang='lat' dir='ltr'><strong>sonus,</strong></span> 
     </span>
    </p>
   </div>
   <div class='ocr_carea' id='block_1_61' title="bbox 451 4395 2056 4468">
    <p class='ocr_par' dir='ltr' id='par_1_61' title="bbox 451 4395 2056 4468">
     <span class='ocr_line' id='line_1_61' title="bbox 451 4395 2056 4468; baseline -0.001 -18"><span class='ocrx_word' id='word_1_474' title='bbox 451 4399 704 4466; x_wconf 84' lang='lat' dir='ltr'><strong>tanquam</strong></span> <span class='ocrx_word' id='word_1_475' title='bbox 737 4397 1062 4454; x_wconf 81' lang='lat' dir='ltr'><strong>advenientis</strong></span> <span class='ocrx_word' id='word_1_476' title='bbox 1109 4395 1333 4468; x_wconf 79' lang='lat' dir='ltr'><strong>spiritus</strong></span> <span class='ocrx_word' id='word_1_477' title='bbox 1373 4395 1713 4460; x_wconf 84' lang='lat' dir='ltr'><strong>vehementis,</strong></span> <span class='ocrx_word' id='word_1_478' title='bbox 1760 4401 1808 4450; x_wconf 90' lang='lat' dir='ltr'><strong>et</strong></span> <span class='ocrx_word' id='word_1_479' title='bbox 1837 4395 2056 4467; x_wconf 82' lang='lat' dir='ltr'><strong>replevit</strong></span> 
     </span>
    </p>
   </div>
   <div class='ocr_carea' id='block_1_62' title="bbox 449 4485 2054 4556">
    <p class='ocr_par' dir='ltr' id='par_1_62' title="bbox 449 4485 2054 4556">
     <span class='ocr_line' id='line_1_62' title="bbox 449 4485 2054 4556; baseline 0.001 -17"><span class='ocrx_word' id='word_1_480' title='bbox 449 4488 610 4540; x_wconf 84' lang='lat' dir='ltr'><strong>totam</strong></span> <span class='ocrx_word' id='word_1_481' title='bbox 637 4485 848 4542; x_wconf 86' lang='lat' dir='ltr'><strong>domum</strong></span> <span class='ocrx_word' id='word_1_482' title='bbox 877 4486 970 4543; x_wconf 89' lang='lat' dir='ltr'><strong>ubi</strong></span> <span class='ocrx_word' id='word_1_483' title='bbox 994 4491 1150 4542; x_wconf 86' lang='lat' dir='ltr'><strong>erant</strong></span> <span class='ocrx_word' id='word_1_484' title='bbox 1175 4486 1404 4541; x_wconf 86' lang='lat' dir='ltr'><strong>sedentes</strong></span> <span class='ocrx_word' id='word_1_485' title='bbox 1424 4502 1446 4550; x_wconf 81' lang='lat'><strong>,°</strong></span> <span class='ocrx_word' id='word_1_486' title='bbox 1472 4490 1521 4540; x_wconf 90' lang='lat' dir='ltr'><strong>et</strong></span> <span class='ocrx_word' id='word_1_487' title='bbox 1545 4492 1915 4556; x_wconf 86' lang='lat' dir='ltr'><strong>apparuerunt</strong></span> <span class='ocrx_word' id='word_1_488' title='bbox 1943 4486 2054 4541; x_wconf 84' lang='lat' dir='ltr'><strong>illis</strong></span> 
     </span>
    </p>
   </div>
   <div class='ocr_carea' id='block_1_63' title="bbox 2191 2035 3804 2110">
    <p class='ocr_par' dir='ltr' id='par_1_63' title="bbox 2191 2035 3804 2110">
     <span class='ocr_line' id='line_1_63' title="bbox 2191 2035 3804 2110; baseline 0.002 -20"><span class='ocrx_word' id='word_1_489' title='bbox 2191 2035 2274 2103; x_wconf 89' lang='grc'><strong>19,</strong></span> <span class='ocrx_word' id='word_1_490' title='bbox 2301 2035 2416 2106; x_wconf 81' lang='lat'><strong>20).</strong></span> <span class='ocrx_word' id='word_1_491' title='bbox 2449 2037 2490 2071; x_wconf 83' lang='lat'>“</span> <span class='ocrx_word' id='word_1_492' title='bbox 2524 2036 2792 2108; x_wconf 91' lang='lat' dir='ltr'><strong>Spiritum</strong></span> <span class='ocrx_word' id='word_1_493' title='bbox 2823 2035 2970 2092; x_wconf 89' lang='lat' dir='ltr'><strong>enim</strong></span> <span class='ocrx_word' id='word_1_494' title='bbox 3019 2036 3119 2092; x_wconf 91' lang='lat' dir='ltr'><strong>Dei</strong></span> <span class='ocrx_word' id='word_1_495' title='bbox 3159 2037 3313 2110; x_wconf 90' lang='lat' dir='ltr'><strong>quasi</strong></span> <span class='ocrx_word' id='word_1_496' title='bbox 3345 2037 3598 2110; x_wconf 76' lang='lat' dir='ltr'><strong>quaedam</strong></span> <span class='ocrx_word' id='word_1_497' title='bbox 3633 2038 3804 2094; x_wconf 88' lang='lat' dir='ltr'><strong>nobis</strong></span> 
     </span>
    </p>
   </div>
   <div class='ocr_carea' id='block_1_64' title="bbox 2187 2125 3807 2201">
    <p class='ocr_par' dir='ltr' id='par_1_64' title="bbox 2187 2125 3807 2201">
     <span class='ocr_line' id='line_1_64' title="bbox 2187 2125 3807 2201; baseline 0.002 -20"><span class='ocrx_word' id='word_1_498' title='bbox 2187 2125 2352 2182; x_wconf 85' lang='lat' dir='ltr'><strong>verba</strong></span> <span class='ocrx_word' id='word_1_499' title='bbox 2381 2125 2582 2194; x_wconf 88' lang='lat' dir='ltr'><strong>dicere,</strong></span> <span class='ocrx_word' id='word_1_500' title='bbox 2614 2135 2694 2182; x_wconf 91' lang='lat' dir='ltr'><strong>est</strong></span> <span class='ocrx_word' id='word_1_501' title='bbox 2723 2126 2940 2183; x_wconf 90' lang='lat' dir='ltr'><strong>occulta</strong></span> <span class='ocrx_word' id='word_1_502' title='bbox 2969 2127 3026 2182; x_wconf 87' lang='lat' dir='ltr'><strong>vi</strong></span> <span class='ocrx_word' id='word_1_503' title='bbox 3055 2143 3118 2183; x_wconf 90' lang='lat' dir='ltr'><strong>ea</strong></span> <span class='ocrx_word' id='word_1_504' title='bbox 3147 2145 3268 2201; x_wconf 69' lang='lat' dir='ltr'><strong>quae</strong></span> <span class='ocrx_word' id='word_1_505' title='bbox 3303 2127 3514 2200; x_wconf 87' lang='lat' dir='ltr'><strong>agenda</strong></span> <span class='ocrx_word' id='word_1_506' title='bbox 3542 2137 3672 2185; x_wconf 90' lang='lat' dir='ltr'><strong>sunt</strong></span> <span class='ocrx_word' id='word_1_507' title='bbox 3701 2129 3807 2184; x_wconf 81' lang='lat' dir='ltr'><strong>in-</strong></span> 
     </span>
    </p>
   </div>
   <div class='ocr_carea' id='block_1_65' title="bbox 2185 2216 3806 2290">
    <p class='ocr_par' dir='ltr' id='par_1_65' title="bbox 2185 2216 3806 2290">
     <span class='ocr_line' id='line_1_65' title="bbox 2185 2216 3806 2290; baseline 0.004 -19"><span class='ocrx_word' id='word_1_508' title='bbox 2185 2217 2403 2285; x_wconf 89' lang='lat' dir='ltr'><strong>timare,</strong></span> <span class='ocrx_word' id='word_1_509' title='bbox 2435 2225 2489 2272; x_wconf 91' lang='lat' dir='ltr'><strong>et</strong></span> <span class='ocrx_word' id='word_1_510' title='bbox 2516 2233 2610 2274; x_wconf 88' lang='lat' dir='ltr'><strong>cor</strong></span> <span class='ocrx_word' id='word_1_511' title='bbox 2639 2216 2896 2272; x_wconf 88' lang='lat' dir='ltr'><strong>hominis</strong></span> <span class='ocrx_word' id='word_1_512' title='bbox 2923 2217 3199 2290; x_wconf 89' lang='lat' dir='ltr'><strong>ignarum,</strong></span> <span class='ocrx_word' id='word_1_513' title='bbox 3241 2235 3353 2275; x_wconf 90' lang='lat' dir='ltr'><strong>non</strong></span> <span class='ocrx_word' id='word_1_514' title='bbox 3383 2217 3637 2276; x_wconf 89' lang='lat' dir='ltr'><strong>adhibito</strong></span> <span class='ocrx_word' id='word_1_515' title='bbox 3665 2227 3806 2277; x_wconf 82' lang='lat' dir='ltr'><strong>stre-</strong></span> 
     </span>
    </p>
   </div>
   <div class='ocr_carea' id='block_1_66' title="bbox 2186 2306 3804 2380">
    <p class='ocr_par' dir='ltr' id='par_1_66' title="bbox 2186 2306 3804 2380">
     <span class='ocr_line' id='line_1_66' title="bbox 2186 2306 3804 2380; baseline 0.004 -20"><span class='ocrx_word' id='word_1_516' title='bbox 2186 2306 2306 2379; x_wconf 86' lang='lat' dir='ltr'><strong>pitu</strong></span> <span class='ocrx_word' id='word_1_517' title='bbox 2333 2315 2388 2362; x_wconf 88' lang='lat' dir='ltr'><strong>et</strong></span> <span class='ocrx_word' id='word_1_518' title='bbox 2416 2306 2675 2364; x_wconf 84' lang='lat' dir='ltr'><strong>tarditate</strong></span> <span class='ocrx_word' id='word_1_519' title='bbox 2709 2307 3001 2376; x_wconf 89' lang='lat' dir='ltr'><strong>sermonis,</strong></span> <span class='ocrx_word' id='word_1_520' title='bbox 3033 2307 3274 2380; x_wconf 90' lang='lat' dir='ltr'><strong>peritum</strong></span> <span class='ocrx_word' id='word_1_521' title='bbox 3305 2317 3529 2380; x_wconf 88' lang='lat' dir='ltr'><strong>repente</strong></span> <span class='ocrx_word' id='word_1_522' title='bbox 3577 2309 3645 2366; x_wconf 89' lang='lat' dir='ltr'><strong>de</strong></span> <span class='ocrx_word' id='word_1_523' title='bbox 3678 2309 3804 2367; x_wconf 83' lang='lat' dir='ltr'><strong>abs-</strong></span> 
     </span>
    </p>
   </div>
   <div class='ocr_carea' id='block_1_67' title="bbox 2185 2395 3804 2472">
    <p class='ocr_par' dir='ltr' id='par_1_67' title="bbox 2185 2395 3804 2472">
     <span class='ocr_line' id='line_1_67' title="bbox 2185 2395 3804 2472; baseline 0.004 -21"><span class='ocrx_word' id='word_1_524' title='bbox 2185 2395 2424 2452; x_wconf 89' lang='lat' dir='ltr'><strong>conditis</strong></span> <span class='ocrx_word' id='word_1_525' title='bbox 2449 2396 2693 2452; x_wconf 89' lang='lat' dir='ltr'><strong>reddere.</strong></span> <span class='ocrx_word' id='word_1_526' title='bbox 2718 2397 2857 2452; x_wconf 81' lang='lat' dir='ltr'><strong>Nam</strong></span> <span class='ocrx_word' id='word_1_527' title='bbox 2881 2397 3010 2470; x_wconf 90' lang='lat' dir='ltr'><strong>quia</strong></span> <span class='ocrx_word' id='word_1_528' title='bbox 3029 2397 3252 2453; x_wconf 71' lang='lat' dir='ltr'><strong>auditus</strong></span> <span class='ocrx_word' id='word_1_529' title='bbox 3273 2415 3334 2454; x_wconf 88' lang='lat' dir='ltr'><strong>ea</strong></span> <span class='ocrx_word' id='word_1_530' title='bbox 3356 2415 3478 2472; x_wconf 83' lang='lat' dir='ltr'><strong>quae</strong></span> <span class='ocrx_word' id='word_1_531' title='bbox 3499 2399 3568 2455; x_wconf 89' lang='lat' dir='ltr'><strong>ad</strong></span> <span class='ocrx_word' id='word_1_532' title='bbox 3583 2415 3638 2457; x_wconf 89' lang='lat' dir='ltr'><strong>se</strong></span> <span class='ocrx_word' id='word_1_533' title='bbox 3655 2400 3804 2457; x_wconf 89' lang='lat' dir='ltr'><strong>ﬁunt</strong></span> 
     </span>
    </p>
   </div>
   <div class='ocr_carea' id='block_1_68' title="bbox 2184 2485 3803 2564">
    <p class='ocr_par' dir='ltr' id='par_1_68' title="bbox 2184 2485 3803 2564">
     <span class='ocr_line' id='line_1_68' title="bbox 2184 2485 3803 2564; baseline 0.003 -22"><span class='ocrx_word' id='word_1_534' title='bbox 2184 2501 2295 2542; x_wconf 89' lang='lat' dir='ltr'><strong>non</strong></span> <span class='ocrx_word' id='word_1_535' title='bbox 2327 2485 2490 2542; x_wconf 92' lang='lat' dir='ltr'><strong>simul</strong></span> <span class='ocrx_word' id='word_1_536' title='bbox 2525 2486 2714 2542; x_wconf 90' lang='lat' dir='ltr'><strong>omnia</strong></span> <span class='ocrx_word' id='word_1_537' title='bbox 2743 2486 2895 2544; x_wconf 89' lang='lat' dir='ltr'><strong>dicta</strong></span> <span class='ocrx_word' id='word_1_538' title='bbox 2927 2487 3376 2560; x_wconf 91' lang='lat' dir='ltr'><strong>comprehendit,</strong></span> <span class='ocrx_word' id='word_1_539' title='bbox 3398 2491 3602 2564; x_wconf 87' lang='lat' dir='ltr'><strong>quippe</strong></span> <span class='ocrx_word' id='word_1_540' title='bbox 3631 2491 3732 2564; x_wconf 90' lang='lat' dir='ltr'><strong>qui</strong></span> <span class='ocrx_word' id='word_1_541' title='bbox 3751 2499 3803 2547; x_wconf 90' lang='lat' dir='ltr'><strong>et</strong></span> 
     </span>
    </p>
   </div>
   <div class='ocr_carea' id='block_1_69' title="bbox 2183 2577 3805 2653">
    <p class='ocr_par' dir='ltr' id='par_1_69' title="bbox 2183 2577 3805 2653">
     <span class='ocr_line' id='line_1_69' title="bbox 2183 2577 3805 2653; baseline 0.002 -20"><span class='ocrx_word' id='word_1_542' title='bbox 2183 2592 2374 2633; x_wconf 85' lang='lat' dir='ltr'><strong>causas</strong></span> <span class='ocrx_word' id='word_1_543' title='bbox 2403 2592 2498 2647; x_wconf 89' lang='lat' dir='ltr'><strong>per</strong></span> <span class='ocrx_word' id='word_1_544' title='bbox 2518 2577 2706 2645; x_wconf 83' lang='lat' dir='ltr'><strong>verba,</strong></span> <span class='ocrx_word' id='word_1_545' title='bbox 2739 2584 2794 2632; x_wconf 91' lang='lat' dir='ltr'><strong>et</strong></span> <span class='ocrx_word' id='word_1_546' title='bbox 2824 2577 3208 2650; x_wconf 88' lang='lat' dir='ltr'><strong>particulatim</strong></span> <span class='ocrx_word' id='word_1_547' title='bbox 3237 2580 3408 2636; x_wconf 81' lang='lat' dir='ltr'><strong>verba</strong></span> <span class='ocrx_word' id='word_1_548' title='bbox 3437 2596 3531 2652; x_wconf 88' lang='lat' dir='ltr'><strong>per</strong></span> <span class='ocrx_word' id='word_1_549' title='bbox 3555 2579 3805 2653; x_wconf 83' lang='lat' dir='ltr'><strong>syllabas</strong></span> 
     </span>
    </p>
   </div>
   <div class='ocr_carea' id='block_1_70' title="bbox 2183 2666 3798 2743">
    <p class='ocr_par' dir='ltr' id='par_1_70' title="bbox 2183 2666 3798 2743">
     <span class='ocr_line' id='line_1_70' title="bbox 2183 2666 3798 2743; baseline 0.003 -23"><span class='ocrx_word' id='word_1_550' title='bbox 2183 2666 2444 2738; x_wconf 89' lang='lat' dir='ltr'><strong>percipit;</strong></span> <span class='ocrx_word' id='word_1_551' title='bbox 2479 2666 2631 2722; x_wconf 69' lang='lat' dir='ltr'><strong>visus</strong></span> <span class='ocrx_word' id='word_1_552' title='bbox 2661 2675 2848 2723; x_wconf 85' lang='lat' dir='ltr'><strong>autem</strong></span> <span class='ocrx_word' id='word_1_553' title='bbox 2877 2675 3066 2724; x_wconf 90' lang='lat' dir='ltr'><strong>noster</strong></span> <span class='ocrx_word' id='word_1_554' title='bbox 3095 2669 3154 2725; x_wconf 91' lang='lat' dir='ltr'><strong>in</strong></span> <span class='ocrx_word' id='word_1_555' title='bbox 3201 2685 3266 2725; x_wconf 90' lang='lat' dir='ltr'><strong>eo</strong></span> <span class='ocrx_word' id='word_1_556' title='bbox 3312 2669 3464 2743; x_wconf 91' lang='lat' dir='ltr'><strong>quod</strong></span> <span class='ocrx_word' id='word_1_557' title='bbox 3494 2687 3551 2726; x_wconf 90' lang='lat' dir='ltr'><strong>se</strong></span> <span class='ocrx_word' id='word_1_558' title='bbox 3579 2670 3798 2743; x_wconf 85' lang='lat' dir='ltr'><strong>dirigit,</strong></span> 
     </span>
    </p>
   </div>
   <div class='ocr_carea' id='block_1_71' title="bbox 2182 2755 3802 2830">
    <p class='ocr_par' dir='ltr' id='par_1_71' title="bbox 2182 2755 3802 2830">
     <span class='ocr_line' id='line_1_71' title="bbox 2182 2755 3802 2830; baseline 0.002 -18"><span class='ocrx_word' id='word_1_559' title='bbox 2182 2763 2359 2812; x_wconf 88' lang='lat' dir='ltr'><strong>totum</strong></span> <span class='ocrx_word' id='word_1_560' title='bbox 2391 2755 2575 2811; x_wconf 90' lang='lat' dir='ltr'><strong>subito</strong></span> <span class='ocrx_word' id='word_1_561' title='bbox 2619 2763 2672 2811; x_wconf 90' lang='lat' dir='ltr'><strong>et</strong></span> <span class='ocrx_word' id='word_1_562' title='bbox 2701 2756 2869 2812; x_wconf 90' lang='lat' dir='ltr'><strong>simul</strong></span> <span class='ocrx_word' id='word_1_563' title='bbox 2914 2756 3312 2830; x_wconf 89' lang='lat' dir='ltr'><strong>apprehendit;</strong></span> <span class='ocrx_word' id='word_1_564' title='bbox 3345 2759 3447 2815; x_wconf 90' lang='lat' dir='ltr'><strong>Dei</strong></span> <span class='ocrx_word' id='word_1_565' title='bbox 3487 2759 3697 2816; x_wconf 88' lang='lat' dir='ltr'><strong>locutio</strong></span> <span class='ocrx_word' id='word_1_566' title='bbox 3733 2760 3802 2816; x_wconf 85' lang='lat' dir='ltr'><strong>ad</strong></span> 
     </span>
    </p>
   </div>
   <div class='ocr_carea' id='block_1_72' title="bbox 2183 2845 3800 2922">
    <p class='ocr_par' dir='ltr' id='par_1_72' title="bbox 2183 2845 3800 2922">
     <span class='ocr_line' id='line_1_72' title="bbox 2183 2845 3800 2922; baseline 0.004 -23"><span class='ocrx_word' id='word_1_567' title='bbox 2183 2860 2283 2900; x_wconf 90' lang='lat' dir='ltr'><strong>nos</strong></span> <span class='ocrx_word' id='word_1_568' title='bbox 2309 2845 2646 2902; x_wconf 88' lang='lat' dir='ltr'><strong>intrinsecus</strong></span> <span class='ocrx_word' id='word_1_569' title='bbox 2665 2845 2812 2902; x_wconf 84' lang='lat' dir='ltr'><strong>facta</strong></span> <span class='ocrx_word' id='word_1_570' title='bbox 2841 2847 3082 2916; x_wconf 89' lang='lat' dir='ltr'><strong>videtur,</strong></span> <span class='ocrx_word' id='word_1_571' title='bbox 3104 2847 3287 2920; x_wconf 88' lang='lat' dir='ltr'><strong>potius</strong></span> <span class='ocrx_word' id='word_1_572' title='bbox 3317 2865 3482 2922; x_wconf 89' lang='lat' dir='ltr'><strong>quam</strong></span> <span class='ocrx_word' id='word_1_573' title='bbox 3510 2848 3800 2919; x_wconf 84' lang='lat' dir='ltr'><strong>audiatur,</strong></span> 
     </span>
    </p>
   </div>
   <div class='ocr_carea' id='block_1_73' title="bbox 2180 2935 3796 3011">
    <p class='ocr_par' dir='ltr' id='par_1_73' title="bbox 2180 2935 3796 3011">
     <span class='ocr_line' id='line_1_73' title="bbox 2180 2935 3796 3011; baseline 0.004 -20"><span class='ocrx_word' id='word_1_574' title='bbox 2180 2935 2308 3008; x_wconf 89' lang='lat' dir='ltr'><strong>quia</strong></span> <span class='ocrx_word' id='word_1_575' title='bbox 2328 2935 2461 2992; x_wconf 90' lang='lat' dir='ltr'><strong>dum</strong></span> <span class='ocrx_word' id='word_1_576' title='bbox 2487 2937 2532 2971; x_wconf 82' lang='grc'>¹²</span> <span class='ocrx_word' id='word_1_577' title='bbox 2545 2937 2898 3009; x_wconf 88' lang='lat' dir='ltr'><strong>semetipsum</strong></span> <span class='ocrx_word' id='word_1_578' title='bbox 2917 2938 3037 2995; x_wconf 91' lang='lat' dir='ltr'><strong>sine</strong></span> <span class='ocrx_word' id='word_1_579' title='bbox 3052 2955 3204 2994; x_wconf 89' lang='lat' dir='ltr'><strong>mora</strong></span> <span class='ocrx_word' id='word_1_580' title='bbox 3225 2941 3495 2996; x_wconf 89' lang='lat' dir='ltr'><strong>sermonis</strong></span> <span class='ocrx_word' id='word_1_581' title='bbox 3517 2941 3796 3011; x_wconf 89' lang='lat' dir='ltr'><strong>insinuat,</strong></span> 
     </span>
    </p>
   </div>
   <div class='ocr_carea' id='block_1_74' title="bbox 2179 3025 3798 3100">
    <p class='ocr_par' dir='ltr' id='par_1_74' title="bbox 2179 3025 3798 3100">
     <span class='ocr_line' id='line_1_74' title="bbox 2179 3025 3798 3100; baseline 0.005 -20"><span class='ocrx_word' id='word_1_582' title='bbox 2179 3025 2465 3098; x_wconf 88' lang='lat' dir='ltr'><strong>repentina</strong></span> <span class='ocrx_word' id='word_1_583' title='bbox 2491 3027 2613 3084; x_wconf 89' lang='lat' dir='ltr'><strong>luce</strong></span> <span class='ocrx_word' id='word_1_584' title='bbox 2644 3035 2846 3084; x_wconf 73' lang='lat' dir='ltr'><strong>nostrae</strong></span> <span class='ocrx_word' id='word_1_585' title='bbox 2877 3029 3205 3100; x_wconf 73' lang='lat' dir='ltr'><strong>ignorantiae</strong></span> <span class='ocrx_word' id='word_1_586' title='bbox 3244 3029 3498 3087; x_wconf 87' lang='lat' dir='ltr'><strong>tenebras</strong></span> <span class='ocrx_word' id='word_1_587' title='bbox 3526 3031 3798 3088; x_wconf 80' lang='lat' dir='ltr'><strong>illustrat.</strong></span> 
     </span>
    </p>
   </div>
   <div class='ocr_carea' id='block_1_75' title="bbox 2179 3116 3796 3196">
    <p class='ocr_par' dir='ltr' id='par_1_75' title="bbox 2179 3116 3796 3196">
     <span class='ocr_line' id='line_1_75' title="bbox 2179 3116 3796 3196; baseline 0.005 -24"><span class='ocrx_word' id='word_1_588' title='bbox 2179 3116 2333 3173; x_wconf 91' lang='lat' dir='ltr'><strong>Unde</strong></span> <span class='ocrx_word' id='word_1_589' title='bbox 2360 3124 2414 3173; x_wconf 90' lang='lat' dir='ltr'><strong>et</strong></span> <span class='ocrx_word' id='word_1_590' title='bbox 2444 3117 2682 3184; x_wconf 90' lang='lat' dir='ltr'><strong>Baruch,</strong></span> <span class='ocrx_word' id='word_1_591' title='bbox 2712 3118 2888 3174; x_wconf 59' lang='lat' dir='ltr'><strong>Neria;</strong></span> <span class='ocrx_word' id='word_1_592' title='bbox 2916 3119 3086 3188; x_wconf 89' lang='lat' dir='ltr'><strong>ﬁlius,</strong></span> <span class='ocrx_word' id='word_1_593' title='bbox 3119 3137 3244 3176; x_wconf 91' lang='lat' dir='ltr'><strong>cum</strong></span> <span class='ocrx_word' id='word_1_594' title='bbox 3277 3121 3580 3194; x_wconf 88' lang='lat' dir='ltr'><strong>requisitus</strong></span> <span class='ocrx_word' id='word_1_595' title='bbox 3605 3139 3796 3196; x_wconf 85' lang='lat' dir='ltr'><strong>expc-</strong></span> 
     </span>
    </p>
   </div>
   <div class='ocr_carea' id='block_1_76' title="bbox 2179 3207 3799 3285">
    <p class='ocr_par' dir='ltr' id='par_1_76' title="bbox 2179 3207 3799 3285">
     <span class='ocr_line' id='line_1_76' title="bbox 2179 3207 3799 3285; baseline 0.004 -23"><span class='ocrx_word' id='word_1_596' title='bbox 2179 3215 2332 3264; x_wconf 90' lang='lat' dir='ltr'><strong>neret</strong></span> <span class='ocrx_word' id='word_1_597' title='bbox 2351 3207 2819 3281; x_wconf 88' lang='lat' dir='ltr'><strong>quemadmodum</strong></span> <span class='ocrx_word' id='word_1_598' title='bbox 2842 3210 3010 3266; x_wconf 90' lang='lat' dir='ltr'><strong>verba</strong></span> <span class='ocrx_word' id='word_1_599' title='bbox 3029 3211 3278 3268; x_wconf 64' lang='lat' dir='ltr'><strong>Ieremia:</strong></span> <span class='ocrx_word' id='word_1_600' title='bbox 3300 3211 3688 3285; x_wconf 91' lang='lat' dir='ltr'><strong>prophetantis</strong></span> <span class='ocrx_word' id='word_1_601' title='bbox 3705 3231 3799 3269; x_wconf 89' lang='lat' dir='ltr'><strong>au-</strong></span> 
     </span>
    </p>
   </div>
   <div class='ocr_carea' id='block_1_77' title="bbox 2177 3297 3796 3375">
    <p class='ocr_par' dir='ltr' id='par_1_77' title="bbox 2177 3297 3796 3375">
     <span class='ocr_line' id='line_1_77' title="bbox 2177 3297 3796 3375; baseline 0.003 -22"><span class='ocrx_word' id='word_1_602' title='bbox 2177 3298 2366 3366; x_wconf 83' lang='lat' dir='ltr'><strong>disset,</strong></span> <span class='ocrx_word' id='word_1_603' title='bbox 2399 3297 2510 3353; x_wconf 90' lang='lat' dir='ltr'><strong>ait:</strong></span> <span class='ocrx_word' id='word_1_604' title='bbox 2543 3300 2636 3354; x_wconf 79' lang='lat' dir='ltr'><strong>Ea:</strong></span> <span class='ocrx_word' id='word_1_605' title='bbox 2666 3315 2760 3354; x_wconf 89' lang='lat' dir='ltr'><strong>ore</strong></span> <span class='ocrx_word' id='word_1_606' title='bbox 2785 3316 2880 3355; x_wconf 88' lang='lat' dir='ltr'><strong>suo</strong></span> <span class='ocrx_word' id='word_1_607' title='bbox 2914 3301 3227 3372; x_wconf 86' lang='lat' dir='ltr'><strong>loquebatur</strong></span> <span class='ocrx_word' id='word_1_608' title='bbox 3245 3303 3400 3372; x_wconf 87' lang='lat' dir='ltr'><strong>quasi</strong></span> <span class='ocrx_word' id='word_1_609' title='bbox 3431 3304 3622 3375; x_wconf 87' lang='lat' dir='ltr'><strong>legens,</strong></span> <span class='ocrx_word' id='word_1_610' title='bbox 3641 3310 3695 3358; x_wconf 90' lang='lat' dir='ltr'><strong>et</strong></span> <span class='ocrx_word' id='word_1_611' title='bbox 3710 3323 3796 3375; x_wconf 85' lang='lat' dir='ltr'><strong>ego</strong></span> 
     </span>
    </p>
   </div>
   <div class='ocr_carea' id='block_1_78' title="bbox 2175 3380 3798 3464">
    <p class='ocr_par' dir='ltr' id='par_1_78' title="bbox 2175 3380 3798 3464">
     <span class='ocr_line' id='line_1_78' title="bbox 2175 3380 3798 3464; baseline 0.005 -22"><span class='ocrx_word' id='word_1_612' title='bbox 2175 3386 2472 3442; x_wconf 85' lang='lat' dir='ltr'><strong>scribebam</strong></span> <span class='ocrx_word' id='word_1_613' title='bbox 2506 3387 2723 3458; x_wconf 86' lang='lat' dir='ltr'><strong>(Jerem.</strong></span> <span class='ocrx_word' id='word_1_614' title='bbox 2755 3405 2959 3456; x_wconf 78' lang='lat' dir='ltr'><strong>xxxvr,</strong></span> <span class='ocrx_word' id='word_1_615' title='bbox 3004 3390 3119 3462; x_wconf 91' lang='grc'><strong>18).</strong></span> <span class='ocrx_word' id='word_1_616' title='bbox 3153 3380 3259 3458; x_wconf 78' lang='lat' dir='ltr'><strong>Qui</strong></span> <span class='ocrx_word' id='word_1_617' title='bbox 3287 3391 3436 3448; x_wconf 89' lang='lat' dir='ltr'><strong>enim</strong></span> <span class='ocrx_word' id='word_1_618' title='bbox 3487 3392 3675 3464; x_wconf 88' lang='lat' dir='ltr'><strong>legens</strong></span> <span class='ocrx_word' id='word_1_619' title='bbox 3707 3395 3798 3450; x_wconf 88' lang='lat' dir='ltr'><strong>lo-</strong></span> 
     </span>
    </p>
   </div>
   <div class='ocr_carea' id='block_1_79' title="bbox 2175 3477 3797 3558">
    <p class='ocr_par' dir='ltr' id='par_1_79' title="bbox 2175 3477 3797 3558">
     <span class='ocr_line' id='line_1_79' title="bbox 2175 3477 3797 3558; baseline 0.004 -24"><span class='ocrx_word' id='word_1_620' title='bbox 2175 3478 2386 3550; x_wconf 88' lang='lat' dir='ltr'><strong>quitur,</strong></span> <span class='ocrx_word' id='word_1_621' title='bbox 2417 3477 2531 3534; x_wconf 90' lang='lat' dir='ltr'><strong>alio</strong></span> <span class='ocrx_word' id='word_1_622' title='bbox 2579 3477 2846 3548; x_wconf 90' lang='lat' dir='ltr'><strong>intendit,</strong></span> <span class='ocrx_word' id='word_1_623' title='bbox 2885 3479 2979 3537; x_wconf 91' lang='lat' dir='ltr'><strong>sed</strong></span> <span class='ocrx_word' id='word_1_624' title='bbox 3027 3481 3138 3538; x_wconf 90' lang='lat' dir='ltr'><strong>alio</strong></span> <span class='ocrx_word' id='word_1_625' title='bbox 3194 3481 3426 3538; x_wconf 85' lang='lat' dir='ltr'><strong>verbum</strong></span> <span class='ocrx_word' id='word_1_626' title='bbox 3473 3482 3628 3552; x_wconf 85' lang='lat' dir='ltr'><strong>facit,</strong></span> <span class='ocrx_word' id='word_1_627' title='bbox 3665 3486 3797 3558; x_wconf 88' lang='lat' dir='ltr'><strong>quia</strong></span> 
     </span>
    </p>
   </div>
   <div class='ocr_carea' id='block_1_80' title="bbox 2174 3571 3797 3656">
    <p class='ocr_par' dir='ltr' id='par_1_80' title="bbox 2174 3571 3797 3656">
     <span class='ocr_line' id='line_1_80' title="bbox 2174 3571 3797 3656; baseline 0.006 -26"><span class='ocrx_word' id='word_1_628' title='bbox 2174 3571 2324 3630; x_wconf 75' lang='lat'><strong>894</strong></span> <span class='ocrx_word' id='word_1_629' title='bbox 2350 3575 2497 3649; x_wconf 90' lang='lat' dir='ltr'><strong>quod</strong></span> <span class='ocrx_word' id='word_1_630' title='bbox 2528 3575 2681 3634; x_wconf 81' lang='lat' dir='ltr'><strong>videt</strong></span> <span class='ocrx_word' id='word_1_631' title='bbox 2711 3578 2870 3636; x_wconf 89' lang='lat' dir='ltr'><strong>dicit.</strong></span> <span class='ocrx_word' id='word_1_632' title='bbox 2905 3579 3193 3654; x_wconf 69' lang='lat' dir='ltr'><strong>PrOphetze</strong></span> <span class='ocrx_word' id='word_1_633' title='bbox 3223 3598 3352 3655; x_wconf 88' lang='lat' dir='ltr'><strong>ergo</strong></span> <span class='ocrx_word' id='word_1_634' title='bbox 3367 3581 3490 3651; x_wconf 91' lang='lat' dir='ltr'><strong>Dei,</strong></span> <span class='ocrx_word' id='word_1_635' title='bbox 3522 3583 3653 3656; x_wconf 88' lang='lat' dir='ltr'><strong>quia</strong></span> <span class='ocrx_word' id='word_1_636' title='bbox 3676 3583 3797 3656; x_wconf 87' lang='lat' dir='ltr'><strong>ejus</strong></span> 
     </span>
    </p>
   </div>
   <div class='ocr_carea' id='block_1_81' title="bbox 2173 3666 3792 3746">
    <p class='ocr_par' dir='ltr' id='par_1_81' title="bbox 2173 3666 3792 3746">
     <span class='ocr_line' id='line_1_81' title="bbox 2173 3666 3792 3746; baseline 0.006 -26"><span class='ocrx_word' id='word_1_637' title='bbox 2173 3666 2340 3723; x_wconf 89' lang='lat' dir='ltr'><strong>verba</strong></span> <span class='ocrx_word' id='word_1_638' title='bbox 2368 3666 2560 3723; x_wconf 89' lang='lat' dir='ltr'><strong>vident</strong></span> <span class='ocrx_word' id='word_1_639' title='bbox 2609 3667 2796 3740; x_wconf 89' lang='lat' dir='ltr'><strong>potius</strong></span> <span class='ocrx_word' id='word_1_640' title='bbox 2841 3669 2898 3726; x_wconf 90' lang='lat' dir='ltr'><strong>in</strong></span> <span class='ocrx_word' id='word_1_641' title='bbox 2946 3671 3112 3728; x_wconf 91' lang='lat' dir='ltr'><strong>corde</strong></span> <span class='ocrx_word' id='word_1_642' title='bbox 3141 3686 3307 3744; x_wconf 91' lang='lat' dir='ltr'><strong>quam</strong></span> <span class='ocrx_word' id='word_1_643' title='bbox 3340 3671 3599 3740; x_wconf 89' lang='lat' dir='ltr'><strong>audiunt,</strong></span> <span class='ocrx_word' id='word_1_644' title='bbox 3631 3675 3792 3746; x_wconf 82' lang='lat' dir='ltr'><strong>quasi</strong></span> 
     </span>
    </p>
   </div>
   <div class='ocr_carea' id='block_1_82' title="bbox 2171 3756 2764 3830">
    <p class='ocr_par' dir='ltr' id='par_1_82' title="bbox 2171 3756 2764 3830">
     <span class='ocr_line' id='line_1_82' title="bbox 2171 3756 2764 3830; baseline 0.002 -18"><span class='ocrx_word' id='word_1_645' title='bbox 2171 3756 2408 3828; x_wconf 87' lang='lat' dir='ltr'><strong>legentes</strong></span> <span class='ocrx_word' id='word_1_646' title='bbox 2439 3758 2764 3830; x_wconf 85' lang='lat' dir='ltr'><strong>loquuntur.</strong></span> 
     </span>
    </p>
   </div>
   <div class='ocr_carea' id='block_1_83' title="bbox 2241 3846 3792 3922">
    <p class='ocr_par' dir='ltr' id='par_1_83' title="bbox 2241 3846 3792 3922">
     <span class='ocr_line' id='line_1_83' title="bbox 2241 3846 3792 3922; baseline 0.003 -21"><span class='ocrx_word' id='word_1_647' title='bbox 2241 3846 2292 3902; x_wconf 86' lang='lat'><strong>3.</strong></span> <span class='ocrx_word' id='word_1_648' title='bbox 2342 3847 2608 3914; x_wconf 84' lang='lat' dir='ltr'><strong>Quomodo</strong></span> <span class='ocrx_word' id='word_1_649' title='bbox 2651 3864 2752 3918; x_wconf 88' lang='lat' dir='ltr'><strong>per</strong></span> <span class='ocrx_word' id='word_1_650' title='bbox 2793 3847 3004 3916; x_wconf 85' lang='lat' dir='ltr'><strong>angelos</strong></span> <span class='ocrx_word' id='word_1_651' title='bbox 3051 3846 3196 3918; x_wconf 83' lang='lat' dir='ltr'><strong>loqui</strong></span> <span class='ocrx_word' id='word_1_652' title='bbox 3240 3848 3426 3904; x_wconf 84' lang='lat' dir='ltr'><strong>soleat.</strong></span> <span class='ocrx_word' id='word_1_653' title='bbox 3474 3848 3792 3922; x_wconf 83' lang='lat' dir='ltr'><strong>Aliquando</strong></span> 
     </span>
    </p>
   </div>
   <div class='ocr_carea' id='block_1_84' title="bbox 2167 3935 3791 4008">
    <p class='ocr_par' dir='ltr' id='par_1_84' title="bbox 2167 3935 3791 4008">
     <span class='ocr_line' id='line_1_84' title="bbox 2167 3935 3791 4008; baseline 0.003 -18"><span class='ocrx_word' id='word_1_654' title='bbox 2167 3936 2336 3992; x_wconf 84' lang='lat' dir='ltr'><strong>verbis</strong></span> <span class='ocrx_word' id='word_1_655' title='bbox 2357 3937 2580 4001; x_wconf 83' lang='lat' dir='ltr'><strong>utendo;</strong></span> <span class='ocrx_word' id='word_1_656' title='bbox 2600 3936 2890 4008; x_wconf 84' lang='lat' dir='ltr'><strong>aliquando</strong></span> <span class='ocrx_word' id='word_1_657' title='bbox 2913 3935 3064 3990; x_wconf 83' lang='lat' dir='ltr'><strong>rebus</strong></span> <span class='ocrx_word' id='word_1_658' title='bbox 3082 3954 3102 4001; x_wconf 90' lang='lat'><em>;</em></span> <span class='ocrx_word' id='word_1_659' title='bbox 3120 3936 3418 4008; x_wconf 84' lang='lat' dir='ltr'><strong>aliquando</strong></span> <span class='ocrx_word' id='word_1_660' title='bbox 3433 3937 3597 3994; x_wconf 87' lang='lat' dir='ltr'><strong>simul</strong></span> <span class='ocrx_word' id='word_1_661' title='bbox 3615 3940 3791 3997; x_wconf 83' lang='lat' dir='ltr'><strong>verbis</strong></span> 
     </span>
    </p>
   </div>
   <div class='ocr_carea' id='block_1_85' title="bbox 2166 4026 3791 4101">
    <p class='ocr_par' dir='ltr' id='par_1_85' title="bbox 2166 4026 3791 4101">
     <span class='ocr_line' id='line_1_85' title="bbox 2166 4026 3791 4101; baseline 0.004 -20"><span class='ocrx_word' id='word_1_662' title='bbox 2166 4033 2214 4081; x_wconf 89' lang='lat' dir='ltr'><strong>et</strong></span> <span class='ocrx_word' id='word_1_663' title='bbox 2229 4026 2404 4093; x_wconf 87' lang='lat' dir='ltr'><strong>rebus;</strong></span> <span class='ocrx_word' id='word_1_664' title='bbox 2422 4026 2716 4096; x_wconf 86' lang='lat' dir='ltr'><strong>aliquando</strong></span> <span class='ocrx_word' id='word_1_665' title='bbox 2747 4026 3064 4096; x_wconf 85' lang='lat' dir='ltr'><strong>imaginibus</strong></span> <span class='ocrx_word' id='word_1_666' title='bbox 3093 4027 3272 4082; x_wconf 87' lang='lat' dir='ltr'><strong>cordis</strong></span> <span class='ocrx_word' id='word_1_667' title='bbox 3290 4033 3385 4082; x_wconf 88' lang='lat' dir='ltr'><strong>aut</strong></span> <span class='ocrx_word' id='word_1_668' title='bbox 3404 4029 3649 4101; x_wconf 84' lang='lat' dir='ltr'><strong>corporis</strong></span> <span class='ocrx_word' id='word_1_669' title='bbox 3671 4047 3791 4086; x_wconf 86' lang='lat' dir='ltr'><strong>ocu-</strong></span> 
     </span>
    </p>
   </div>
   <div class='ocr_carea' id='block_1_86' title="bbox 2169 4113 3786 4188">
    <p class='ocr_par' dir='ltr' id='par_1_86' title="bbox 2169 4113 3786 4188">
     <span class='ocr_line' id='line_1_86' title="bbox 2169 4113 3786 4188; baseline 0.004 -17"><span class='ocrx_word' id='word_1_670' title='bbox 2169 4115 2232 4171; x_wconf 84' lang='lat' dir='ltr'><strong>lis</strong></span> <span class='ocrx_word' id='word_1_671' title='bbox 2261 4115 2496 4171; x_wconf 87' lang='lat' dir='ltr'><strong>ostensis.</strong></span> <span class='ocrx_word' id='word_1_672' title='bbox 2541 4145 2612 4156; x_wconf 86' lang='lat'><strong>-—-</strong></span> <span class='ocrx_word' id='word_1_673' title='bbox 2659 4113 2796 4171; x_wconf 90' lang='lat' dir='ltr'><strong>Cum</strong></span> <span class='ocrx_word' id='word_1_674' title='bbox 2845 4131 2976 4171; x_wconf 79' lang='lat' dir='ltr'><strong>vero</strong></span> <span class='ocrx_word' id='word_1_675' title='bbox 3008 4132 3105 4188; x_wconf 90' lang='lat' dir='ltr'><strong>per</strong></span> <span class='ocrx_word' id='word_1_676' title='bbox 3149 4115 3407 4188; x_wconf 85' lang='lat' dir='ltr'><strong>angelum</strong></span> <span class='ocrx_word' id='word_1_677' title='bbox 3439 4117 3786 4177; x_wconf 85' lang='lat' dir='ltr'><strong>voluntatem</strong></span> 
     </span>
    </p>
   </div>
   <div class='ocr_carea' id='block_1_87' title="bbox 2163 4204 3787 4280">
    <p class='ocr_par' dir='ltr' id='par_1_87' title="bbox 2163 4204 3787 4280">
     <span class='ocr_line' id='line_1_87' title="bbox 2163 4204 3787 4280; baseline 0.004 -20"><span class='ocrx_word' id='word_1_678' title='bbox 2163 4221 2319 4260; x_wconf 86' lang='lat' dir='ltr'><strong>suam</strong></span> <span class='ocrx_word' id='word_1_679' title='bbox 2348 4205 2622 4261; x_wconf 91' lang='lat' dir='ltr'><strong>Dominus</strong></span> <span class='ocrx_word' id='word_1_680' title='bbox 2666 4204 2895 4273; x_wconf 89' lang='lat' dir='ltr'><strong>indicat,</strong></span> <span class='ocrx_word' id='word_1_681' title='bbox 2947 4205 3246 4280; x_wconf 88' lang='lat' dir='ltr'><strong>aliquando</strong></span> <span class='ocrx_word' id='word_1_682' title='bbox 3275 4223 3397 4263; x_wconf 88' lang='lat' dir='ltr'><strong>eam</strong></span> <span class='ocrx_word' id='word_1_683' title='bbox 3431 4207 3637 4278; x_wconf 85' lang='lat' dir='ltr'><strong>verbis,</strong></span> <span class='ocrx_word' id='word_1_684' title='bbox 3672 4211 3787 4266; x_wconf 89' lang='lat' dir='ltr'><strong>ali—</strong></span> 
     </span>
    </p>
   </div>
   <div class='ocr_carea' id='block_1_88' title="bbox 2164 4297 3786 4372">
    <p class='ocr_par' dir='ltr' id='par_1_88' title="bbox 2164 4297 3786 4372">
     <span class='ocr_line' id='line_1_88' title="bbox 2164 4297 3786 4372; baseline 0.006 -20"><span class='ocrx_word' id='word_1_685' title='bbox 2164 4297 2384 4372; x_wconf 82' lang='lat' dir='ltr'><strong>quando</strong></span> <span class='ocrx_word' id='word_1_686' title='bbox 2417 4297 2584 4352; x_wconf 89' lang='lat' dir='ltr'><strong>rebus</strong></span> <span class='ocrx_word' id='word_1_687' title='bbox 2603 4297 2968 4367; x_wconf 86' lang='lat' dir='ltr'><strong>demonstrat,</strong></span> <span class='ocrx_word' id='word_1_688' title='bbox 2995 4299 3296 4372; x_wconf 90' lang='lat' dir='ltr'><strong>aliquando</strong></span> <span class='ocrx_word' id='word_1_689' title='bbox 3327 4301 3493 4358; x_wconf 90' lang='lat' dir='ltr'><strong>simul</strong></span> <span class='ocrx_word' id='word_1_690' title='bbox 3516 4301 3708 4360; x_wconf 85' lang='lat' dir='ltr'><strong>verbis</strong></span> <span class='ocrx_word' id='word_1_691' title='bbox 3734 4314 3786 4362; x_wconf 90' lang='lat' dir='ltr'><strong>et</strong></span> 
     </span>
    </p>
   </div>
   <div class='ocr_carea' id='block_1_89' title="bbox 2163 4387 3779 4464">
    <p class='ocr_par' dir='ltr' id='par_1_89' title="bbox 2163 4387 3779 4464">
     <span class='ocr_line' id='line_1_89' title="bbox 2163 4387 3779 4464; baseline 0.005 -20"><span class='ocrx_word' id='word_1_692' title='bbox 2163 4389 2346 4456; x_wconf 88' lang='lat' dir='ltr'><strong>rebus,</strong></span> <span class='ocrx_word' id='word_1_693' title='bbox 2379 4388 2679 4462; x_wconf 89' lang='lat' dir='ltr'><strong>aliquando</strong></span> <span class='ocrx_word' id='word_1_694' title='bbox 2719 4387 3062 4462; x_wconf 89' lang='lat' dir='ltr'><strong>imaginibus</strong></span> <span class='ocrx_word' id='word_1_695' title='bbox 3092 4389 3274 4447; x_wconf 89' lang='lat' dir='ltr'><strong>cordis</strong></span> <span class='ocrx_word' id='word_1_696' title='bbox 3304 4392 3482 4448; x_wconf 89' lang='lat' dir='ltr'><strong>oculis</strong></span> <span class='ocrx_word' id='word_1_697' title='bbox 3521 4397 3779 4464; x_wconf 89' lang='lat' dir='ltr'><strong>ostensis,</strong></span> 
     </span>
    </p>
   </div>
   <div class='ocr_carea' id='block_1_90' title="bbox 2162 4479 3780 4555">
    <p class='ocr_par' dir='ltr' id='par_1_90' title="bbox 2162 4479 3780 4555">
     <span class='ocr_line' id='line_1_90' title="bbox 2162 4479 3780 4555; baseline 0.005 -20"><span class='ocrx_word' id='word_1_698' title='bbox 2162 4479 2462 4554; x_wconf 87' lang='lat' dir='ltr'><strong>aliquando</strong></span> <span class='ocrx_word' id='word_1_699' title='bbox 2506 4479 2847 4550; x_wconf 85' lang='lat' dir='ltr'><strong>imaginibus</strong></span> <span class='ocrx_word' id='word_1_700' title='bbox 2898 4489 2954 4538; x_wconf 89' lang='lat' dir='ltr'><strong>et</strong></span> <span class='ocrx_word' id='word_1_701' title='bbox 2981 4487 3108 4538; x_wconf 90' lang='lat' dir='ltr'><strong>ante</strong></span> <span class='ocrx_word' id='word_1_702' title='bbox 3151 4498 3442 4555; x_wconf 91' lang='lat' dir='ltr'><strong>corporeos</strong></span> <span class='ocrx_word' id='word_1_703' title='bbox 3489 4485 3684 4542; x_wconf 89' lang='lat' dir='ltr'><strong>oculos</strong></span> <span class='ocrx_word' id='word_1_704' title='bbox 3713 4486 3780 4543; x_wconf 89' lang='lat' dir='ltr'><strong>ad</strong></span> 
     </span>
    </p>
   </div>
   <div class='ocr_carea' id='block_1_91' title="bbox 447 4574 3780 4666">
    <p class='ocr_par' dir='ltr' id='par_1_91' title="bbox 447 4574 3780 4666">
     <span class='ocr_line' id='line_1_91' title="bbox 447 4574 3780 4666; baseline 0.001 -36"><span class='ocrx_word' id='word_1_705' title='bbox 447 4574 735 4648; x_wconf 62' lang='lat' dir='ltr'><strong>dispertita:</strong></span> <span class='ocrx_word' id='word_1_706' title='bbox 782 4578 974 4652; x_wconf 71' lang='lat' dir='ltr'><strong>lingua;</strong></span> <span class='ocrx_word' id='word_1_707' title='bbox 1012 4577 1168 4650; x_wconf 87' lang='lat' dir='ltr'><strong>quasi</strong></span> <span class='ocrx_word' id='word_1_708' title='bbox 1192 4575 1350 4648; x_wconf 82' lang='lat' dir='ltr'><strong>ignis,</strong></span> <span class='ocrx_word' id='word_1_709' title='bbox 1363 4576 1596 4647; x_wconf 86' lang='lat' dir='ltr'><strong>seditque</strong></span> <span class='ocrx_word' id='word_1_710' title='bbox 1619 4593 1788 4649; x_wconf 86' lang='lat' dir='ltr'><strong>supra</strong></span> <span class='ocrx_word' id='word_1_711' title='bbox 1808 4579 2046 4650; x_wconf 85' lang='lat' dir='ltr'><strong>singulos</strong></span> <span class='ocrx_word' id='word_1_712' title='bbox 2081 4607 2130 4666; x_wconf 83' lang='lat' dir='ltr'><strong>D</strong></span> <span class='ocrx_word' id='word_1_713' title='bbox 2159 4581 2374 4646; x_wconf 88' lang='lat' dir='ltr'><strong>tempus</strong></span> <span class='ocrx_word' id='word_1_714' title='bbox 2402 4589 2470 4630; x_wconf 89' lang='lat' dir='ltr'><strong>ex</strong></span> <span class='ocrx_word' id='word_1_715' title='bbox 2491 4589 2612 4630; x_wconf 88' lang='lat' dir='ltr'><strong>aere</strong></span> <span class='ocrx_word' id='word_1_716' title='bbox 2633 4574 2958 4666; x_wconf 78' lang='lat' dir='ltr'><strong>assumptis,</strong></span> <span class='ocrx_word' id='word_1_717' title='bbox 2983 4575 3290 4666; x_wconf 88' lang='lat' dir='ltr'><strong>aliquando</strong></span> <span class='ocrx_word' id='word_1_718' title='bbox 3308 4575 3633 4666; x_wconf 74' lang='lat' dir='ltr'><strong>cmlestibus</strong></span> <span class='ocrx_word' id='word_1_719' title='bbox 3652 4576 3780 4634; x_wconf 87' lang='lat' dir='ltr'><strong>sub-</strong></span> 
     </span>
    </p>
   </div>
   <div class='ocr_carea' id='block_1_92' title="bbox 445 4665 2041 4743">
    <p class='ocr_par' dir='ltr' id='par_1_92' title="bbox 445 4665 2041 4743">
     <span class='ocr_line' id='line_1_92' title="bbox 445 4665 2041 4743; baseline 0 -20"><span class='ocrx_word' id='word_1_720' title='bbox 445 4681 626 4724; x_wconf 80' lang='lat' dir='ltr'><strong>sorum</strong></span> <span class='ocrx_word' id='word_1_721' title='bbox 639 4666 834 4740; x_wconf 84' lang='lat' dir='ltr'><strong>(Actu,</strong></span> <span class='ocrx_word' id='word_1_722' title='bbox 857 4668 909 4738; x_wconf 91' lang='lat'><strong>3,</strong></span> <span class='ocrx_word' id='word_1_723' title='bbox 927 4667 1008 4740; x_wconf 76' lang='grc'><strong>4).</strong></span> <span class='ocrx_word' id='word_1_724' title='bbox 1025 4667 1126 4722; x_wconf 88' lang='lat' dir='ltr'><strong>Per</strong></span> <span class='ocrx_word' id='word_1_725' title='bbox 1142 4665 1326 4739; x_wconf 86' lang='lat' dir='ltr'><strong>ignem</strong></span> <span class='ocrx_word' id='word_1_726' title='bbox 1343 4665 1566 4740; x_wconf 88' lang='lat' dir='ltr'><strong>quidem</strong></span> <span class='ocrx_word' id='word_1_727' title='bbox 1586 4667 1862 4726; x_wconf 91' lang='lat' dir='ltr'><strong>Dominus</strong></span> <span class='ocrx_word' id='word_1_728' title='bbox 1879 4685 2041 4743; x_wconf 89' lang='lat' dir='ltr'><strong>appa-</strong></span> 
     </span>
    </p>
   </div>
   <div class='ocr_carea' id='block_1_93' title="bbox 521 4863 2040 4924">
    <p class='ocr_par' dir='ltr' id='par_1_93' title="bbox 521 4863 2040 4924">
     <span class='ocr_line' id='line_1_93' title="bbox 521 4863 2040 4924; baseline 0.004 -5"><span class='ocrx_word' id='word_1_729' title='bbox 521 4866 534 4898; x_wconf 85' lang='grc'>¹</span> <span class='ocrx_word' id='word_1_730' title='bbox 567 4863 672 4922; x_wconf 86' lang='lat' dir='ltr'><strong>Hic</strong></span> <span class='ocrx_word' id='word_1_731' title='bbox 699 4879 870 4921; x_wconf 89' lang='lat' dir='ltr'><strong>manu</strong></span> <span class='ocrx_word' id='word_1_732' title='bbox 895 4867 1238 4920; x_wconf 86' lang='lat' dir='ltr'><strong>exartortum</strong></span> <span class='ocrx_word' id='word_1_733' title='bbox 1271 4877 1382 4917; x_wconf 90' lang='lat' dir='ltr'><strong>non</strong></span> <span class='ocrx_word' id='word_1_734' title='bbox 1420 4877 1531 4918; x_wconf 91' lang='lat' dir='ltr'><strong>una</strong></span> <span class='ocrx_word' id='word_1_735' title='bbox 1567 4869 1651 4918; x_wconf 90' lang='lat' dir='ltr'><strong>est</strong></span> <span class='ocrx_word' id='word_1_736' title='bbox 1680 4863 1867 4922; x_wconf 90' lang='lat' dir='ltr'><strong>lectio.</strong></span> <span class='ocrx_word' id='word_1_737' title='bbox 1907 4867 2040 4924; x_wconf 90' lang='lat' dir='ltr'><strong>Mss.</strong></span> 
     </span>
    </p>
   </div>
   <div class='ocr_carea' id='block_1_94' title="bbox 443 4931 2046 5012">
    <p class='ocr_par' dir='ltr' id='par_1_94' title="bbox 443 4931 2046 5012">
     <span class='ocr_line' id='line_1_94' title="bbox 443 4931 2046 5012; baseline 0.002 -21"><span class='ocrx_word' id='word_1_738' title='bbox 443 4935 662 5007; x_wconf 85' lang='lat' dir='ltr'><strong>Anglic.</strong></span> <span class='ocrx_word' id='word_1_739' title='bbox 686 4935 891 5012; x_wconf 74' lang='lat' dir='ltr'><strong>habent</strong></span> <span class='ocrx_word' id='word_1_740' title='bbox 909 4953 921 4990; x_wconf 89' lang='lat'>:</span> <span class='ocrx_word' id='word_1_741' title='bbox 946 4931 1073 5012; x_wconf 79' lang='lat' dir='ltr'><strong>quia</strong></span> <span class='ocrx_word' id='word_1_742' title='bbox 1089 4931 1136 5012; x_wconf 78' lang='lat' dir='ltr'><strong>si</strong></span> <span class='ocrx_word' id='word_1_743' title='bbox 1150 4949 1280 5012; x_wconf 77' lang='lat' dir='ltr'><strong>sano</strong></span> <span class='ocrx_word' id='word_1_744' title='bbox 1297 4939 1452 5012; x_wconf 83' lang='lat' dir='ltr'><strong>atque</strong></span> <span class='ocrx_word' id='word_1_745' title='bbox 1467 4933 2046 5012; x_wconf 69' lang='lat' dir='ltr'><strong>incolumiloqueretur</strong></span> 
     </span>
    </p>
   </div>
   <div class='ocr_carea' id='block_1_95' title="bbox 441 5005 2047 5079">
    <p class='ocr_par' dir='ltr' id='par_1_95' title="bbox 441 5005 2047 5079">
     <span class='ocr_line' id='line_1_95' title="bbox 441 5005 2047 5079; baseline 0.002 -17"><span class='ocrx_word' id='word_1_746' title='bbox 441 5024 507 5062; x_wconf 75' lang='lat' dir='ltr'><strong>es:</strong></span> <span class='ocrx_word' id='word_1_747' title='bbox 539 5005 946 5079; x_wconf 80' lang='lat' dir='ltr'><strong>tranquillitate,</strong></span> <span class='ocrx_word' id='word_1_748' title='bbox 969 5005 1231 5079; x_wconf 61' lang='lat' dir='ltr'><strong>dominica</strong></span> <span class='ocrx_word' id='word_1_749' title='bbox 1263 5005 1452 5079; x_wconf 79' lang='lat' dir='ltr'><strong>locutio</strong></span> <span class='ocrx_word' id='word_1_750' title='bbox 1482 5005 1626 5074; x_wconf 83' lang='lat' dir='ltr'><strong>facta</strong></span> <span class='ocrx_word' id='word_1_751' title='bbox 1675 5005 1966 5079; x_wconf 63' lang='lat' dir='ltr'><strong>diceretur;</strong></span> <span class='ocrx_word' id='word_1_752' title='bbox 1998 5019 2047 5066; x_wconf 78' lang='lat' dir='ltr'><strong>et</strong></span> 
     </span>
    </p>
   </div>
   <div class='ocr_carea' id='block_1_96' title="bbox 441 5075 2040 5150">
    <p class='ocr_par' dir='ltr' id='par_1_96' title="bbox 441 5075 2040 5150">
     <span class='ocr_line' id='line_1_96' title="bbox 441 5075 2040 5150; baseline 0.002 -15"><span class='ocrx_word' id='word_1_753' title='bbox 441 5075 775 5150; x_wconf 74' lang='lat' dir='ltr'><strong>nequaquam</strong></span> <span class='ocrx_word' id='word_1_754' title='bbox 803 5079 866 5134; x_wconf 83' lang='lat' dir='ltr'><strong>de</strong></span> <span class='ocrx_word' id='word_1_755' title='bbox 895 5075 1107 5150; x_wconf 74' lang='lat' dir='ltr'><strong>turbine</strong></span> <span class='ocrx_word' id='word_1_756' title='bbox 1132 5076 1391 5150; x_wconf 77' lang='lat' dir='ltr'><strong>Dominus</strong></span> <span class='ocrx_word' id='word_1_757' title='bbox 1423 5079 1623 5150; x_wconf 81' lang='lat' dir='ltr'><strong>locutus</strong></span> <span class='ocrx_word' id='word_1_758' title='bbox 1652 5078 1818 5149; x_wconf 87' lang='lat' dir='ltr'><strong>fuisse</strong></span> <span class='ocrx_word' id='word_1_759' title='bbox 1843 5082 2040 5138; x_wconf 81' lang='lat' dir='ltr'><strong>scribe-</strong></span> 
     </span>
    </p>
   </div>
   <div class='ocr_carea' id='block_1_97' title="bbox 442 5148 2041 5274">
    <p class='ocr_par' dir='ltr' id='par_1_97' title="bbox 442 5148 2041 5274">
     <span class='ocr_line' id='line_1_97' title="bbox 442 5148 2041 5274; baseline 0.003 -70"><span class='ocrx_word' id='word_1_760' title='bbox 442 5148 756 5208; x_wconf 47' lang='lat' dir='ltr'><strong>ret—urCSed</strong></span> <span class='ocrx_word' id='word_1_761' title='bbox 779 5150 906 5274; x_wconf 80' lang='lat' dir='ltr'><strong>quia</strong></span> <span class='ocrx_word' id='word_1_762' title='bbox 933 5148 1218 5228; x_wconf 76' lang='lat' dir='ltr'><strong>ﬂagellato.</strong></span> <span class='ocrx_word' id='word_1_763' title='bbox 1261 5149 1323 5204; x_wconf 91' lang='lat' dir='ltr'><strong>In</strong></span> <span class='ocrx_word' id='word_1_764' title='bbox 1351 5149 1582 5222; x_wconf 89' lang='lat' dir='ltr'><strong>Longip.</strong></span> <span class='ocrx_word' id='word_1_765' title='bbox 1615 5167 1854 5225; x_wconf 89' lang='lat' dir='ltr'><strong>quoque,</strong></span> <span class='ocrx_word' id='word_1_766' title='bbox 1877 5153 2041 5210; x_wconf 80' lang='lat' dir='ltr'><strong>Corb.</strong></span> 
     </span>
     <span class='ocr_line' id='line_1_98' title="bbox 442 5219 2041 5274; baseline 0 0"><span class='ocrx_word' id='word_1_767' title='bbox 442 5221 626 5274; x_wconf 88' lang='lat' dir='ltr'><strong>Germ.</strong></span> <span class='ocrx_word' id='word_1_768' title='bbox 657 5237 720 5274; x_wconf 86' lang='lat' dir='ltr'><strong>ac</strong></span> <span class='ocrx_word' id='word_1_769' title='bbox 748 5237 783 5274; x_wconf 85' lang='lat' dir='ltr'><strong>u</strong></span> <span class='ocrx_word' id='word_1_770' title='bbox 807 5221 1024 5274; x_wconf 82' lang='lat' dir='ltr'><strong>erisaue</strong></span> <span class='ocrx_word' id='word_1_771' title='bbox 1048 5219 1276 5274; x_wconf 71' lang='lat' dir='ltr'><strong>legitur:</strong></span> <span class='ocrx_word' id='word_1_772' title='bbox 1301 5221 1414 5274; x_wconf 89' lang='lat' dir='ltr'><strong>si...</strong></span> <span class='ocrx_word' id='word_1_773' title='bbox 1451 5223 1772 5274; x_wconf 83' lang='lat' dir='ltr'><strong>loaueretur-</strong></span> <span class='ocrx_word' id='word_1_774' title='bbox 1801 5242 1866 5274; x_wconf 68' lang='lat' dir='ltr'><strong>ea:</strong></span> <span class='ocrx_word' id='word_1_775' title='bbox 1897 5231 2041 5274; x_wconf 78' lang='lat' dir='ltr'><strong>tran.</strong></span> 
     </span>
    </p>
   </div>
   <div class='ocr_carea' id='block_1_98' title="bbox 441 5219 2044 5292">
    <p class='ocr_par' dir='ltr' id='par_1_98' title="bbox 441 5219 2044 5292">
     <span class='ocr_line' id='line_1_99' title="bbox 441 5219 2044 5292; baseline 0.001 -14"><span class='ocrx_word' id='word_1_776' title='bbox 441 5221 626 5278; x_wconf 90' lang='lat' dir='ltr'><strong>Germ.</strong></span> <span class='ocrx_word' id='word_1_777' title='bbox 657 5237 720 5279; x_wconf 92' lang='lat' dir='ltr'><strong>ac</strong></span> <span class='ocrx_word' id='word_1_778' title='bbox 748 5219 1024 5292; x_wconf 89' lang='lat' dir='ltr'><strong>plerisque</strong></span> <span class='ocrx_word' id='word_1_779' title='bbox 1048 5219 1276 5292; x_wconf 77' lang='lat' dir='ltr'><strong>legitur;</strong></span> <span class='ocrx_word' id='word_1_780' title='bbox 1301 5221 1414 5276; x_wconf 88' lang='lat' dir='ltr'><strong>si...</strong></span> <span class='ocrx_word' id='word_1_781' title='bbox 1451 5219 1772 5292; x_wconf 50' lang='lat' dir='ltr'><strong>(squalente,</strong></span> <span class='ocrx_word' id='word_1_782' title='bbox 1801 5219 1866 5279; x_wconf 69' lang='lat' dir='ltr'><strong>ea:</strong></span> <span class='ocrx_word' id='word_1_783' title='bbox 1897 5231 2044 5280; x_wconf 83' lang='lat' dir='ltr'><strong>trau-</strong></span> 
     </span>
    </p>
   </div>
   <div class='ocr_carea' id='block_1_99' title="bbox 474 5290 2045 5367">
    <p class='ocr_par' dir='ltr' id='par_1_99' title="bbox 474 5290 2045 5367">
     <span class='ocr_line' id='line_1_100' title="bbox 474 5290 2045 5367; baseline 0.003 -19"><span class='ocrx_word' id='word_1_784' title='bbox 474 5293 702 5367; x_wconf 62' lang='lat' dir='ltr'><strong>uillitate</strong></span> <span class='ocrx_word' id='word_1_785' title='bbox 730 5290 990 5367; x_wconf 65' lang='lat' dir='ltr'><strong>dominica</strong></span> <span class='ocrx_word' id='word_1_786' title='bbox 1019 5290 1208 5367; x_wconf 73' lang='lat' dir='ltr'><strong>locutio</strong></span> <span class='ocrx_word' id='word_1_787' title='bbox 1236 5290 1380 5360; x_wconf 78' lang='lat' dir='ltr'><strong>facta</strong></span> <span class='ocrx_word' id='word_1_788' title='bbox 1407 5290 1533 5360; x_wconf 61' lang='lat' dir='ltr'><strong>die,</strong></span> <span class='ocrx_word' id='word_1_789' title='bbox 1557 5301 1620 5367; x_wconf 78' lang='lat' dir='ltr'><strong>_ut</strong></span> <span class='ocrx_word' id='word_1_790' title='bbox 1647 5295 1811 5350; x_wconf 87' lang='lat' dir='ltr'><strong>etiam</strong></span> <span class='ocrx_word' id='word_1_791' title='bbox 1842 5295 2045 5354; x_wconf 85' lang='lat' dir='ltr'><strong>habent</strong></span> 
     </span>
    </p>
   </div>
   <div class='ocr_carea' id='block_1_100' title="bbox 488 5363 2044 5426">
    <p class='ocr_par' dir='ltr' id='par_1_100' title="bbox 488 5363 2044 5426">
     <span class='ocr_line' id='line_1_101' title="bbox 488 5363 2044 5426; baseline 0.004 -7"><span class='ocrx_word' id='word_1_792' title='bbox 488 5363 612 5419; x_wconf 87' lang='lat' dir='ltr'><strong>diti.</strong></span> <span class='ocrx_word' id='word_1_793' title='bbox 636 5363 1040 5426; x_wconf 88' lang='lat' dir='ltr'><strong>Simpliciorem</strong></span> <span class='ocrx_word' id='word_1_794' title='bbox 1072 5363 1363 5420; x_wconf 89' lang='lat' dir='ltr'><strong>lectionem</strong></span> <span class='ocrx_word' id='word_1_795' title='bbox 1392 5365 1566 5422; x_wconf 91' lang='lat' dir='ltr'><strong>secuti</strong></span> <span class='ocrx_word' id='word_1_796' title='bbox 1597 5383 1790 5422; x_wconf 89' lang='lat' dir='ltr'><strong>sumus</strong></span> <span class='ocrx_word' id='word_1_797' title='bbox 1815 5384 1936 5426; x_wconf 67' lang='lat' dir='ltr'><strong>quae</strong></span> <span class='ocrx_word' id='word_1_798' title='bbox 1963 5378 2044 5426; x_wconf 88' lang='lat' dir='ltr'><strong>est</strong></span> 
     </span>
    </p>
   </div>
   <div class='ocr_carea' id='block_1_101' title="bbox 440 5431 2043 5505">
    <p class='ocr_par' dir='ltr' id='par_1_101' title="bbox 440 5431 2043 5505">
     <span class='ocr_line' id='line_1_102' title="bbox 440 5431 2043 5505; baseline 0.004 -15"><span class='ocrx_word' id='word_1_799' title='bbox 440 5431 568 5490; x_wconf 85' lang='lat' dir='ltr'><strong>Mss.</strong></span> <span class='ocrx_word' id='word_1_800' title='bbox 633 5431 894 5503; x_wconf 82' lang='lat' dir='ltr'><strong>Vindoc.,</strong></span> <span class='ocrx_word' id='word_1_801' title='bbox 947 5435 1196 5503; x_wconf 90' lang='lat' dir='ltr'><strong>Ebroic.,</strong></span> <span class='ocrx_word' id='word_1_802' title='bbox 1253 5436 1478 5505; x_wconf 88' lang='lat' dir='ltr'><strong>Pratel.,</strong></span> <span class='ocrx_word' id='word_1_803' title='bbox 1527 5437 1668 5493; x_wconf 91' lang='lat' dir='ltr'><strong>Utic.</strong></span> <span class='ocrx_word' id='word_1_804' title='bbox 1703 5446 1756 5494; x_wconf 87' lang='lat' dir='ltr'><strong>et</strong></span> <span class='ocrx_word' id='word_1_805' title='bbox 1803 5431 2043 5497; x_wconf 83' lang='lat' dir='ltr'><strong>aliorum</strong></span> 
     </span>
    </p>
   </div>
   <div class='ocr_carea' id='block_1_102' title="bbox 439 5505 1813 5580">
    <p class='ocr_par' dir='ltr' id='par_1_102' title="bbox 439 5505 1813 5580">
     <span class='ocr_line' id='line_1_103' title="bbox 439 5505 1813 5580; baseline 0.003 -18"><span class='ocrx_word' id='word_1_806' title='bbox 439 5505 655 5580; x_wconf 75' lang='lat' dir='ltr'><strong>Norm.,</strong></span> <span class='ocrx_word' id='word_1_807' title='bbox 680 5513 980 5580; x_wconf 79' lang='lat' dir='ltr'><strong>caeteraque</strong></span> <span class='ocrx_word' id='word_1_808' title='bbox 1011 5515 1072 5563; x_wconf 91' lang='lat' dir='ltr'><strong>ut</strong></span> <span class='ocrx_word' id='word_1_809' title='bbox 1099 5505 1472 5564; x_wconf 87' lang='lat' dir='ltr'><strong>additamenta</strong></span> <span class='ocrx_word' id='word_1_810' title='bbox 1500 5507 1813 5580; x_wconf 87' lang='lat' dir='ltr'><strong>rejecimus.</strong></span> 
     </span>
    </p>
   </div>
   <div class='ocr_carea' id='block_1_103' title="bbox 509 5577 1169 5653">
    <p class='ocr_par' dir='ltr' id='par_1_103' title="bbox 509 5577 1169 5653">
     <span class='ocr_line' id='line_1_104' title="bbox 509 5577 1169 5653; baseline 0.008 -21"><span class='ocrx_word' id='word_1_811' title='bbox 509 5579 534 5653; x_wconf 58' lang='grc' dir='ltr'><strong>ξ</strong></span> <span class='ocrx_word' id='word_1_812' title='bbox 563 5577 792 5653; x_wconf 58' lang='grc' dir='ltr'><strong>Ρῐειιβιη</strong></span> <span class='ocrx_word' id='word_1_813' title='bbox 823 5577 1169 5653; x_wconf 70' lang='lat' dir='ltr'><strong>exprimitur.</strong></span> 
     </span>
    </p>
   </div>
   <div class='ocr_carea' id='block_1_104' title="bbox 511 5649 1079 5721">
    <p class='ocr_par' dir='ltr' id='par_1_104' title="bbox 511 5649 1079 5721">
     <span class='ocr_line' id='line_1_105' title="bbox 511 5649 1079 5721; baseline 0.009 -16"><span class='ocrx_word' id='word_1_814' title='bbox 511 5650 533 5684; x_wconf 81' lang='grc'>³</span> <span class='ocrx_word' id='word_1_815' title='bbox 561 5649 841 5721; x_wconf 75' lang='lat' dir='ltr'><strong>Laudun.,</strong></span> <span class='ocrx_word' id='word_1_816' title='bbox 877 5649 1079 5710; x_wconf 75' lang='lat' dir='ltr'><strong>anima.</strong></span> 
     </span>
    </p>
   </div>
   <div class='ocr_carea' id='block_1_105' title="bbox 511 5719 2042 5795">
    <p class='ocr_par' dir='ltr' id='par_1_105' title="bbox 511 5719 2042 5795">
     <span class='ocr_line' id='line_1_106' title="bbox 511 5719 2042 5795; baseline 0.001 -18"><span class='ocrx_word' id='word_1_817' title='bbox 511 5719 1134 5795; x_wconf 20' lang='lat' dir='ltr'><strong>‘7Vindoc.,iLaudun.,</strong></span> <span class='ocrx_word' id='word_1_818' title='bbox 1167 5727 1391 5794; x_wconf 89' lang='lat' dir='ltr'><strong>Pratel.,</strong></span> <span class='ocrx_word' id='word_1_819' title='bbox 1435 5725 1600 5784; x_wconf 89' lang='lat' dir='ltr'><strong>Corb.</strong></span> <span class='ocrx_word' id='word_1_820' title='bbox 1641 5725 1855 5794; x_wconf 82' lang='lat' dir='ltr'><strong>Germ.,</strong></span> <span class='ocrx_word' id='word_1_821' title='bbox 1911 5733 2042 5793; x_wconf 86' lang='lat' dir='ltr'><strong>etc.,</strong></span> 
     </span>
    </p>
   </div>
   <div class='ocr_carea' id='block_1_106' title="bbox 439 5789 1586 5881">
    <p class='ocr_par' dir='ltr' id='par_1_106' title="bbox 439 5789 1586 5881">
     <span class='ocr_line' id='line_1_107' title="bbox 439 5789 1586 5881; baseline 0.007 -35"><span class='ocrx_word' id='word_1_822' title='bbox 439 5789 604 5881; x_wconf 45' lang='grc' dir='ltr'><strong>ἰαιέάρὶ</strong></span> <span class='ocrx_word' id='word_1_823' title='bbox 633 5801 686 5876; x_wconf 76' lang='lat' dir='ltr'><strong>et</strong></span> <span class='ocrx_word' id='word_1_824' title='bbox 699 5789 907 5881; x_wconf 62' lang='lat' dir='ltr'><strong>latore,</strong></span> <span class='ocrx_word' id='word_1_825' title='bbox 931 5807 998 5881; x_wconf 39' lang='lat' dir='ltr'><strong>ut.</strong></span> <span class='ocrx_word' id='word_1_826' title='bbox 1020 5789 1220 5881; x_wconf 73' lang='lat' dir='ltr'><strong>legitur</strong></span> <span class='ocrx_word' id='word_1_827' title='bbox 1248 5799 1307 5881; x_wconf 74' lang='lat' dir='ltr'><strong>in</strong></span> <span class='ocrx_word' id='word_1_828' title='bbox 1330 5789 1586 5881; x_wconf 50' lang='lat' dir='ltr'><strong>Vulgata,</strong></span> 
     </span>
    </p>
   </div>
   <div class='ocr_carea' id='block_1_107' title="bbox 509 5866 2042 5939">
    <p class='ocr_par' dir='ltr' id='par_1_107' title="bbox 509 5866 2042 5939">
     <span class='ocr_line' id='line_1_108' title="bbox 509 5866 2042 5939; baseline -0.001 -14"><span class='ocrx_word' id='word_1_829' title='bbox 509 5866 530 5901; x_wconf 77' lang='grc'><strong><em>⁸</em></strong></span> <span class='ocrx_word' id='word_1_830' title='bbox 562 5866 852 5928; x_wconf 89' lang='lat' dir='ltr'><strong>Omittitur</strong></span> <span class='ocrx_word' id='word_1_831' title='bbox 881 5871 1046 5928; x_wconf 87' lang='lat' dir='ltr'><strong>veniet</strong></span> <span class='ocrx_word' id='word_1_832' title='bbox 1069 5866 1126 5927; x_wconf 78' lang='lat' dir='ltr'><strong>in</strong></span> <span class='ocrx_word' id='word_1_833' title='bbox 1158 5866 1633 5938; x_wconf 57' lang='lat' dir='ltr'><strong>Laudun.,&#39;Corb.</strong></span> <span class='ocrx_word' id='word_1_834' title='bbox 1679 5871 1889 5939; x_wconf 90' lang='lat' dir='ltr'><strong>Germ.,</strong></span> <span class='ocrx_word' id='word_1_835' title='bbox 1913 5871 2042 5925; x_wconf 78' lang='lat' dir='ltr'><strong>Pra-</strong></span> 
     </span>
    </p>
   </div>
   <div class='ocr_carea' id='block_1_108' title="bbox 2160 4662 3778 4738">
    <p class='ocr_par' dir='ltr' id='par_1_108' title="bbox 2160 4662 3778 4738">
     <span class='ocr_line' id='line_1_109' title="bbox 2160 4662 3778 4738; baseline -0.001 -14"><span class='ocrx_word' id='word_1_836' title='bbox 2160 4663 2399 4733; x_wconf 88' lang='lat' dir='ltr'><strong>stantiis,</strong></span> <span class='ocrx_word' id='word_1_837' title='bbox 2429 4662 2726 4738; x_wconf 89' lang='lat' dir='ltr'><strong>aliquando</strong></span> <span class='ocrx_word' id='word_1_838' title='bbox 2758 4664 3028 4732; x_wconf 89' lang='lat' dir='ltr'><strong>terrenis;</strong></span> <span class='ocrx_word' id='word_1_839' title='bbox 3063 4665 3362 4738; x_wconf 87' lang='lat' dir='ltr'><strong>aliquando</strong></span> <span class='ocrx_word' id='word_1_840' title='bbox 3391 4665 3562 4722; x_wconf 90' lang='lat' dir='ltr'><strong>simul</strong></span> <span class='ocrx_word' id='word_1_841' title='bbox 3592 4673 3778 4723; x_wconf 86' lang='lat' dir='ltr'><strong>terre-</strong></span> 
     </span>
    </p>
   </div>
   <div class='ocr_carea' id='block_1_109' title="bbox 2155 4863 2451 4932">
    <p class='ocr_par' dir='ltr' id='par_1_109' title="bbox 2155 4863 2451 4932">
     <span class='ocr_line' id='line_1_110' title="bbox 2155 4863 2451 4932; baseline -0.007 -13"><span class='ocrx_word' id='word_1_842' title='bbox 2155 4864 2276 4932; x_wconf 90' lang='lat' dir='ltr'><strong>tel.,</strong></span> <span class='ocrx_word' id='word_1_843' title='bbox 2309 4863 2451 4920; x_wconf 89' lang='lat' dir='ltr'><strong>Utic.</strong></span> 
     </span>
    </p>
   </div>
   <div class='ocr_carea' id='block_1_110' title="bbox 2226 4934 3099 5005">
    <p class='ocr_par' dir='ltr' id='par_1_110' title="bbox 2226 4934 3099 5005">
     <span class='ocr_line' id='line_1_111' title="bbox 2226 4934 3099 5005; baseline 0 -15"><span class='ocrx_word' id='word_1_844' title='bbox 2226 4936 2247 4970; x_wconf 79' lang='grc'>⁶</span> <span class='ocrx_word' id='word_1_845' title='bbox 2277 4935 2391 5003; x_wconf 83' lang='lat' dir='ltr'><strong>AL,</strong></span> <span class='ocrx_word' id='word_1_846' title='bbox 2431 4934 2558 5005; x_wconf 83' lang='lat' dir='ltr'><strong>quia</strong></span> <span class='ocrx_word' id='word_1_847' title='bbox 2581 4935 2634 4988; x_wconf 87' lang='lat' dir='ltr'><strong>in</strong></span> <span class='ocrx_word' id='word_1_848' title='bbox 2665 4935 2872 4990; x_wconf 78' lang='lat' dir='ltr'><strong>duobus</strong></span> <span class='ocrx_word' id='word_1_849' title='bbox 2909 4935 3099 4990; x_wconf 85' lang='lat' dir='ltr'><strong>modis.</strong></span> 
     </span>
    </p>
   </div>
   <div class='ocr_carea' id='block_1_111' title="bbox 2227 5006 3768 5081">
    <p class='ocr_par' dir='ltr' id='par_1_111' title="bbox 2227 5006 3768 5081">
     <span class='ocr_line' id='line_1_112' title="bbox 2227 5006 3768 5081; baseline 0.001 -19"><span class='ocrx_word' id='word_1_850' title='bbox 2227 5008 2246 5041; x_wconf 85' lang='grc'>⁷</span> <span class='ocrx_word' id='word_1_851' title='bbox 2265 5006 2453 5081; x_wconf 87' lang='lat' dir='ltr'><strong>_Editi,</strong></span> <span class='ocrx_word' id='word_1_852' title='bbox 2484 5007 2777 5081; x_wconf 69' lang='lat' dir='ltr'><strong>sola_nobis</strong></span> <span class='ocrx_word' id='word_1_853' title='bbox 2809 5007 2904 5081; x_wconf 79' lang='lat' dir='ltr'><strong>vis.</strong></span> <span class='ocrx_word' id='word_1_854' title='bbox 2940 5007 3129 5081; x_wconf 85' lang='lat' dir='ltr'><strong>Lectio</strong></span> <span class='ocrx_word' id='word_1_855' title='bbox 3159 5017 3368 5076; x_wconf 88' lang='lat' dir='ltr'><strong>nostra,</strong></span> <span class='ocrx_word' id='word_1_856' title='bbox 3393 5026 3515 5081; x_wconf 76' lang='lat' dir='ltr'><strong>quas</strong></span> <span class='ocrx_word' id='word_1_857' title='bbox 3536 5015 3622 5064; x_wconf 89' lang='lat' dir='ltr'><strong>est</strong></span> <span class='ocrx_word' id='word_1_858' title='bbox 3639 5009 3768 5066; x_wconf 82' lang='lat' dir='ltr'><strong>Mss.</strong></span> 
     </span>
    </p>
   </div>
   <div class='ocr_carea' id='block_1_112' title="bbox 2155 5078 3771 5148">
    <p class='ocr_par' dir='ltr' id='par_1_112' title="bbox 2155 5078 3771 5148">
     <span class='ocr_line' id='line_1_113' title="bbox 2155 5078 3771 5148; baseline 0.001 -14"><span class='ocrx_word' id='word_1_859' title='bbox 2155 5078 2318 5135; x_wconf 86' lang='lat' dir='ltr'><strong>Corb.</strong></span> <span class='ocrx_word' id='word_1_860' title='bbox 2353 5080 2566 5145; x_wconf 89' lang='lat' dir='ltr'><strong>Germ.,</strong></span> <span class='ocrx_word' id='word_1_861' title='bbox 2606 5079 2848 5148; x_wconf 88' lang='lat' dir='ltr'><strong>Turon.,</strong></span> <span class='ocrx_word' id='word_1_862' title='bbox 2891 5080 3112 5148; x_wconf 87' lang='lat' dir='ltr'><strong>Pratel.,</strong></span> <span class='ocrx_word' id='word_1_863' title='bbox 3159 5087 3289 5148; x_wconf 91' lang='lat' dir='ltr'><strong>etc.,</strong></span> <span class='ocrx_word' id='word_1_864' title='bbox 3333 5078 3620 5136; x_wconf 81' lang='lat' dir='ltr'><strong>meliorem</strong></span> <span class='ocrx_word' id='word_1_865' title='bbox 3651 5097 3771 5138; x_wconf 88' lang='lat' dir='ltr'><strong>sen-</strong></span> 
     </span>
    </p>
   </div>
   <div class='ocr_carea' id='block_1_113' title="bbox 2155 5151 2583 5206">
    <p class='ocr_par' dir='ltr' id='par_1_113' title="bbox 2155 5151 2583 5206">
     <span class='ocr_line' id='line_1_114' title="bbox 2155 5151 2583 5206; baseline 0 0"><span class='ocrx_word' id='word_1_866' title='bbox 2155 5167 2278 5206; x_wconf 84' lang='lat' dir='ltr'><strong>sum</strong></span> <span class='ocrx_word' id='word_1_867' title='bbox 2312 5151 2583 5206; x_wconf 87' lang='lat' dir='ltr'><strong>continet.</strong></span> 
     </span>
    </p>
   </div>
   <div class='ocr_carea' id='block_1_114' title="bbox 2191 5222 3770 5304">
    <p class='ocr_par' dir='ltr' id='par_1_114' title="bbox 2191 5222 3770 5304">
     <span class='ocr_line' id='line_1_115' title="bbox 2191 5222 3770 5304; baseline -0.001 -26"><span class='ocrx_word' id='word_1_868' title='bbox 2191 5294 2200 5304; x_wconf 41' lang='grc'><strong><em>.</em></strong></span> <span class='ocrx_word' id='word_1_869' title='bbox 2229 5224 2248 5256; x_wconf 81' lang='grc'><strong>⁸</strong></span> <span class='ocrx_word' id='word_1_870' title='bbox 2281 5223 2545 5290; x_wconf 85' lang='lat' dir='ltr'><strong>Vindoc.,</strong></span> <span class='ocrx_word' id='word_1_871' title='bbox 2577 5223 2783 5291; x_wconf 85' lang='lat' dir='ltr'><strong>Laud.,</strong></span> <span class='ocrx_word' id='word_1_872' title='bbox 2816 5223 3014 5278; x_wconf 88' lang='lat' dir='ltr'><strong>Pratel.</strong></span> <span class='ocrx_word' id='word_1_873' title='bbox 3050 5230 3102 5278; x_wconf 88' lang='lat' dir='ltr'><strong>et</strong></span> <span class='ocrx_word' id='word_1_874' title='bbox 3133 5222 3296 5280; x_wconf 89' lang='lat' dir='ltr'><strong>Corb.</strong></span> <span class='ocrx_word' id='word_1_875' title='bbox 3345 5224 3558 5293; x_wconf 90' lang='lat' dir='ltr'><strong>Germ.,</strong></span> <span class='ocrx_word' id='word_1_876' title='bbox 3592 5224 3649 5279; x_wconf 88' lang='lat' dir='ltr'><strong>in</strong></span> <span class='ocrx_word' id='word_1_877' title='bbox 3680 5225 3770 5278; x_wconf 84' lang='lat' dir='ltr'><strong>in-</strong></span> 
     </span>
    </p>
   </div>
   <div class='ocr_carea' id='block_1_115' title="bbox 2161 5301 2313 5350">
    <p class='ocr_par' dir='ltr' id='par_1_115' title="bbox 2161 5301 2313 5350">
     <span class='ocr_line' id='line_1_116' title="bbox 2161 5301 2313 5350; baseline 0.013 -2"><span class='ocrx_word' id='word_1_878' title='bbox 2161 5301 2313 5350; x_wconf 83' lang='lat' dir='ltr'><strong>lima.</strong></span> 
     </span>
    </p>
   </div>
   <div class='ocr_carea' id='block_1_116' title="bbox 2225 5366 3763 5440">
    <p class='ocr_par' dir='ltr' id='par_1_116' title="bbox 2225 5366 3763 5440">
     <span class='ocr_line' id='line_1_117' title="bbox 2225 5366 3763 5440; baseline 0.001 -19"><span class='ocrx_word' id='word_1_879' title='bbox 2225 5366 2448 5440; x_wconf 35' lang='lat' dir='ltr'><strong>{Laud</strong></span> <span class='ocrx_word' id='word_1_880' title='bbox 2483 5377 2536 5424; x_wconf 92' lang='lat' dir='ltr'><strong>et</strong></span> <span class='ocrx_word' id='word_1_881' title='bbox 2564 5367 2834 5439; x_wconf 86' lang='lat' dir='ltr'><strong>Longip.,</strong></span> <span class='ocrx_word' id='word_1_882' title='bbox 2869 5367 3013 5436; x_wconf 86' lang='lat' dir='ltr'><strong>libet,</strong></span> <span class='ocrx_word' id='word_1_883' title='bbox 3039 5383 3137 5440; x_wconf 90' lang='lat' dir='ltr'><strong>pro</strong></span> <span class='ocrx_word' id='word_1_884' title='bbox 3161 5367 3308 5423; x_wconf 84' lang='lat' dir='ltr'><strong>levet.</strong></span> <span class='ocrx_word' id='word_1_885' title='bbox 3338 5369 3400 5424; x_wconf 92' lang='lat' dir='ltr'><strong>In</strong></span> <span class='ocrx_word' id='word_1_886' title='bbox 3422 5366 3571 5423; x_wconf 89' lang='lat' dir='ltr'><strong>Edit.</strong></span> <span class='ocrx_word' id='word_1_887' title='bbox 3595 5367 3763 5423; x_wconf 88' lang='lat' dir='ltr'><strong>Basil.</strong></span> 
     </span>
    </p>
   </div>
   <div class='ocr_carea' id='block_1_117' title="bbox 2159 5437 2512 5506">
    <p class='ocr_par' dir='ltr' id='par_1_117' title="bbox 2159 5437 2512 5506">
     <span class='ocr_line' id='line_1_118' title="bbox 2159 5437 2512 5506; baseline 0.006 -14"><span class='ocrx_word' id='word_1_888' title='bbox 2159 5437 2314 5506; x_wconf 69' lang='grc'><strong>1514,</strong></span> <span class='ocrx_word' id='word_1_889' title='bbox 2349 5441 2512 5494; x_wconf 85' lang='lat' dir='ltr'><strong>lavat.</strong></span> 
     </span>
    </p>
   </div>
   <div class='ocr_carea' id='block_1_118' title="bbox 2233 5510 3005 5577">
    <p class='ocr_par' dir='ltr' id='par_1_118' title="bbox 2233 5510 3005 5577">
     <span class='ocr_line' id='line_1_119' title="bbox 2233 5510 3005 5577; baseline 0.001 -12"><span class='ocrx_word' id='word_1_890' title='bbox 2233 5511 2274 5543; x_wconf 81' lang='grc'>¹⁰</span> <span class='ocrx_word' id='word_1_891' title='bbox 2307 5510 2567 5577; x_wconf 87' lang='lat' dir='ltr'><strong>Vindoc.,</strong></span> <span class='ocrx_word' id='word_1_892' title='bbox 2603 5511 2807 5566; x_wconf 84' lang='lat' dir='ltr'><strong>librum</strong></span> <span class='ocrx_word' id='word_1_893' title='bbox 2827 5511 3005 5567; x_wconf 77' lang='lat' dir='ltr'><strong>Isaiae.</strong></span> 
     </span>
    </p>
   </div>
   <div class='ocr_carea' id='block_1_119' title="bbox 2228 5581 3767 5708">
    <p class='ocr_par' dir='ltr' id='par_1_119' title="bbox 2228 5581 3767 5708">
     <span class='ocr_line' id='line_1_120' title="bbox 2228 5581 3767 5708; baseline -0.002 -71"><span class='ocrx_word' id='word_1_894' title='bbox 2228 5582 2268 5662; x_wconf 56' lang='grc' dir='ltr'><strong>ξ’</strong></span> <span class='ocrx_word' id='word_1_895' title='bbox 2306 5581 2468 5708; x_wconf 58' lang='grc' dir='ltr'><strong>(ῧηζι).</strong></span> <span class='ocrx_word' id='word_1_896' title='bbox 2503 5583 2711 5649; x_wconf 85' lang='lat' dir='ltr'><strong>Germ.,</strong></span> <span class='ocrx_word' id='word_1_897' title='bbox 2744 5583 2971 5651; x_wconf 88' lang='lat' dir='ltr'><strong>Pratel.,</strong></span> <span class='ocrx_word' id='word_1_898' title='bbox 3005 5583 3230 5640; x_wconf 91' lang='lat' dir='ltr'><strong>Ebroic.</strong></span> <span class='ocrx_word' id='word_1_899' title='bbox 3281 5589 3336 5638; x_wconf 91' lang='lat' dir='ltr'><strong>et</strong></span> <span class='ocrx_word' id='word_1_900' title='bbox 3378 5582 3497 5651; x_wconf 88' lang='lat' dir='ltr'><strong>alii,</strong></span> <span class='ocrx_word' id='word_1_901' title='bbox 3547 5581 3767 5654; x_wconf 84' lang='lat' dir='ltr'><strong>spiritui</strong></span> 
     </span>
     <span class='ocr_line' id='line_1_121' title="bbox 2228 5671 2434 5708; baseline 0.015 -3"><span class='ocrx_word' id='word_1_902' title='bbox 2228 5671 2291 5706; x_wconf 80' lang='lat' dir='ltr'><strong>nn</strong></span> <span class='ocrx_word' id='word_1_903' title='bbox 2369 5671 2434 5708; x_wconf 74' lang='lat' dir='ltr'><strong>ei.</strong></span> 
     </span>
    </p>
   </div>
   <div class='ocr_carea' id='block_1_120' title="bbox 2153 5670 2434 5708">
    <p class='ocr_par' dir='ltr' id='par_1_120' title="bbox 2153 5670 2434 5708">
     <span class='ocr_line' id='line_1_122' title="bbox 2153 5670 2434 5708; baseline 0.007 -2"><span class='ocrx_word' id='word_1_904' title='bbox 2153 5670 2291 5706; x_wconf 84' lang='lat' dir='ltr'><strong>enim</strong></span> <span class='ocrx_word' id='word_1_905' title='bbox 2318 5670 2434 5708; x_wconf 77' lang='grc' dir='ltr'><strong>νει.</strong></span> 
     </span>
    </p>
   </div>
   <div class='ocr_carea' id='block_1_121' title="bbox 2237 5724 3761 5798">
    <p class='ocr_par' dir='ltr' id='par_1_121' title="bbox 2237 5724 3761 5798">
     <span class='ocr_line' id='line_1_123' title="bbox 2237 5724 3761 5798; baseline -0.001 -17"><span class='ocrx_word' id='word_1_906' title='bbox 2237 5724 2474 5798; x_wconf 71' lang='lat' dir='ltr'><strong>”_Corb.</strong></span> <span class='ocrx_word' id='word_1_907' title='bbox 2510 5725 2718 5798; x_wconf 88' lang='lat' dir='ltr'><strong>Germ.,</strong></span> <span class='ocrx_word' id='word_1_908' title='bbox 2744 5725 2964 5782; x_wconf 89' lang='lat' dir='ltr'><strong>Ebroic.</strong></span> <span class='ocrx_word' id='word_1_909' title='bbox 2989 5733 3043 5781; x_wconf 88' lang='lat' dir='ltr'><strong>et</strong></span> <span class='ocrx_word' id='word_1_910' title='bbox 3062 5724 3156 5781; x_wconf 88' lang='lat' dir='ltr'><strong>alii</strong></span> <span class='ocrx_word' id='word_1_911' title='bbox 3180 5726 3394 5794; x_wconf 89' lang='lat' dir='ltr'><strong>Norm.,</strong></span> <span class='ocrx_word' id='word_1_912' title='bbox 3412 5727 3761 5798; x_wconf 76' lang='lat' dir='ltr'><strong>semetipsum,</strong></span> 
     </span>
    </p>
   </div>
   <div class='ocr_carea' id='block_1_122' title="bbox 2155 5796 3058 5872">
    <p class='ocr_par' dir='ltr' id='par_1_122' title="bbox 2155 5796 3058 5872">
     <span class='ocr_line' id='line_1_124' title="bbox 2155 5796 3058 5872; baseline -0.003 -19"><span class='ocrx_word' id='word_1_913' title='bbox 2155 5796 2302 5872; x_wconf 82' lang='lat' dir='ltr'><strong>quod</strong></span> <span class='ocrx_word' id='word_1_914' title='bbox 2334 5797 2398 5852; x_wconf 80' lang='lat' dir='ltr'><strong>ad</strong></span> <span class='ocrx_word' id='word_1_915' title='bbox 2434 5797 2770 5852; x_wconf 86' lang='lat' dir='ltr'><strong>locutionem</strong></span> <span class='ocrx_word' id='word_1_916' title='bbox 2804 5798 3058 5853; x_wconf 87' lang='lat' dir='ltr'><strong>refertur.</strong></span> 
     </span>
    </p>
   </div>
  </div>
