3920 6374
166 344 273 400 449

847 346 1219 403 MORALIUM
1259 348 1391 403 LIB.
1436 349 1692 405 XXVIII.
1735 380 1804 390 —
1844 350 1913 406 IN
1967 352 2197 408 CAPUT
2236 355 2532 412 XXXVIII
2568 357 2633 412 B.
2675 356 2822 413 JOB.

3394 357 3502 415 450

166 468 313 525 renis
359 476 417 526 et
464 468 800 559 cmlestibus.
848 471 1257 547 Nonnunquam
1294 489 1425 529 vero
1471 475 1637 531 etiam
1690 491 1786 548 per
1812 478 1863 537 A
1893 479 2258 548 sermonibus,
2290 481 2383 536 sed
2412 482 2578 537 etiam
2610 481 2772 538 rebus
2799 485 3057 555 aperiret,
3091 492 3363 558 quatenus
3384 502 3503 559 pec.

162 559 427 632 angelum
458 558 721 617 humanis
745 560 1002 633 cordibus
1030 562 1105 619 ita
1136 564 1382 637 loquitur
1400 567 1564 634 Deus,
1588 576 1649 623 ut
1668 567 1781 639 ipse

165 666 391 723 quoque
420 651 651 723 angelus
680 651 882 707 mentis
913 651 1201 709 obtutibus
1230 663 1609 726 praesentetur.

235 741 291 799 4.
344 742 548 800 Verbis
592 759 830 817 namque
870 760 967 817 per
1012 746 1267 818 angelum
1318 747 1563 821 loquitur
1616 750 1780 818 Deus,

164 850 291 891 cum
327 834 410 890 nil
441 834 501 892 in
533 835 777 908 imagine
806 836 1139 907 ostenditur,
1182 838 1275 895 sed
1317 857 1566 913 supernae
1614 841 1783 897 verba

164 924 473 983 locutionis
501 926 831 995 audiuntur,
862 928 1007 984 sicut
1037 929 1255 985 dicente
1276 930 1514 987 Domino
1548 949 1559 986 :
1594 932 1780 997 Pater,

159 1013 411 1087 clari/ica
425 1015 632 1071 Filium
648 1022 879 1084 tuum,ut
897 1023 944 1071 et
962 1018 1136 1073 Filius
1160 1024 1280 1073 tuus
1298 1020 1555 1091 clariﬁcet
1576 1027 1639 1088 te,
1657 1037 1783 1092 pro-

162 1105 324 1162 tinus
356 1106 723 1179 respondetur
752 1124 763 1161 :
817 1108 1154 1181 Clariﬁcavi,
1186 1116 1233 1164 et
1254 1111 1447 1166 iterum
1480 1112 1781 1184 clariﬁcabo

162 1196 355 1266 (Joan.
394 1213 540 1266 xvn,
574 1197 652 1271 1).
679 1198 865 1271 Neque
889 1198 1038 1254 enim
1059 1201 1227 1269 Deus,
1260 1201 1357 1273 qui
1386 1200 1504 1258 sine
1534 1209 1782 1274 tempore

162 1288 224 1344 vi
254 1289 620 1362 impulsionis
646 1289 860 1347 intimas
892 1292 1113 1361 clamat,
1146 1293 1205 1348 in
1234 1302 1480 1366 tempore
1509 1310 1604 1366 per
1628 1311 1780 1350 suam

160 1379 701 1437 substantiamillam
716 1398 908 1437 vocem
926 1381 1291 1455 edidit,quam
1308 1382 1781 1456 circumscriptam

161 1477 419 1542 tempore
454 1486 548 1543 per
578 1469 823 1526 humana
854 1470 1025 1527 verba
1053 1470 1334 1541 distinxit,
1368 1473 1461 1529 sed
1491 1473 1781 1543 nimirum,

159 1558 557 1616 decoelestibus
576 1559 997 1632 loquens,verba
1010 1577 1109 1617 sua
1123 1578 1243 1634 quae
1257 1563 1325 1619 ab
1341 1562 1663 1618 hominibus
1690 1579 1782 1619 au-

157 1649 277 1705 diri
299 1650 483 1706 voluit
512 1650 771 1707 rationali
788 1658 1039 1707 creatura
1053 1651 1479 1710 administrante
1494 1653 1781 1710 formavit.

240 1740 297 1797 5.
343 1739 660 1812 Aliquando
710 1740 875 1797 rebus
927 1757 1022 1813 per
1071 1744 1295 1814 angelos
1336 1744 1583 1817 loquitur
1616 1746 1780 1813 Deus,

1895 579 2046 628 cator
2073 570 2240 628 homo
2287 579 2341 628 et
2385 588 2483 645 per
2530 572 2697 628 verba
2743 574 2891 645 quod
2932 575 3135 632 fecerat
3179 578 3417 645 audiret,
3446 584 3503 633 et

1894 679 1991 734 per
2019 661 2545 732 deambulationem,
2568 661 2771 719 amisso
2791 665 3113 721 aeternitatis
3131 672 3299 735 statu,
3322 672 3500 724 muta-

1895 752 2127 809 bilitatis
2155 769 2266 809 sum
2314 752 2746 809 inconstantiam
2777 761 3045 821 cerneret,
3077 761 3132 809 et
3162 770 3258 827 per
3284 772 3497 823 auram,

1893 840 2109 896 fervore
2139 840 2424 897 charitatis
2455 841 2707 914 expulso,
2735 848 3016 914 torporem
3047 858 3210 899 suum
3238 843 3500 900 animad—

1892 938 2149 999 verteret,
2172 938 2225 987 et
2254 946 2349 1003 per
2377 931 2807 989 declinationem
2826 931 2959 989 solis
2976 940 3328 1005 cognosceret
3351 931 3499 1005 quod

1892 1018 1961 1076 ad
1992 1018 2245 1074 tenebras
2273 1019 2689 1093 propinquaret.
3054 1010 3064 1022 ’

1968 1108 2108 1183 [νει.
2136 1110 2264 1184 IV.)
2296 1112 2346 1167 7.
2394 1110 2713 1184 Aliquando
2741 1112 3078 1185 imaginibus
3106 1112 3290 1171 cordis
3327 1113 3503 1171 oculis

1894 1198 2128 1255 ostensis
2158 1215 2254 1271 per
2281 1200 2505 1272 angelos
2534 1199 2780 1272 loquitur
2805 1203 2972 1271 Deus,
3011 1202 3156 1259 sicut
3182 1202 3350 1263 Iacob
3376 1203 3503 1260 sub-

1895 1288 2084 1346 nixam
2113 1290 2253 1346 coelo
2300 1290 2502 1347 scalam
2545 1289 2826 1348 dormiens
2875 1292 3015 1350 vidit
3055 1293 3266 1366 (Genes.
3298 1308 3502 1362 xxvm,

1898 1379 2028 1451 12);
2075 1378 2223 1436 sicut
2250 1380 2443 1437 Petrus
2490 1379 2722 1438 linteum
2752 1380 3044 1454 reptilibus
3087 1397 3153 1439 ac
3180 1380 3505 1454 quadrupe—

1896 1468 2060 1526 dibus
2089 1470 2312 1542 plenum
2343 1470 2401 1526 in
2431 1471 2624 1528 ecstasi
2656 1479 2844 1544 raptus
2888 1472 3105 1544 aspexit
3146 1470 3287 1541 (Act.
3319 1487 3379 1538 x,
3413 1471 3503 1541 ll.

1900 1560 2013 1631 l2),
2043 1560 2138 1633 qui
2168 1560 2275 1617 nisi
2306 1560 2647 1633 incorporeis
2670 1561 2848 1618 oculis
2876 1561 2996 1617 haec
3024 1568 3294 1624 cerneret,
3330 1559 3388 1617 in
3417 1575 3503 1617 ec-

1893 1648 2026 1705 stasi
2056 1666 2169 1706 non
2199 1650 2427 1716 fuisset;
2470 1651 2615 1707 sicut
2663 1651 2834 1707 Paulo
2875 1650 2934 1706 in
2964 1650 3179 1707 visione
3207 1648 3388 1706 noctis
3419 1648 3505 1705 vir

1894 1741 2116 1798 Macedo
2148 1741 2404 1813 apparuit
2434 1740 2574 1811 (Act.
2614 1758 2736 1809 xvr,
2777 1741 2860 1812 9),
2891 1740 2986 1813 qui
3014 1740 3249 1796 transire
3289 1754 3417 1795 eum
3446 1737 3506 1794 in

162 1846 297 1887 cum
325 1830 403 1885 nil
438 1830 607 1885 verbo
637 1829 866 1898 dicitur,
897 1830 991 1886 sed
1022 1848 1084 1886 ea
1137 1849 1257 1905 quze
1288 1832 1475 1889 futura
1502 1841 1651 1902 sunt,
1687 1850 1783 1889 as—
1809 1843 1856 1905 Β
1894 1831 2269 1890 Macedoniam
2301 1832 2535 1903 rogavit.
2579 1830 2901 1904 Aliquando
2937 1828 3277 1903 imaginibus
3300 1836 3354 1884 et
3380 1835 3507 1885 ante

162 1928 390 1993 sumpta
418 1919 484 1977 de
502 1919 789 1976 elementis
817 1919 1076 1992 imagine,
1101 1922 1463 1990 nuntiantur;
1482 1923 1625 1979 sient
1645 1923 1774 1978 Eze-

162 2008 339 2079 chiel,
364 2009 446 2065 nil
465 2010 758 2067 verborum
781 2008 1034 2078 audiens,
1054 2010 1241 2067 electri
1259 2011 1497 2084 speciem
1516 2012 1573 2067 in
1594 2011 1777 2068 medio

164 2098 316 2172 ignis
344 2099 520 2167 vidit;
551 2107 615 2155 ut
641 2098 902 2154 videlicet
930 2098 1064 2155 dum
1095 2100 1269 2155 solam
1302 2101 1539 2173 speciem
1561 2102 1781 2173 aspice-

165 2196 404 2263 ret,quze
427 2197 608 2245 essent
625 2188 681 2244 in
700 2189 1022 2247 novissimis
1043 2198 1278 2248 ventura
1312 2193 1542 2249 sentiret
1560 2192 1777 2265 (Ezech.

166 2296 211 2346 ι,
243 2279 328 2351 lt).
363 2278 651 2336 Electrum
682 2281 887 2354 quippe
935 2297 1005 2336 ex
1061 2282 1182 2338 auri
1210 2284 1531 2357 argentique
1559 2284 1782 2339 metallo

169 2370 463 2440 miscetur,
494 2370 553 2426 in
583 2387 691 2445 qua
719 2372 1077 2444 permistione
1106 2382 1393 2446 argentum
1423 2372 1647 2447 quidem
1678 2373 1783 2429 cla-

166 2462 291 2518 rius
320 2461 593 2533 redditur,
642 2463 737 2520 sed
790 2472 975 2520 tamen
1020 2464 1204 2538 fulgor
1251 2467 1376 2523 auri
1426 2472 1781 2538 temperatur.

171 2551 327 2622 Quid
356 2568 486 2627 ergo
518 2554 575 2610 in
619 2554 823 2611 electro
848 2554 958 2611 nisi
989 2555 1261 2613 mediator
1289 2556 1388 2613 Dei
1415 2564 1471 2614 et
1496 2557 1786 2614 hominum

173 2644 627 2701 demonstratur?
647 2646 752 2713 Qui
773 2645 907 2702 dum
930 2646 1286 2719 semetipsum
1319 2646 1480 2704 nobis
1509 2664 1581 2704 ex
1598 2647 1790 2704 divina

172 2743 343 2809 atque
374 2734 622 2792 humana
648 2744 847 2792 natura
873 2737 1206 2810 composuit,
1255 2744 1310 2793 et
1350 2737 1652 2796 humanam
1696 2756 1793 2811 per

169 2824 442 2881 deitatem
473 2825 763 2881 clariorem
794 2826 1060 2896 reddidit,
1092 2835 1145 2882 et
1173 2825 1422 2882 divinam
1450 2843 1548 2899 per
1585 2827 1794 2883 huma-

174 2916 413 2972 nitatem
471 2915 679 2971 nostris
706 2914 1019 2988 aspectibus
1063 2918 1411 2989 temperavit.
1463 2917 1602 2985 Quia
1644 2918 1789 2974 enim

175 3007 392 3062 virtute
410 3005 727 3062 divinitatis
748 3005 867 3078 ejus
887 3014 972 3062 tot
993 3007 1276 3064 miraculis
1292 3007 1606 3064 humanitas
1618 3008 1794 3079 fulsit,

176 3116 250 3156 ex
280 3114 423 3155 auro
450 3098 630 3155 crevit
658 3106 979 3171 argentum;
1017 3107 1071 3155 et
1100 3100 1251 3173 quod
1278 3117 1375 3172 per
1403 3117 1621 3159 carnem
1652 3103 1798 3158 Deus

1887 1938 2179 1993 corporeos
2228 1922 2419 1979 oculos
2447 1921 2516 1977 ad
2557 1928 2776 1993 tempus
2819 1935 2890 1977 ex
2920 1935 3041 1976 aere
3085 1917 3383 1991 assumptis
3411 1931 3510 1989 per

1888 2012 2110 2084 angelos
2157 2012 2406 2085 loquitur
2445 2013 2611 2080 Deus,
2648 2011 2793 2067 sicut
2838 2008 3121 2066 Abraham
3169 2023 3283 2065 non
3325 2006 3505 2063 solum

1890 2105 2002 2158 tres
2031 2102 2182 2158 viros
2204 2101 2392 2158 videre
2414 2101 2616 2175 potuit,
2636 2100 2731 2157 sed
2751 2100 2916 2156 etiam
2938 2098 3258 2155 habitaculo
3285 2103 3505 2154 terreno

1891 2193 2190 2265 suscipere,
2212 2200 2267 2247 et
2297 2207 2408 2248 non
2438 2191 2617 2248 solum
2649 2188 2945 2261 suscipere,
2964 2188 3060 2245 sed
3090 2203 3283 2245 eorum
3312 2185 3508 2243 usibus

1893 2287 2060 2342 etiam
2092 2283 2246 2341 cibos
2265 2282 2527 2339 adhibere
2558 2282 2769 2354 (Genes.
2788 2297 2953 2351 xviii,
2974 2281 3029 2349 2,
3046 2278 3335 2352 seq.).Nisi
3355 2276 3504 2333 enim

1896 2373 2095 2448 Angeli
2124 2371 2376 2446 quaedam
2400 2374 2419 2407 ⁴
2442 2370 2603 2427 nobis
2624 2372 2841 2427 interna
2864 2368 3184 2426 nuntiantes
3200 2366 3270 2424 ad
3290 2374 3510 2439 tempus

1897 2481 1967 2521 ex
2023 2480 2145 2520 aere
2195 2478 2427 2535 corpora
2481 2468 2786 2529 sumerent,
2831 2458 3205 2517 exterioribus
3257 2457 3507 2531 profecto

1899 2554 2105 2611 nostris
2148 2552 2435 2610 obtutibus
2464 2568 2577 2609 non
2625 2556 2980 2624 apparerent;
3031 2565 3135 2606 nec
3180 2546 3335 2605 cibos
3378 2559 3507 2602 cum

1901 2646 2181 2703 Abraham
2211 2653 2487 2719 caperent,
2510 2643 2618 2700 nisi
2650 2651 2870 2716 propter
2898 2658 2999 2699 nos
3025 2640 3266 2698 solidum
3294 2634 3509 2711 aliquid

1904 2753 1972 2793 ex
2000 2738 2209 2794 caelesti
2239 2738 2511 2793 elemento
2543 2740 2834 2808 gestarent.
2866 2733 2977 2789 Nec
2997 2731 3199 2787 mirum
3224 2727 3373 2802 quod
3393 2727 3512 2785 illic

1906 2825 2010 2897 ipsi
2040 2826 2137 2897 qui
2164 2826 2403 2897 suscepti
2433 2833 2584 2893 sunt,
2617 2823 2782 2880 modo
2811 2821 3013 2894 angeli,
3044 2819 3211 2877 modo
3238 2817 3513 2875 Dominus

1908 2922 2197 2982 vocantur,
2240 2914 2370 2986 quia
2426 2914 2747 2986 angelorum
2795 2910 3066 2967 vocabulo
3122 2907 3514 2980 exprimuntur

1907 3004 2002 3078 qui
2048 3002 2293 3059 exterius
2339 3000 2745 3067 ministrabant,
2786 3007 2842 3055 et
2873 2996 3239 3070 appellatione
3286 2994 3512 3052 Domini

1907 3093 2219 3151 ostenditur
2247 3091 2342 3165 qui
2376 3091 2455 3146 eis
2484 3088 2718 3146 interius
2746 3095 2995 3161 praeerat,
3024 3094 3088 3143 ut
3107 3102 3203 3158 per
3226 3084 3333 3141 hoc
3360 3101 3515 3157 pras-

174 3188 441 3262 cognosci
470 3189 670 3261 potuit,
696 3189 954 3261 quodque
986 3207 1081 3262 per
1104 3206 1325 3246 carnem
1355 3198 1436 3246 tot
1461 3190 1689 3247 adversa
1718 3200 1797 3247 to.
1830 3214 1873 3275 ο
1908 3183 2137 3275 sidentis
2157 3181 2474 3275 imperium,
2506 3187 2560 3236 et
2584 3195 2681 3252 per
2709 3177 2850 3235 illud
2879 3176 3235 3235 claresceret5
3265 3173 3512 3233 ofﬁcium

176 3280 402 3348 leravit,
455 3278 612 3352 quasi
660 3295 731 3335 ex
768 3286 997 3350 argento
1045 3287 1408 3351 temperatum
1456 3287 1537 3337 est
1578 3297 1795 3337 aurum.

178 3368 343 3438 Quod
363 3367 503 3424 bene
531 3376 586 3424 et
615 3368 673 3423 in
703 3367 887 3423 medio
910 3368 1055 3440 ignis
1090 3368 1419 3437 ostenditur,
1452 3369 1583 3441 quia
1610 3368 1800 3425 incar-

180 3458 431 3516 nationis
459 3456 577 3530 ejus
598 3458 924 3531 mysterium
949 3456 1338 3531 subsequentis
1344 3457 1547 3529 judicii
1578 3457 1799 3513 ﬂamma

180 3548 505 3606 comitatur.
539 3549 815 3621 Scriptum
847 3550 1051 3623 quippe
1102 3558 1184 3605 est
1215 3568 1226 3605 :
1261 3551 1423 3605 Pater
1468 3566 1573 3604 non
1594 3548 1806 3618 judice;

181 3640 614 3710 quemquam,sed
638 3657 787 3694 omne
797 3639 1065 3709 judicium
1090 3640 1233 3695 dedit
1249 3640 1393 3695 Filio
1418 3638 1599 3710 (Joan.
1624 3638 1801 3711 v,22).

259 3727 403 3803 [νει.
423 3726 561 3801 ΙΙΙ.]
591 3728 646 3784 6.
683 3728 1003 3801 Aliquando
1034 3745 1131 3800 per
1170 3728 1395 3800 angelos
1423 3727 1609 3784 verbis
1638 3727 1805 3784 simul

183 3828 242 3876 et
276 3816 442 3875 rebus
469 3817 716 3890 loquitur
737 3819 906 3886 Deus,
941 3833 1072 3881 cum
1104 3816 1437 3889 quibusdam
1458 3817 1705 3874 motibus
1725 3818 1806 3874 in-

186 3909 379 3965 sinuat
407 3906 515 3963 hoc
558 3906 706 3980 quod
741 3906 1102 3965 sermonibus
1148 3916 1353 3963 narrat.
1392 3911 1409 3945 ι
1440 3907 1629 3979 Neque
1659 3907 1807 3962 enim

190 3996 372 4054 Adam
398 4003 522 4069 post
548 3997 767 4069 culpam
798 3996 856 4053 in
904 3995 1219 4053 divinitatis
1267 3995 1576 4052 substantia
1618 3995 1808 4053 audire

189 4088 496 4147 Dominum
527 4088 731 4161 potuit,
761 4087 856 4144 sed
886 4086 1281 4159 increpationis
1308 4086 1477 4143 verba
1507 4103 1605 4159 per
1651 4104 1808 4160 ange-

192 4180 314 4236 lum
344 4177 581 4247 audivit,
612 4177 678 4234 de
709 4193 818 4251 quo
845 4178 1111 4249 scriptum
1142 4185 1224 4234 est
1257 4194 1268 4233 :
1306 4177 1439 4234 Cum
1466 4177 1699 4232 audisset
1726 4194 1810 4232 υο.

192 4267 539 4325 cemDomini
552 4267 652 4323 Dei
673 4267 695 4302 ³
716 4267 1105 4324 deambulantis
1148 4267 1205 4322 in
1230 4267 1490 4339 paradiso
1518 4267 1589 4322 ad
1617 4283 1812 4322 auram

190 4364 316 4432 post
349 4356 642 4425 meridiem,
669 4356 943 4413 abscondit
970 4373 1021 4411 se
1048 4357 1188 4411 inter
1220 4356 1365 4427 ligna
1406 4357 1655 4428 paradisi
1686 4357 1810 4429 (Ge'

192 4466 309 4506 nes.
334 4464 420 4517 ιιι,
444 4448 524 4521 8).
549 4446 698 4515 Quid
727 4453 807 4503 est
821 4446 970 4503 enim
995 4445 1142 4520 quod
1173 4454 1297 4519 post
1316 4456 1599 4519 peccatum
1620 4446 1815 4503 homi-

194 4540 289 4596 nis
317 4538 377 4594 in
402 4535 656 4610 paradiso
683 4535 954 4593 Dominus
986 4535 1101 4609 jam
1124 4554 1232 4593 non
1266 4545 1393 4605 stat,
1427 4536 1517 4593 sed
1549 4535 1809 4594 deambu-

196 4630 301 4698 lat,
334 4628 444 4683 nisi
469 4625 617 4701 quod
647 4626 893 4683 irruente
938 4626 1105 4699 culpa
1133 4627 1153 4662 ³
1192 4642 1248 4682 se
1276 4642 1309 4682 a
1350 4626 1535 4683 cordis
1565 4624 1808 4683 hominis

1907 3272 2365 3332 ministrantium.

1983 3362 2123 3437 [_Vet.
2166 3360 2252 3435 V.]
2284 3362 2337 3417 8.
2380 3359 2529 3419 Varii
2555 3359 2656 3415 alii
2703 3358 2847 3414 modi
2888 3357 3078 3428 quibus
3105 3355 3247 3412 Deus
3279 3354 3519 3425 loquitur

1910 3452 2224 3509 hominibus.
2246 3482 2318 3493 —
2345 3448 2661 3523 Aliquando
2691 3447 3005 3506 coelestibus
3034 3444 3359 3503 substantiis
3382 3445 3403 3479 ⁸
3423 3459 3519 3515 per

1912 3545 2134 3618 angelos
2164 3541 2409 3617 loquitur
2428 3544 2592 3609 Deus,
2620 3540 2785 3606 sicut,
2806 3539 3083 3612 baptizato
3102 3535 3363 3603 Domino,
3382 3533 3518 3591 scri-

1913 3645 2069 3711 ptum
2100 3642 2182 3692 est
2210 3634 2340 3709 quia
2366 3634 2435 3691 de
2462 3634 2611 3690 nube
2642 3650 2754 3690 vox
2800 3631 3009 3700 sonuit,
3040 3629 3264 3688 dicens:
3308 3628 3409 3684 Hic
3448 3632 3522 3682 est

1916 3731 2092 3789 Filius
2131 3747 2272 3787 meus
2314 3729 2554 3795 dilectus,
2595 3727 2654 3783 in
2694 3743 2799 3799 quo
2839 3726 3009 3782 mihi?
3056 3724 3177 3780 bene
3228 3720 3522 3793 συνηριωαί

1918 3821 2131 3894 (Matth.
2164 3837 2247 3889 ιιι,
2272 3820 2384 3891 17).
2417 3816 2734 3891 Aliquando
2761 3815 2996 3872 terrenis
3023 3810 3350 3872 substantiis
3376 3810 3396 3846 ⁸
3424 3824 3523 3882 per

1916 3912 2138 3984 angelos
2167 3908 2415 3982 loquitur
2440 3909 2608 3976 Deus,
2640 3906 2785 3963 sicut
2813 3921 2939 3961 cum
2972 3903 3193 3959 Balaam
3229 3897 3520 3971 corripuit,

1918 4003 1976 4058 in
2006 4017 2099 4058 ore
2128 3999 2294 4056 asinae
2341 3997 2584 4053 humana
2625 3994 2793 4050 verba
2839 3991 3103 4050 formavit
3143 3991 3328 4061 (Num.
3374 4003 3519 4056 xm,

1918 4093 2034 4164 28).
2076 4086 2391 4162 Aliquando
2422 4086 2587 4142 simul
2617 4091 2671 4139 et
2698 4082 2932 4139 terrenis
2959 4089 3014 4137 et
3042 4078 3359 4137 cmicstibus
3395 4075 3523 4133 sub-

1919 4180 2138 4239 stantiis
2165 4194 2261 4252 per
2287 4176 2507 4249 angelos
2537 4174 2783 4247 loquitur
2810 4174 2977 4240 Deus,
3021 4169 3165 4227 sicut
3200 4167 3269 4226 ad
3296 4169 3522 4239 Moysen

1920 4274 1978 4330 in
2008 4278 2194 4329 monte
2247 4285 2374 4326 cum
2423 4265 2689 4339 jussionis
2735 4280 2847 4320 suae
2887 4261 3056 4318 verba
3100 4258 3295 4326 edidit,
3342 4258 3525 4330 ignem

1921 4363 2230 4435 rubumque
2258 4356 2515 4425 sociavit,
2546 4361 2708 4429 atque
2738 4352 2891 4410 aliud
2919 4350 3192 4425 superius,
3239 4346 3393 4404 aliud
3428 4346 3527 4403 in-

1922 4455 2093 4511 ferius
2118 4449 2309 4525 junxit
2341 4447 2545 4521 (Exod.
2577 4463 2664 4515 ιιι,
2688 4446 2769 4519 2).
2802 4443 2961 4512 Quod
2980 4450 3165 4499 tamen
3185 4447 3323 4497 tunc
3345 4438 3524 4496 solum

1927 4546 2129 4619 agitur,
2161 4558 2287 4599 cum
2320 4555 2389 4594 ex
2418 4539 2538 4610 ipsa
2577 4534 2790 4609 aliquid
2828 4532 3223 4605 conjunctione
3257 4530 3525 4602 signatur.

1922 4641 2059 4698 Nam
2092 4650 2188 4708 per
2215 4646 2540 4689 succensum
2570 4628 2770 4685 rubum
2799 4627 3028 4698 Moysen
3058 4624 3364 4698 alloquens,
3396 4619 3530 4695 quid

198 4726 417 4775 motum
448 4717 792 4774 demonstrat
818 4716 846 4772 ‘I
874 4716 1023 4785 Quid
1052 4722 1134 4772 est
1161 4715 1310 4789 quod
1356 4715 1426 4772 ad
1472 4731 1660 4772 auram
1690 4732 1793 4788 pos

1920 4727 2076 4788 aliud
2106 4722 2371 4791 ostendit,
2402 4721 2511 4777 nisi
2542 4719 2690 4794 quod
2733 4717 2851 4791 ejus
2878 4717 3069 4790 populi
3097 4718 3120 4754 ⁹
3151 4714 3349 4772 ductor
3377 4711 3532 4769 fieret

199 4807 515 4877 meridiem,
546 4807 656 4864 nisi
703 4811 849 4871 895
897 4804 1045 4880 quod
1075 4805 1173 4861 lux
1213 4803 1518 4862 ferventior
1563 4806 1813 4862 veritatis
1922 4819 2019 4893 qui
2046 4825 2101 4873 et
2144 4815 2281 4888 legis
2322 4813 2599 4869 ﬂammam
2646 4810 2972 4883 perciperet,
3015 4814 3069 4862 et
3109 4813 3294 4861 tamen
3321 4800 3530 4893 peccati

200 4907 557 4977 abscesserat,
584 4914 639 4964 et
665 4905 1028 4980 peccatricem
1070 4903 1311 4960 animam
1357 4903 1532 4975 culpas
1563 4920 1673 4959 suae
1703 4902 1815 4960 fri—
1923 4890 2138 4981 spinam
2168 4919 2515 4978 nequaquam
2544 4901 2785 4967 vitaret;
2816 4898 2903 4954 vel
2931 4895 3081 4971 quod
3108 4909 3179 4950 ex
3208 4893 3308 4949 illo
3327 4890 3533 4963 populo

203 5015 340 5072 gora
364 4996 858 5071 constringebant?
877 4994 1191 5068 Increpavit
1209 5010 1338 5067 ergo
1358 4994 1535 5050 Adam
1555 4994 1814 5053 deambu-
1925 4998 2103 5055 exiret
2135 4995 2232 5070 qui
2269 4994 2328 5049 in
2375 4993 2503 5067 igne
2530 4990 2763 5049 Deitatis
2795 4990 2842 5025 ¹⁰
2871 4987 3053 5045 carnis
3080 4991 3282 5040 nostra
3313 4986 3535 5072 peccata

203 5070 350 5157 laus,
385 5095 447 5145 ut
465 5070 633 5146 caecis
658 5086 940 5144 mentibus
974 5083 1278 5157 nequitiam
1310 5099 1466 5140 suam
1495 5099 1605 5140 non
1636 5084 1815 5141 solum
1927 5087 2084 5163 quasi
2106 5085 2232 5143 rubi
2250 5085 2436 5158 spinas
2452 5083 2775 5155 susciperet,
2798 5087 2852 5136 et
2871 5078 3320 5147 inconsumptam
3338 5070 3532 5128 huma-

289 5271 305 5307 ¹
341 5268 493 5327 Εάἰιί
524 5287 652 5327 cum
681 5268 843 5327 Corb.
878 5269 1087 5337 Germ.,
1120 5284 1281 5338 neque
1308 5266 1444 5322 enim
1463 5266 1706 5338 Adam...
1740 5268 1815 5324 vi-

2002 5267 2021 5301 ?
2057 5263 2227 5331 ldeln,
2260 5262 2381 5318 bene
2409 5258 2742 5332 complacuit.
2771 5256 2834 5314 In
2863 5253 3026 5313 Corb.
3046 5253 3232 5311 Germ.
3256 5248 3536 5309 omittitur

206 5344 335 5400 dere
362 5344 668 5399 Dominum.
699 5343 827 5399 Mss.
862 5342 1104 5414 Anglic.,
1140 5337 1354 5414 Norm.,
1396 5337 1659 5407 Vindoc.,
1693 5355 1820 5414 me-

1930 5339 2072 5393 bene.

209 5416 349 5481 lius,
379 5415 572 5487 audire
602 5415 903 5481 Dominum,
934 5411 1080 5487 quod
1118 5411 1402 5486 superiora
1443 5417 1497 5466 et
1533 5412 1819 5484 sequentia

208 5488 363 5545 clare
382 5486 784 5543 demonstrant.

286 5560 310 5596 ²
340 5557 619 5627 Laudun.,
650 5556 1037 5630 deambulantis
1066 5557 1125 5630 in
1149 5555 1483 5630 paradisum.

287 5634 310 5667 ³
343 5630 520 5698 Idem,
550 5647 603 5685 se
630 5637 678 5684 et
703 5629 858 5684 corde
886 5628 1132 5684 hominis.

288 5705 313 5738 ‘
342 5702 572 5769 Pratel.,
599 5701 747 5756 nobis
776 5702 833 5755 in
864 5706 1028 5754 terra.

286 5776 309 5810 ⁸
347 5775 373 5829 1
404 5771 856 5846 Laud.,_oﬁic_iun_i
886 5771 1317 5846 ministrandum.

290 5847 314 5881 ⁵
348 5846 409 5901 In
444 5843 581 5900 Cod.
609 5842 783 5901 Laud.
813 5842 968 5901 deest
995 5860 1095 5913 per
1120 5844 1352 5914 angelos.

2002 5411 2023 5445 ⁸
2055 5410 2116 5465 In
2148 5405 2341 5462 eodem
2374 5401 2548 5459 Laud.
2581 5400 2861 5457 omittitur
2886 5415 2981 5469 per
3016 5398 3250 5469 angelos.

1998 5484 2020 5517 ⁹
2053 5478 2218 5537 Corb.
2252 5477 2463 5540 Germ.,
2498 5474 2699 5530 Pratel.
2737 5479 2792 5527 et
2822 5471 2990 5536 Utic.,
3022 5470 3223 5526 doctor.

2004 5554 2051 5588 ¹⁰
2073 5552 2197 5608 Vet.
2231 5548 2382 5605 Edit.
2415 5539 2588 5603 Paris.
2618 5552 2673 5600 et
2702 5539 3534 5615 Basil.,aliaeque_recentiores,

1928 5624 2111 5680 carnis
2137 5627 2335 5678 nostra:
2362 5620 2592 5677 dolores.
2624 5616 2884 5689 Legimus
2904 5611 3116 5689 in_Mss.
3149 5613 3382 5676 Turon.,
3404 5611 3536 5666 Nor-

1930 5713 2103 5764 man.,
2139 5693 2414 5759 Laudun.,
2448 5685 2727 5758 Vindoc.,'
2746 5686 2911 5746 Corb.
2939 5685 3153 5755 Germ.,
3172 5690 3401 5757 peccata,
3423 5694 3532 5736 non

1930 5769 2159 5823 dolores.
