3920 6372
486 319 586 377 451

1707 324 1958 381 SANCTI
1995 327 2337 386 GREGORII
2379 330 2606 387 MAGNI

3694 340 3808 399 452

479 443 670 501 uitatis
697 452 897 500 nostra
926 444 1290 504 substantiam
1319 447 1486 504 etiam
1520 445 1580 504 in
1618 447 1738 520 ipsa
1762 446 2077 506 divinitatis
2110 454 2162 514 Α
2192 449 2682 514 demonstraretur.
2733 456 2871 516 Cum
2920 475 3052 516 vero
3111 459 3269 518 beato
3309 461 3412 519 Job
3457 465 3816 537 respondisse

482 531 705 588 ﬂamma
732 541 977 590 servaret
1005 533 1034 591 ?

551 641 692 716 [Vet.
755 643 871 718 VL]
911 645 965 701 9.
1012 646 1274 718 Inspirati
1319 647 1632 718 quandoque
1673 649 1944 719 praphetm
1983 665 2083 720 per

478 733 710 804 angelos.
756 762 829 774 —-
887 734 1297 809 Nonnunquam
1344 752 1474 792 vero
1520 735 1779 792 humanis
1825 737 2084 794 cordibus

479 822 644 879 etiam
675 837 773 894 per
801 823 1022 895 angelos
1042 826 1190 881 Deus
1207 831 1414 881 secreta
1443 841 1634 882 eorum
1659 828 1953 898 praesentia
1971 828 2082 883 vir-

477 919 653 968 tutem
681 929 794 968 sua
822 913 1178 984 aspirationis
1204 915 1473 972 infundit.
1506 915 1660 972 Unde
1697 923 1750 972 et
1792 917 2083 974 Zacharias

477 1002 594 1058 ait:
640 1005 715 1059 Et
755 1003 896 1058 dixit
927 1005 1000 1059 ad
1040 1022 1120 1060 me
1163 1007 1381 1076 angelus
1421 1006 1514 1077 qui
1558 1007 1870 1076 loquebatur
1906 1009 1964 1062 in
2003 1025 2084 1063 me

482 1088 671 1162 (Zach.
704 1107 746 1158 ι,
778 1091 892 1162 14).
925 1093 1068 1149 Dum
1115 1093 1186 1148 ad
1213 1109 1270 1148 se
1320 1093 1545 1166 quidem
1577 1093 1672 1150 sed
1721 1095 1779 1151 in
1809 1112 1866 1151 se
1895 1104 2080 1153 tamen

480 1179 632 1253 loqui
663 1181 920 1253 angelum
961 1181 1120 1251 dicit,
1153 1183 1368 1256 liquido
1391 1185 1632 1242 ostendit
1652 1185 1799 1259 quod
1829 1187 1877 1244 is
1897 1187 1992 1259 qui
2013 1187 2081 1242 ad

477 1273 623 1332 896
651 1277 832 1349 ipsum
880 1278 1049 1335 verba
1092 1279 1294 1336 faceret
1335 1297 1431 1352 per
1472 1297 1795 1355 corpoream
1842 1283 2079 1355 speciem

477 1373 634 1422 extra
661 1383 772 1422 non
803 1375 963 1426 esset.
989 1369 1143 1425 Unde
1163 1376 1216 1424 et
1237 1369 1401 1442 paulo
1415 1378 1539 1442 post
1565 1371 1813 1427 subdidit
1837 1389 1849 1427 :
1883 1374 1956 1428 Et
1975 1389 2082 1427 me

473 1458 690 1528 angelus
745 1457 838 1528 qui
887 1459 1197 1530 loquebatur
1250 1461 1308 1514 in
1348 1478 1428 1515 me
1473 1462 1836 1532 egrediebatur
1889 1463 2079 1532 (Ibid.,

475 1560 538 1613 ιι,
569 1544 648 1617 3).
681 1545 832 1620 Sape
859 1548 1007 1603 enim
1039 1565 1152 1604 non
1179 1549 1425 1605 exterius
1465 1557 1748 1622 apparent,
1794 1549 1890 1606 sed
1936 1552 2081 1608 sicut

474 1644 603 1692 sunt
629 1636 866 1708 angelici
912 1639 1140 1710 spiritus
1169 1640 1514 1696 voluntatem
1557 1641 1655 1696 Dei
1688 1639 2078 1712 prophetarum

473 1725 726 1782 sensibus
755 1727 1132 1797 innotescunt,
1162 1731 1179 1765 ί
1211 1737 1374 1801 atque
1400 1744 1493 1785 eos
1521 1729 1590 1785 ad
1620 1729 1880 1784 sublimia
1901 1729 2078 1784 suble-

472 1825 626 1884 vant,
659 1823 714 1872 et
731 1833 962 1890 quaque
985 1818 1043 1873 in
1065 1817 1228 1873 rebus
1257 1817 1441 1874 futura
1463 1826 1593 1875 sunt
1621 1819 1679 1874 in
1709 1819 1886 1876 causis
1915 1819 2078 1892 origi-
2109 1829 2155 1889 Β

472 1903 693 1961 nalibus
721 1905 1010 1977 prasentia
1049 1905 1448 1963 demonstrant.
1483 1907 1796 1964 Humanum
1835 1925 2074 1982 namque

471 2008 568 2051 cor
595 1993 714 2067 ipso
737 1994 917 2052 carnis
947 1995 1325 2067 corruptibilis
1356 1996 1594 2068 pondere
1623 2004 1910 2070 gravatum
1931 1999 2076 2056 hanc

473 2083 645 2156 ipsam
670 2083 692 2118 ³
721 2085 1123 2157 corpulentiam
1154 2101 1306 2142 suam
1340 2087 1496 2160 quasi
1527 2087 1739 2144 obicem
1770 2089 2072 2159 sustinens,

472 2173 690 2230 interna
717 2189 831 2230 non
861 2181 1130 2246 penetrat,
1161 2182 1216 2230 et
1261 2191 1422 2248 grave
1463 2176 1708 2232 exterius
1734 2175 1899 2250 jacet,
1945 2177 2077 2251 quia

472 2263 747 2321 levantem
778 2281 1000 2321 manum
1035 2264 1269 2322 interius
1296 2282 1406 2322 non
1430 2266 1610 2324 habet.
1635 2267 1790 2324 Unde
1820 2268 1904 2335 ﬁt,
1931 2269 2075 2326 sicut

470 2353 680 2412 dictum
711 2364 812 2426 est,
846 2365 908 2413 ut
929 2357 1322 2430 prophetarum
1354 2358 1604 2415 sensibus
1631 2359 1750 2432 ipsa
1763 2367 1826 2416 ut
1847 2367 1928 2416 est
1948 2359 2074 2416 sub-

468 2444 642 2500 tilitas
689 2445 950 2518 angelica
996 2445 1224 2503 virtutis
1264 2455 1540 2520 appareat,
1578 2464 1878 2522 eorumque
1917 2464 2072 2504 mens

465 2548 575 2606 quo
605 2533 795 2590 subtili
824 2534 1026 2606 spiritu
1053 2535 1322 2608 tangitur,
1353 2537 1601 2606 levetur;
1637 2546 1692 2594 et
1717 2554 1829 2594 non
1853 2536 1967 2609 jam
1990 2539 2069 2610 pi-

467 2637 560 2692 gra
589 2629 919 2696 torpensque
947 2623 1006 2680 in
1053 2624 1184 2681 imis
1219 2625 1418 2697 jaceat,
1465 2628 1562 2684 sed
1608 2628 1814 2700 repleta
1857 2624 2070 2683 intimis

467 2709 762 2780 aﬁlatibus,
804 2711 873 2768 ad
901 2729 1137 2785 superna
1165 2716 1516 2786 conscendat,
1546 2724 1710 2790 atque
1743 2715 1872 2772 inde
1912 2718 2064 2790 quasi

465 2799 532 2856 de
563 2801 798 2874 quodam
829 2819 1012 2860 rerum
1043 2806 1267 2875 vertice,
1285 2823 1407 2880 qua
1438 2808 1582 2863 infra
1602 2823 1658 2863 se
1687 2814 1920 2863 ventura
1938 2815 2067 2864 sunt

466 2888 670 2946 videat.
703 2890 807 2946 Sed
836 2908 904 2947 ne
934 2893 1059 2966 quis
1087 2894 1145 2948 in
1176 2895 1453 2966 pradictis
1472 2895 1748 2952 Zacharia
1771 2895 1953 2952 verbis
1971 2913 2063 2952 an-

463 2977 566 3048 geli
608 2977 956 3050 designatum
987 2981 1213 3038 nomine
1241 2983 1330 3039 vel
1360 2984 1596 3051 Patrem,
1621 2984 1708 3040 vel
1730 2984 2061 3054 Filium,vel

459 3067 726 3138 Spiritum
757 3079 1010 3126 sanctum
1039 3079 1214 3142 putet,
1248 3073 1293 3128 si
1325 3081 1537 3128 textum
1571 3073 1868 3146 Scriptura
1896 3090 2062 3132 sacra

458 3153 792 3224 considerat,
817 3156 966 3229 quod
995 3159 1164 3215 sentit
1191 3160 1455 3216 velociter
1473 3161 1750 3232 emendat,
1772 3179 1893 3237 qua
1922 3179 2062 3219 nun-
2093 3200 2136 3261 G

458 3260 622 3317 quam
653 3245 892 3314 Patrem,
923 3263 1206 3320 nunquam
1246 3249 1514 3323 Spiritum
1563 3261 1837 3323 sanctum,
1868 3261 1921 3310 et
1951 3271 2062 3312 non

455 3332 565 3389 nisi
598 3334 619 3367 ³
648 3347 746 3404 per
772 3333 1168 3394 incarnationis
1211 3354 1323 3394 sua
1367 3337 1812 3410 praedicationem
1855 3343 2062 3398 Filium

455 3423 712 3495 angelum
741 3433 921 3482 vocat.
947 3427 1099 3486 Unde
1128 3437 1182 3486 et
1205 3429 1264 3484 in
1293 3428 1541 3502 ejusdem
1569 3433 1848 3490 Zachariae
1877 3433 2062 3490 verbis

455 3520 640 3584 aperte
665 3514 974 3574 ostenditur
1011 3517 1162 3592 quod
1201 3517 1260 3573 in
1309 3518 1407 3575 illo
1454 3535 1581 3576 vere
1611 3522 1856 3594 angelus,
1895 3522 1952 3578 id
1981 3529 2063 3578 est

455 3610 724 3672 creatura,
760 3604 1098 3679 loqueretur,
1127 3624 1254 3665 cum
1284 3608 1521 3665 dicitur:
1569 3611 1643 3666 Et
1689 3627 1796 3666 ecce
1843 3613 2062 3682 angelus

455 3691 548 3761 qui
577 3692 886 3762 loquebatur
911 3695 969 3750 in
995 3712 1096 3764 me,
1127 3697 1490 3768 egrediebatur
1521 3698 1711 3770 (Zach.
1744 3715 1808 3767 ιι,
1831 3697 1911 3769 3).
1945 3699 2060 3754 Βια-

451 3779 665 3853 timque
691 3781 1070 3857 subjungitur:
1103 3787 1178 3842 Et
1204 3785 1347 3841 alius
1373 3788 1590 3859 angelus
1612 3786 1978 3860 egrediebatur
2005 3787 2061 3842 in

450 3885 725 3926 occursum
768 3871 903 3942 ejus,
933 3879 982 3930 et
1023 3873 1165 3929 dixit
1190 3875 1264 3932 ad
1290 3893 1444 3932 eum:
1479 3877 1716 3948 Loquere
1744 3877 2060 3948 adpuerum

450 3957 630 4026 istum,
679 3959 882 4017 dicens:
935 3961 1143 4034 Absque
1185 3981 1340 4020 muro
1385 3965 1714 4023 habitabitur
1760 3966 2058 4023 Jerusalem

453 4048 641 4120 (Ibid.,
672 4067 732 4118 ιι,
765 4049 818 4119 3,
849 4049 932 4124 4).
983 4053 1108 4110 Νοιι
1150 4062 1234 4110 est
1274 4055 1458 4130 itaque
1504 4057 1650 4114 Deus
1687 4056 1916 4127 angelus
1961 4057 2056 4131 qui

450 4139 709 4210 mittitur,
738 4141 829 4198 cui
857 4141 1027 4199 verba
1049 4143 1118 4200 ab
1147 4146 1340 4218 angelo
1369 4163 1489 4220 qua
1515 4145 1698 4202 dicere
1740 4144 1937 4204 debeat
1957 4147 2055 4220 ju-

449 4229 665 4288 bentur.
699 4231 805 4288 Sed
836 4234 967 4306 quia
1009 4235 1066 4291 in
1115 4244 1414 4309 conspectu
1461 4236 1766 4296 conditoris
1807 4240 2054 4313 angelica

448 4322 754 4379 ministeria
797 4321 1051 4381 ordinata
1100 4325 1367 4398 graduum
1412 4326 1690 4400 positione
1719 4331 1740 4365 ⁴
1789 4330 2052 4390 distincta

446 4420 594 4482 sunt,
618 4420 681 4470 ut
693 4421 748 4470 et
767 4430 866 4486 pro
893 4415 1178 4472 communi
1206 4415 1470 4473 felicitate
1499 4416 1860 4481 beatitudinis
1891 4422 2051 4494 opiﬁ-

445 4517 561 4557 cem
592 4519 753 4559 suum
783 4503 951 4560 simul
998 4503 1250 4560 videntes
1292 4505 1586 4576 gaudeant,
1633 4516 1688 4565 et
1735 4517 1920 4566 tamen
1948 4529 2048 4585 pro

445 4590 808 4665 dispositione
853 4592 1142 4666 dignitatis
1174 4593 1300 4649 aliis
1340 4593 1437 4650 alii
1485 4596 1928 4670 subministrant,
1979 4603 2048 4659 ad

447 4681 767 4754 prophetam
795 4684 1023 4756 angelus
1048 4682 1302 4754 angelum
1347 4682 1540 4754 mittit,
1583 4695 1637 4744 et
1666 4704 1826 4762 quem
1857 4707 2043 4750 secum

444 4771 511 4827 de
539 4773 652 4829 Deo
681 4771 914 4844 gaudere
945 4770 1316 4829 communiter
1354 4776 1646 4848 conspicit,
1684 4785 1739 4834 et
1765 4779 1944 4850 docet,
1991 4790 2044 4838 et

443 4861 652 4934 dirigit,
676 4861 806 4935 quia
833 4877 958 4918 eum
975 4868 1031 4917 et
1051 4876 1146 4934 per
1163 4862 1502 4934 superiorem
1531 4867 1817 4924 scientiam
1835 4871 2044 4928 virtute

441 4951 795 5024 cognitionis,
826 4959 880 5007 et
915 4966 1014 5022 per
1059 4952 1496 5024 prastantiorem
1527 4958 1756 5030 gratiam
1797 4960 2042 5018 culmine

443 5041 725 5112 potestatis
755 5038 997 5098 excedit.

513 5159 600 5217 10.
635 5157 904 5226 Quomodo
929 5158 1071 5214 Deus
1099 5159 1196 5216 Job
1239 5164 1585 5235 responderit.
1617 5197 1688 5210 -
1715 5167 1843 5226 Hac
1867 5169 2040 5243 igitur

438 5245 587 5307 dicta
605 5254 736 5304 sunt
758 5254 822 5304 ut
847 5247 1048 5322 quibus
1069 5250 1248 5310 modis
1269 5253 1527 5328 loquatur
1542 5259 1689 5316 Deus
1713 5257 2036 5318 hominibus

513 5444 533 5526 ξ
561 5442 733 5526 μυός
764 5454 819 5502 et
847 5446 1009 5506 Corb.
1041 5451 1248 5526 Germ.,
1269 5460 1426 5526 atque
1444 5474 1527 5512 eos
1554 5457 1631 5513 ita
1657 5460 1730 5514 ad
1757 5459 2029 5518 sublimia.

509 5514 533 5594 ξ
562 5514 818 5594 [λνριιεὶρη
847 5514 1424 5594 οωξτιῳιὶοηετηέιιάιη.

511 5586 545 5672 τί
566 5583 813 5672 Xinflch
833 5599 888 5647 et
915 5583 1075 5652 Corb.
1109 5597 1318 5668 Germ.,
1360 5617 1464 5672 pro
1503 5599 1892 5661 incarnationis
1925 5623 2035 5664 suae

432 5653 830 5725 Ρνωᾴἰοαίίοπε,
1279 5653 1317 5668 ’³
1360 5653 1411 5672 ⁸⁷⁷
1440 5653 1454 5655 ‘
1509 5653 1637 5659 ’την-τ
1660 5653 1890 5661 "wn—nu

508 5725 530 5760 ⁴
561 5724 756 5799 Laud,
787 5734 1041 5795 destinata
1065 5747 1119 5795 et
1136 5740 1406 5800 distincta.

2072 4562 2122 4622 D

2212 547 2485 604 Dominus
2501 547 2569 604 de
2598 550 2820 605 turbine
2850 549 3076 620 dicitur,
3091 559 3278 607 utrum
3309 568 3407 624 per
3423 554 3812 627 semetipsum,

2195 653 2268 692 an
2296 639 2348 693 ei
2381 655 2478 712 per
2505 640 2764 712 angelum
2795 641 2866 696 sit
2893 642 3108 699 locutus
3137 641 3454 714 ambigitur.
3479 645 3810 702 Potuerunt.

2196 730 2396 803 quippe
2422 747 2518 804 per
2545 732 2798 802 angelum
2829 732 3226 788 commotiones
3253 733 3396 788 aeris
3431 732 3571 803 ﬁeri,
3602 743 3657 791 et
3689 735 3811 793 hac

2197 820 2247 876 ei
2303 838 2428 894 qua
2482 822 2780 894 subjuncta
2825 831 2953 878 sunt
3012 839 3107 894 per
3149 841 3275 880 eum
3314 823 3483 880 verba
3528 826 3808 882 mandari.

2196 911 2546 984 Rursumque
2587 911 2768 983 potuit
2797 919 2851 966 et
2880 911 3126 968 exterius
3165 913 3392 986 angelus
3421 916 3442 949 ⁵
3474 913 3534 970 in
3579 915 3810 973 turbine

2195 1018 2375 1059 aerem
2405 1011 2681 1070 excutere,
2712 1010 2767 1058 et
2813 1010 2996 1058 tamen
3039 1003 3274 1060 interius
3320 1021 3417 1076 per
3445 1006 3809 1080 semetipsum

2195 1094 2470 1150 Dominus
2499 1095 2615 1148 vim
2646 1111 2759 1150 sua
2806 1096 3091 1152 sententia
3137 1096 3291 1154 cordi
3321 1097 3440 1170 ejus
3467 1099 3588 1155 sine
3618 1101 3810 1158 verbis

2196 1183 2474 1252 insonare,
2508 1192 2570 1239 ut
2599 1184 2858 1241 credatur
2888 1185 3035 1258 quod
3065 1185 3213 1242 dicta
3231 1185 3513 1245 dominica
3537 1206 3661 1263 qua
3710 1209 3810 1248 se-

2195 1284 2442 1346 quuntur
2481 1276 2596 1349 ipse
2618 1273 2733 1346 jam
2765 1292 2860 1348 per
2901 1276 3068 1333 verba
3113 1277 3365 1350 protulit,
3411 1281 3529 1354 qui,
3559 1281 3806 1355 repletus

2197 1366 2329 1434 Deo,
2363 1364 2480 1422 hac
2527 1365 2646 1421 sine
2672 1365 2858 1422 verbis
2888 1365 3124 1423 audivit.
3168 1365 3308 1439 [νει.
3359 1369 3479 1437 VII,
3503 1371 3624 1429 Rea.
3660 1372 3802 1446 HL]

2195 1457 2383 1528 Itaque
2418 1454 2626 1512 dicitur
2660 1473 2672 1509 :

2825 1582 3055 1640 CAPUT
3099 1584 3168 1641 II.

2266 1703 2436 1760 Vsus.
2469 1703 2522 1759 2.
2546 1733 2617 1743 —
2648 1701 2776 1768 Quis
2805 1707 2878 1756 est
2908 1702 3002 1757 iste
3031 1702 3301 1757 involvens
3343 1705 3627 1760 sententias
3675 1721 3799 1760 ser-

2193 1793 2430 1847 monibus
2461 1790 2760 1863 imperitis?

2265 1883 2349 1938 11.
2385 1884 2532 1939 Recte
2561 1880 2831 1936 sentientes
2877 1885 2936 1934 at
2961 1880 3183 1951 superbe
3213 1881 3476 1954 loquentes
3507 1884 3798 1956 reproban-

2188 1982 2294 2031 tur.
2318 1975 2508 2031 Prima
2535 1974 2707 2044 angeli
2737 1973 2966 2028 stultitia
2991 1973 3150 2028 elatio
3164 1973 3292 2044 fuit.
3320 2007 3391 2017 —
3419 1975 3575 2033 Sicut
3603 1985 3662 2032 et
3693 1992 3797 2032 su-

2186 2069 2385 2140 periori
2407 2075 2558 2139 parte
2576 2064 2690 2137 jam
2710 2065 2974 2133 diximus,
2999 2066 3178 2138 prima
3193 2068 3548 2140 exprobratio
3569 2080 3655 2127 est
3672 2071 3796 2128 talis

2186 2156 2562 2230 interrogatio,
2593 2173 2702 2230 qua
2747 2155 2955 2214 dicitur
2989 2177 3001 2214 :
3035 2159 3180 2219 897
3213 2157 3345 2224 Quis
3381 2165 3455 2214 est
3483 2161 3578 2215 iste
3598 2162 3629 2216 ?
3666 2161 3797 2218 Eliu

2185 2258 2332 2315 enim
2361 2270 2678 2334 arroganter
2691 2263 2909 2321 locutus
2939 2264 3136 2321 fuerat.
3168 2265 3240 2320 Et
3261 2263 3386 2336 quis
3408 2270 3491 2318 est
3517 2259 3660 2317 iste?
3686 2275 3794 2316 non

2183 2347 2422 2407 dicimus
2449 2351 2556 2408 nisi
2582 2351 2649 2408 de
2677 2369 2743 2408 eo
2771 2354 2965 2427 utique
2985 2371 3146 2426 quem
3178 2352 3476 2410 nescimus.
3509 2350 3667 2408 Scire
3687 2365 3795 2406 au-

2183 2449 2292 2497 tem
2345 2441 2444 2497 Dei
2499 2441 2800 2514 approbare
2843 2452 2944 2512 est,
2986 2444 3197 2500 nescire
3255 2441 3568 2515 reprobare.
3634 2439 3792 2498 Unde

2180 2530 2511 2604 quibusdam
2532 2549 2669 2606 quos
2700 2533 2951 2606 reprobat
2982 2533 3119 2592 dicit
3154 2551 3165 2589 :
3200 2533 3386 2592 Nescio
3414 2549 3506 2588 vos
3535 2531 3682 2587 unde
3718 2532 3791 2586 si-

2181 2628 2277 2694 tis;
2310 2627 2554 2683 discedite
2581 2646 2614 2682 a
2644 2645 2742 2697 me,
2781 2630 2982 2684 omnes6
3013 2628 3250 2700 operarii
3295 2626 3597 2699 iniquitatis
3632 2625 3786 2696 (Luc.

2178 2738 2304 2790 xm,
2323 2720 2414 2789 25,
2443 2721 2558 2793 27).
2591 2721 2738 2788 Quid
2771 2729 2852 2777 est
2881 2737 3009 2794 ergo
3052 2720 3120 2776 de
3149 2719 3256 2776 hoc
3283 2728 3572 2792 arrogante
3602 2718 3788 2791 requi-

2178 2826 2294 2866 rere
2326 2811 2455 2878 Quis
2485 2817 2559 2866 est
2573 2812 2710 2866 iste?
2733 2811 2841 2866 nisi
2871 2819 3053 2882 aperte
3086 2808 3306 2866 dicere:
3330 2809 3447 2881 Ego
3467 2815 3789 2880 arrogantes

2175 2905 2380 2973 nescio,
2410 2903 2466 2959 id
2495 2911 2577 2959 est
2611 2920 2799 2960 eorum
2830 2904 3002 2960 vitam
3051 2902 3110 2958 in
3140 2901 3424 2974 sapientia
3474 2915 3609 2956 mea
3665 2914 3787 2955 arce

2175 3009 2286 3048 non
2317 2992 2560 3066 approbo
2579 2993 2606 3049 ?
2627 2993 2768 3061 Quia
2783 2992 2915 3048 dum
2934 2991 3193 3049 laudibus
3209 2990 3470 3048 humanis
3489 2988 3785 3057 inﬂantur,

2171 3102 2203 3140 a
2229 3101 2357 3141 vera
2383 3085 2558 3156 gloria
2585 3094 2800 3140 aterna
2830 3083 3210 3141 retributionis
3236 3083 3582 3138 inanescunt.
3607 3081 3679 3138 In
3725 3096 3786 3136 eo

2173 3190 2302 3230 vero
2331 3173 2478 3247 quod
2506 3174 2604 3242 ait,
2638 3175 2948 3243 Sententias,
2981 3183 3035 3230 et
3055 3190 3168 3230 non
3196 3171 3414 3230 addidit
3442 3171 3663 3245 quales,
3693 3169 3785 3226 bo-

2173 3280 2271 3338 nas
2300 3264 2491 3336 utique
2521 3265 2842 3336 accipimus,
2874 3281 3010 3338 quas
3037 3262 3260 3338 quidem
3293 3260 3566 3336 imperitis
3583 3260 3784 3317 asserit

2173 3353 2520 3410 sermonibus
2576 3356 2876 3424 involutas,
2926 3355 3057 3428 quia
3099 3371 3227 3412 cum
3275 3351 3460 3408 verbis
3495 3349 3781 3422 jactantia

2172 3444 2392 3500 fuerant
2421 3444 2665 3516 prolata.
2697 3444 2992 3516 [inperitia
3008 3444 3211 3518 quippe
3230 3442 3436 3499 vitium
3452 3448 3536 3497 est
3563 3450 3779 3496 rectum

2172 3549 2286 3588 non
2315 3541 2458 3590 recte
2488 3550 2692 3606 sapere,
2726 3534 2783 3591 id
2811 3543 2894 3590 est
2939 3535 3159 3591 caleste
3207 3533 3412 3589 donum
3451 3529 3521 3586 ad
3548 3529 3781 3602 appeti-

2171 3633 2289 3680 tum
2328 3632 2556 3681 terrenae
2588 3626 2766 3682 laudis
2800 3626 3087 3683 inclinare.
3122 3624 3278 3683 Sicut
3299 3624 3446 3681 enim
3476 3638 3618 3695 sape
3651 3638 3778 3679 con-

2170 3713 2334 3786 tingit
2363 3722 2424 3770 ut
2452 3723 2506 3770 et
2535 3715 2676 3772 bona
2702 3717 2844 3772 male
2873 3723 2927 3772 et
2955 3716 3101 3772 mala
3126 3715 3267 3772 bene
3295 3712 3675 3786 proferantur,
3705 3712 3776 3767 ita

2169 3804 2299 3860 Elin
2318 3821 2577 3876 arrogans
2606 3814 2756 3863 recta
2781 3821 2894 3862 non
2922 3815 3069 3862 recte
3096 3803 3350 3878 protulit,
3379 3803 3511 3876 quia
3529 3801 3776 3858 humiles

2168 3892 2225 3948 in
2255 3894 2353 3949 Dei
2383 3894 2702 3950 defensione
2747 3893 3049 3952 sententias
3093 3911 3208 3950 non
3259 3892 3552 3949 humiliter
3597 3891 3769 3948 dixit.

2169 3983 2322 4042 Unde
2359 3992 2412 4040 et
2431 3999 2620 4039 eorum
2643 3984 2741 4057 qui
2769 3984 2917 4040 intra
2939 3983 3272 4042 catholicam
3285 3979 3590 4038 Ecclesiam
3614 3978 3768 4036 inani

2166 4074 2353 4147 gloria
2378 4074 2624 4145 student,
2644 4091 2753 4131 non
2785 4074 3271 4147 immeritotypum
3297 4077 3454 4128 tenet
3476 4088 3489 4128 :
3513 4069 3610 4144 qui
3632 4069 3765 4126 dum

2164 4183 2220 4223 se
2250 4183 2359 4239 pra
2388 4167 2600 4224 caeteris
2655 4166 2860 4240 peritos
2902 4164 3156 4234 credunt,
3199 4163 3393 4220 divino
3434 4159 3655 4234 judicio
3701 4159 3766 4216 de

2163 4255 2440 4328 imperitia
2463 4256 2889 4330 redarguuntur,
2910 4255 3042 4330 quia
3069 4255 3214 4313 sicut
3241 4253 3541 4326 Apostolus
3561 4251 3641 4307 ait
3671 4268 3683 4305 :
3710 4250 3767 4306 Si

2162 4349 2282 4420 quis
2297 4366 2350 4404 se
2369 4349 2637 4404 existimat
2664 4349 2797 4404 scire
2822 4347 3050 4420 aliquid,
3074 4346 3309 4402 nondum
3327 4344 3764 4417 cognovit,un-

2159 4440 2446 4495 admodum
2473 4443 2712 4512 oporteat
2764 4455 2882 4495 eum
2927 4439 3062 4493 scire
3091 4437 3152 4510 (Ι
3179 4436 3304 4494 Cor.
3337 4453 3462 4504 vm,
3505 4433 3588 4507 2).
3620 4433 3762 4501 Quia

2157 4531 2306 4587 enim
2339 4530 2515 4604 prima
2544 4529 2784 4586 stultitia
2832 4528 3030 4602 Angeli
3061 4528 3227 4584 elatio
3256 4525 3440 4585 cordis
3468 4525 3599 4594 fuit,
3631 4539 3758 4580 vera

2156 4619 2422 4693 sapientia
2450 4619 2687 4677 efﬁcitur
2713 4619 2960 4676 hominis
2985 4617 3274 4675 humilitas
3300 4633 3413 4675 sua
3441 4614 3754 4672 astimatio—

2155 4711 2260 4767 nis.
2293 4710 2469 4778 Quam
2499 4710 2749 4784 quisquis
2779 4713 2866 4766 vel
2897 4725 3092 4782 magna
3134 4706 3398 4781 sapiendo
3427 4705 3652 4775 deserit,
3690 4719 3752 4762 eo

2154 4801 2272 4874 ipso
2319 4803 2672 4858 vehementer
2717 4800 2938 4874 desipit,
2987 4816 3097 4874 quo
3145 4799 3501 4872 semetipsum
3553 4796 3747 4854 nescit.

2153 4891 2306 4948 Unde
2336 4892 2464 4948 Elin
2495 4899 2548 4947 et
2577 4891 2876 4948 sententias
2905 4890 3138 4963 protulit
3165 4897 3219 4946 et
3246 4887 3522 4962 imperitis
3548 4901 3749 4944 sermo-

2152 4981 2321 5038 nibus
2348 4981 2648 5051 involutas,
2682 4981 2813 5056 quia
2840 4990 2895 5039 et
2921 4981 2989 5038 de
3017 4982 3132 5038 Deo
3161 4988 3373 5038 rectum
3412 4975 3560 5053 quod
3588 4975 3748 5033 dice-

2149 5081 2234 5128 ret
2259 5080 2508 5142 noverat,
2538 5081 2591 5129 et
2610 5080 2792 5130 tamen
2817 5071 2884 5128 de
2907 5073 3202 5144 semetipso
3221 5070 3371 5127 dicta
3397 5068 3552 5126 illius
3581 5065 3744 5124 elatio

2147 5162 2315 5219 stulta
2344 5164 2364 5198 ⁷
2392 5163 2716 5220 infatuabat.
2750 5162 2865 5219 Hoc
2883 5162 3068 5236 itaque
3095 5160 3372 5234 despecto,
3391 5156 3462 5214 ad
3493 5155 3740 5214 erudien-

2144 5253 2276 5312 dum
2305 5253 2408 5312 Job
2436 5254 2603 5312 verba
2630 5262 2922 5311 vertuntur
2952 5269 2968 5311 :

2214 5460 2235 5494 ⁵
2266 5456 2488 5516 Ebroic.
2519 5467 2573 5515 et
2602 5459 2673 5516 al.
2704 5459 2918 5528 Norm.,
2945 5459 3005 5516 in
3032 5461 3310 5518 turbinem.

2213 5532 2235 5606 ξ
2261 5530 2461 5606 Pratel.
2493 5530 2837 5606 et_Yind9_c_.,
2856 5532 2960 5606 qui
2987 5535 3282 5606 operamini
3310 5534 3661 5606 iniquitatem.

2214 5604 2234 5638 ⁷
2266 5601 2490 5677 Pratel.,
2525 5602 2695 5677 Uti_c.,
2726 5601 2964 5677 Vindoc.
3005 5601 3058 5661 ét
3102 5604 3263 5661 Corb.
3302 5601 3511 5675 Germ,
3543 5606 3733 5677 fatua-

2143 5675 2250 5731 bat.
2283 5673 2561 5742 Laudun.,
2593 5673 2850 5743 fatuebat.
