3920 6380
156 329 261 386 1.33

644 454 871 513 CAPUT
899 458 975 514 ΙΙΙ
1009 456 1152 531 [Rec.
1178 461 1209 515 Ι
1218 459 1304 532 Vj.

229 544 408 601 Vens.
441 543 797 617 3.—Accinge
834 546 967 601 sicut
1004 548 1087 601 vir
1117 549 1317 604 lumbos
1347 554 1482 604 tuos.

231 634 321 690 12.
371 633 676 690 Coercenda
708 641 782 689 est
827 637 1048 692 luxuria
1096 656 1202 693 non
1245 641 1418 695 solum
1455 639 1654 707 carnis,
1686 639 1774 695 sed

153 725 317 780 etiam
364 725 495 780 elati
541 726 734 780 cordis.
758 757 828 767 —
857 726 1141 800 Scriptura
1187 746 1341 785 sacra
1385 730 1534 785 viros
1578 747 1772 786 vocare

154 814 457 871 consuevit
485 815 583 887 qui
613 815 879 872 nimirum
911 819 1030 874 vias
1059 820 1283 875 Domini
1313 820 1551 876 fortibus
1578 828 1632 876 et
1659 836 1770 875 non

154 904 455 963 dissolutis
474 905 755 977 gressibus
784 917 1110 980 sequuntur.
1136 910 1290 966 Unde
1311 926 1407 983 per
1426 912 1770 967 Psalmistam

153 994 415 1051 dicitur:
465 996 706 1054 Viriliter
741 998 896 1069 agite,
946 1007 994 1054 et
1037 1000 1365 1071 con/orietur
1406 1020 1497 1056 cor
1546 1009 1771 1058 vestrum

157 1085 343 1151 (Psal.
376 1101 516 1153 xxx,
550 1086 666 1159 25).
702 1086 855 1143 Unde
884 1088 1087 1145 Paulus
1123 1090 1238 1146 ait:
1273 1090 1537 1147 Remissas
1583 1109 1773 1147 manus

153 1182 206 1230 et
260 1176 525 1232 dissoluta
580 1195 750 1248 genua
804 1179 985 1251 erigite
1029 1182 1219 1251 (Hebr.
1246 1199 1348 1250 x11,
1386 1182 1496 1254 12).
1532 1182 1685 1238 Unde
1719 1190 1772 1237 et

153 1265 449 1337 Sapientia
469 1266 528 1321 in
548 1266 864 1323 Proverbiis
888 1286 899 1323 :
928 1270 972 1325 0
991 1270 1202 1336 v-iri,ad
1228 1290 1317 1330 vos
1346 1274 1555 1328 clamito
1580 1272 1766 1345 (Prov.

154 1372 289 1423 vm,
319 1355 402 1428 4).
435 1358 517 1413 Ac
554 1356 601 1413 si
630 1364 815 1430 aperte
844 1356 1088 1415 diceret:
1120 1359 1237 1431 Ego
1269 1378 1380 1417 non
1409 1362 1653 1430 feminis,
1677 1361 1771 1418 sed

156 1443 304 1498 viris
331 1443 551 1516 loquor,
569 1446 699 1518 quia
718 1445 777 1501 hi
808 1446 904 1518 qui
933 1445 1086 1502 ﬂuxa
1107 1456 1288 1503 mente
1316 1457 1445 1505 sunt
1466 1467 1585 1507 mea
1608 1449 1772 1505 verba

156 1535 449 1605 percipere
467 1552 812 1610 nequaquam
833 1546 1078 1610 possunt.
1090 1539 1331 1596 Lumbos
1345 1557 1475 1597 vero
1489 1543 1771 1613 accingere

156 1631 244 1678 est
276 1624 366 1679 vel
398 1625 456 1679 in
486 1642 650 1697 opere
682 1627 962 1683 luxuriam
997 1630 1011 1663 ¹
1043 1630 1131 1685 vel
1164 1630 1221 1685 in
1248 1630 1579 1703 cogitatione
1608 1632 1774 1687 refre-

154 1730 318 1770 nare.
349 1715 653 1771 Delectatio
684 1733 919 1790 namque
948 1720 1131 1774 carnis
1163 1720 1221 1774 in
1252 1720 1457 1776 lumbis
1485 1731 1584 1778 est.
1617 1721 1772 1777 Unde

836 333 1207 390 MOHALIUM
1249 335 1378 390 LIB.
1425 333 1679 390 XXVIII.
1726 364 1794 375 --
1842 333 1910 389 ΙΝ
1950 334 2180 391 CAPUT
2249 338 2544 395 XXXVIII
2584 339 2644 395 B.
2683 340 2825 396 .IOB.

3395 342 3500 400 454

1800 463 1851 520 Α
1878 456 1982 511 Job
2012 465 2066 512 et
2111 458 2376 515 laudatur
2403 462 2750 519 attestatione
2773 462 3000 535 judicis,
3036 469 3055 501 ³
3087 476 3142 524 et
3166 475 3349 524 tamen
3381 470 3499 527 icti-

1883 546 1986 602 bus
2025 548 2365 604 conceditur
2419 552 2755 621 percussoris
2790 554 2916 623 (Job
2950 572 3010 623 ιι,
3056 556 3110 625 3,
3150 557 3229 629 7),
3272 564 3333 614 ut
3380 558 3501 631 ejus

1882 636 2159 707 patientia
2199 644 2352 692 tanto
2398 639 2587 695 verius
2631 640 2953 698 claresceret
2994 653 3198 717 quanto
3232 647 3499 720 inquisita

1883 724 2076 782 durius
2101 726 2314 783 fuisset.
2342 728 2727 801 Praecipiendo
2757 738 2940 787 autem
2970 732 3110 788 dura
3136 751 3236 790 nos
3265 737 3496 793 interro-

1881 823 1989 886 gat,
2038 817 2181 872 sicut
2206 818 2482 873 Abraham
2531 826 2733 874 terram
2776 838 2934 876 suam
2970 819 3203 893 jubetur
3231 825 3414 895 egredi
3442 834 3498 881 et

1883 920 2101 977 pergere
2142 924 2250 979 quo
2292 907 2567 964 nesciebat
2615 910 2829 981 (Genes.
2866 927 2982 979 xn,
3016 912 3096 983 1),
3147 912 3206 967 in
3250 921 3493 971 montem

1882 994 2109 1051 unicum
2142 996 2319 1052 filium
2364 998 2586 1065 ducere,
2633 1007 2686 1054 et
2734 1015 2900 1071 quem
2946 998 3016 1055 ad
3061 1000 3494 1059 consolationem

1883 1086 1903 1119 ⁴
1935 1102 2104 1142 senex
2132 1097 2415 1159 acceperat
2446 1090 2733 1145 immolare
2753 1091 2970 1160 (Genes.
2994 1108 3139 1160 xxn,
3170 1094 3249 1163 2).
3274 1093 3377 1150 Cui
3406 1096 3493 1150 ni-

1882 1175 2087 1231 mirum
2118 1177 2186 1232 ad
2216 1178 2706 1249 interrogationem
2745 1179 2883 1236 bene
2915 1181 3300 1253 respondenti,
3334 1182 3393 1239 id
3415 1192 3496 1239 est

1881 1264 1947 1320 ad
1982 1264 2289 1337 jussionem
2334 1267 2615 1323 obedienti
2648 1269 2892 1325 dicitur:
2927 1271 3081 1327 Nunc
3115 1272 3334 1343 cognovi
3365 1274 3493 1343 quia

1883 1356 2028 1410 times
2056 1357 2223 1411 Deum
2252 1358 2447 1429 (Ibid,
2476 1358 2588 1431 l2).
2618 1358 2721 1416 Vel
2750 1359 2896 1416 sicut
2924 1361 3191 1433 scriptum
3216 1369 3332 1418 est:
3368 1364 3494 1419 Ten-

1884 1448 1961 1497 tat
1997 1461 2085 1498 vos
2116 1446 2376 1501 Dominus
2404 1446 2547 1501 Deus
2578 1454 2764 1514 vester,
2795 1456 2853 1504 ut
2889 1451 3022 1505 sciat
3048 1451 3097 1505 si
3124 1450 3348 1521 diligitis
3376 1470 3492 1508 eum

1884 1532 2064 1604 (Deut.
2098 1551 2222 1603 xm,
2253 1535 2333 1606 3).
2379 1536 2612 1593 Tentare
2643 1538 2844 1611 quippe
2871 1540 2974 1596 Dei
3003 1548 3084 1596 est
3133 1542 3347 1612 magnis
3391 1559 3494 1598 nos

1875 1619 2223 1691 jussionibus
2253 1624 2611 1697 interrogare.
2645 1627 2796 1684 Scire
2829 1644 3046 1702 quoque
3085 1627 3203 1699 ejus
3250 1639 3331 1687 est
3377 1647 3491 1688 no-

1882 1725 2050 1771 stram
2095 1717 2469 1774 obedientiam
2517 1737 2677 1775 nosse
2726 1738 2829 1777 nos
2876 1723 3073 1778 facere.
3123 1721 3267 1795 [Vet.
3310 1723 3489 1797 VIII.]

155 1812 214 1859 et
255 1805 466 1861 sanctis
497 1805 954 1875 praedicatoribus
987 1808 1228 1864 dicitur:
1264 1810 1382 1866 Sint
1421 1811 1583 1866 lumbi
1616 1811 1772 1866 vestri
1804 1828 1850 1887 Β
1883 1805 2196 1875 Aperiendo
2214 1823 2346 1862 vero
2367 1808 2527 1863 nobis
2549 1810 3001 1883 quedam,atque
3023 1810 3333 1867 claudendo
3348 1828 3492 1884 quae-

147 1893 473 1965 prwcincti,
517 1902 566 1950 et
617 1897 841 1951 lucerna:
886 1898 1132 1953 ardentes
1174 1900 1333 1970 (Luc.
1370 1917 1474 1968 xu,
1515 1900 1629 1971 35).
1672 1902 1773 1957 Per

154 1982 384 2040 lumbos
412 1984 563 2041 enim
593 1985 838 2055 luxuria,
872 2003 968 2058 per
998 1987 1252 2044 lucernas
1284 1996 1465 2044 autem
1498 1988 1770 2046 bonorum

155 2088 395 2145 operum
424 2074 647 2130 claritas
690 2074 1031 2147 designatur.
1072 2076 1345 2133 Jubentur
1384 2094 1512 2150 ergo
1555 2078 1771 2134 lumbos

153 2161 465 2234 accingere,
499 2173 553 2220 et
582 2164 833 2221 lucernas
859 2173 1066 2221 tenere.
1101 2167 1182 2223 Ac
1213 2169 1258 2223 si
1286 2175 1471 2240 aperte
1500 2168 1731 2224 audiant
1755 2187 1766 2225 :

155 2251 322 2307 Prius
362 2252 420 2307 in
443 2252 854 2326 vobismetipsis
886 2256 1173 2313 luxuriam
1208 2257 1541 2329 restringite,
1564 2266 1617 2314 et
1642 2265 1770 2316 tunc

154 2341 224 2397 de
250 2342 416 2399 vobis
445 2344 569 2399 aliis
597 2343 869 2401 bonorum
900 2363 1128 2419 operum
1162 2348 1418 2420 exempla
1447 2356 1765 2404 monstrate.

154 2433 297 2491 Sede
326 2428 711 2494 cum'beatum
745 2438 846 2494 Job
874 2446 1028 2495 tanta
1056 2440 1350 2511 praeditum
1382 2440 1631 2495 castitate
1660 2458 1772 2497 no—

157 2525 433 2595 verimus,
478 2543 579 2583 cur
606 2527 656 2583 ei
698 2536 821 2600 post
867 2536 948 2585 tot
998 2527 1214 2600 ﬂagella
1247 2528 1501 2585 dicitur:
1548 2530 1771 2601 Accinge

154 2618 295 2671 sicut
334 2616 425 2671 vir
458 2617 657 2673 lumbos
698 2624 833 2683 tuos,
886 2617 941 2673 id
971 2626 1073 2687 est,
1112 2619 1255 2674 sicut
1301 2618 1461 2674 fortis
1503 2620 1769 2690 restringe

156 2706 469 2773 luxuriam,
501 2706 609 2761 nisi
642 2708 771 2778 quia
801 2706 910 2761 alia
938 2715 1019 2762 est
1052 2707 1276 2762 luxuria
1309 2708 1492 2763 carnis
1522 2724 1628 2780 qua
1670 2725 1770 2764 ca-

153 2798 405 2853 stitatem
436 2798 868 2869 corrumpimus,
917 2798 1025 2853 alia
1059 2814 1190 2852 vero
1225 2798 1449 2853 luxuria
1476 2799 1659 2855 cordis
1688 2807 1770 2854 est

154 2903 263 2960 qua
281 2885 350 2942 de
382 2887 638 2943 castitate
668 2888 1014 2959 gloriamur?
1032 2887 1250 2942 Dicitur
1278 2902 1407 2959 ergo
1424 2888 1476 2942 ei
1505 2906 1516 2943 :
1548 2889 1769 2958 Accinge

154 2986 293 3039 sicut
337 2984 427 3038 vir
464 2984 664 3039 lumbos
709 2990 845 3049 tuos,
880 2990 942 3039 ut
974 2984 1068 3057 qui
1109 2981 1254 3039 898
1296 2985 1449 3056 prius
1484 2984 1764 3040 luxuriam

152 3074 536 3146 corruptionis
564 3074 790 3141 vicerat,
822 3090 972 3130 nunc
1004 3074 1282 3129 luxuriam
1322 3074 1616 3145 restringat
1644 3074 1767 3131 ela-

151 3162 350 3230 tionis,
378 3178 446 3217 ne
475 3162 542 3217 de
572 3163 837 3234 patientia
859 3162 945 3217 vel
966 3164 1216 3218 castitate
1245 3162 1587 3235 superbiens,
1609 3170 1763 3219 tanto

151 3250 314 3322 pejus
360 3251 514 3306 intus
559 3258 686 3307 ante
732 3251 832 3307 Dei
876 3253 1065 3309 oculos
1113 3252 1432 3308 luxuriosus
1479 3253 1758 3320 existeret,

152 3347 366 3413 quanto
396 3340 570 3412 magis
593 3348 719 3395 ante
749 3341 940 3397 oculos
968 3339 1263 3397 hominum
1285 3349 1338 3397 et
1367 3342 1579 3413 patiens
1601 3352 1655 3398 et
1676 3358 1759 3397 ca-

152 3438 272 3485 stus
302 3439 611 3502 appareret.
636 3429 790 3485 Unde
820 3430 957 3486 bene
990 3447 1085 3501 per
1113 3431 1340 3503 Moysen
1368 3431 1604 3488 dicitur:
1644 3433 1761 3489 Cir-

151 3519 433 3574 cumcidite
456 3520 725 3591 praeputia
752 3521 927 3575 cordis
955 3520 1115 3574 vestri
1142 3521 1328 3589 (Deut.
1354 3537 1412 3589 x,
1439 3521 1550 3593 l6),
1580 3519 1636 3575 id
1656 3528 1758 3590 est,

152 3619 449 3684 postquam
494 3611 775 3665 luxuriam
825 3627 856 3665 a
896 3627 1059 3667 carne
1103 3612 1481 3683 exstinguitis,
1530 3612 1550 3645 ²
1594 3611 1758 3667 etiam

152 3700 437 3775 superﬂua
467 3700 865 3773 cogitationum
907 3710 1165 3758 resecate.
1208 3702 1503 3775 Sequitur:

624 3788 852 3845 CAPUT
889 3790 964 3847 1v
1012 3789 1156 3863 [Rec.
1198 3791 1284 3864 V].

228 3879 373 3934 IBID.
393 3908 465 3919 —
484 3879 833 3950 Interrogabo
866 3885 929 3948 te,
968 3886 1015 3934 et
1041 3881 1298 3950 responde
1325 3879 1473 3935 mihi.

230 3966 320 4023 13.
354 3967 548 4024 Tribus
572 3969 745 4024 modis
771 3985 868 4024 nos
894 3968 1186 4041 interrogat
1204 3970 1381 4025 Deus:
1410 3969 1762 4040 ﬂagellaudo;

152 4058 303 4113 dura
329 4058 686 4129 praeripiendo
702 4077 721 4125 ;
751 4059 937 4131 aliqua
964 4060 1114 4114 nobis
1142 4060 1523 4115 abscondendo.
1542 4060 1761 4117 —Tri-

152 4149 263 4205 bus
302 4147 483 4205 modis
511 4165 612 4205 nos
651 4149 907 4207 conditor
940 4158 1126 4207 noster
1155 4150 1492 4223 interrogare
1521 4167 1763 4208 consue-

153 4237 263 4305 vit,
313 4254 442 4294 cum
489 4245 585 4293 aut
627 4237 828 4311 ﬂagelli
878 4239 1224 4296 districtione
1272 4256 1373 4295 nos
1420 4241 1678 4312 percutit,
1709 4248 1762 4297 et

154 4334 367 4400 quanta
394 4326 556 4383 nobis
585 4327 739 4396 insit,
768 4329 856 4383 vel
888 4327 1031 4383 desit
1067 4330 1333 4401 patientia
1360 4329 1602 4385 ostendit
1626 4347 1637 4383 :
1669 4338 1762 4386 aut

154 4416 413 4487 quaedam
444 4432 565 4489 quae
603 4417 864 4473 nolumus
894 4419 1161 4491 praecipit,
1216 4427 1270 4475 et
1317 4428 1559 4475 nostram
1604 4419 1762 4476 nobis

155 4504 536 4562 obedientiam
559 4507 647 4561 vel
672 4506 1105 4564 inobedientiam
1131 4510 1421 4581 patefacit;
1456 4517 1551 4565 aut
1580 4509 1764 4582 aliqua

155 4592 326 4649 nobis
351 4595 569 4650 occulta
605 4596 803 4667 aperit,
836 4603 891 4652 et
928 4597 1112 4669 aliqua
1152 4596 1463 4665 abscondit,
1504 4606 1559 4652 et
1606 4598 1766 4653 nobis

158 4698 479 4741 mensuram
523 4683 861 4741 humilitatis
909 4694 1113 4741 nostras
1162 4687 1480 4743 innotescit.
1526 4687 1766 4759 Flagello

155 4789 402 4847 namque
430 4774 732 4846 interrogat
759 4792 886 4831 cum
918 4783 1159 4831 mentem
1188 4776 1327 4833 bene
1364 4777 1470 4833 sibi
1501 4794 1596 4850 per
1622 4786 1769 4833 tran-

155 4864 495 4936 quillitatem
513 4863 791 4922 subditam
808 4864 1203 4922 aﬂlictionibus
1225 4868 1429 4940 pulsat,
1459 4868 1601 4925 sicut
1623 4867 1768 4924 idem

237 5102 253 5136 ¹
288 5099 457 5156 Gilot.
492 5105 546 5157 et
584 5099 842 5157 nonnulli
871 5098 1002 5167 Ed.,
1034 5099 1112 5155 vel
1152 5099 1207 5153 in
1249 5099 1562 5170 cogitatione
1592 5102 1768 5157 laudis

155 5172 453 5244 appetitum
481 5172 777 5244 refrenare.
812 5171 898 5227 Ah
928 5172 1031 5227 hac
1062 5171 1296 5227 lectione
1332 5172 1600 5229 abstinuit
1629 5174 1764 5230 Gus-

154 5244 388 5317 sanvil.,
422 5261 586 5317 quam
617 5252 799 5301 tamen
818 5316 821 5317 ν
840 5244 1209 5301 annotandam
1240 5244 1473 5299 curavit.

232 5316 256 5350 ³
292 5316 492 5372 Pratel.
540 5324 595 5372 et
640 5317 735 5371 alii
778 5316 991 5383 Norm.,
1023 5318 1347 5387 superﬂuam
1379 5316 1760 5386 cogitationem.

154 5389 241 5469 Ita
272 5396 493 5460 qucque
523 5388 687 5469 Cprb.
719 5387 992 5469 Germnet
1022 5386 1256 5469 Vindoc.
1287 5386 1361 5442 At
1383 5387 1442 5442 in
1472 5388 1642 5444 Laud.
1677 5390 1765 5444 le-

156 5461 312 5531 gitur
336 5476 347 5513 :
382 5461 676 5540 superﬂua,
706 5461 1018 5587 cogitatione
1042 5466 1289 5540 resecate..

296 5531 380 5586 Ita
422 5532 623 5613 melius
667 5532 725 5586 in
771 5530 1183 5613 ‘or‘b‘.hGerm.,
1222 5530 1763 5613 Vindocanratelz,

156 5602 331 5670 Utic.,
362 5618 578 5658 necnon
610 5604 665 5658 in
696 5608 807 5657 vet.
840 5600 991 5657 Edit.
1024 5602 1098 5657 At
1126 5603 1181 5658 in
1213 5603 1613 5660 recentioribus
1632 5603 1767 5662 Vul-

155 5673 301 5745 gatis
330 5673 503 5730 habes
531 5673 847 5730 conciditur.

154 5818 194 5871 Γ
228 5748 251 5780 ⁴
290 5745 523 5817 Legitur
549 5746 691 5801 senis
735 5762 835 5817 pro
862 5761 1017 5799 senex
1058 5745 1115 5801 in
1143 5746 1393 5805 Laudun.
1425 5755 1480 5804 et
1508 5746 1566 5803 in
1597 5746 1763 5831 Corb.

177 5833 347 5871 IBPHL

177 5833 347 5873 ierﬂL

1798 3195 1840 3255 C

1795 4562 1844 4620 D

1882 1892 2008 1949 dam
2039 1911 2140 1951 nos
2178 1894 2479 1968 interrogat
2508 1899 2673 1968 Deus,
2708 1900 2853 1955 sicut
2892 1916 2989 1971 per
3025 1900 3375 1957 Psalmistam
3409 1900 3491 1957 di-

1882 1984 2030 2040 citur
2049 2002 2060 2039 :
2086 1986 2364 2057 Palpebrte
2382 1987 2495 2056 ejus
2517 1988 2850 2060 interrogant
2866 1990 3008 2062 ﬁlios
3027 1991 3297 2047 hominum
3314 1991 3489 2064 (Psal.

1882 2088 1939 2141 x,
1983 2074 2063 2146 5).
2098 2075 2381 2146 Palpebris
2433 2078 2636 2151 quippe
2688 2080 2890 2151 apertis
2937 2079 3240 2149 cernimus,
3287 2081 3490 2137 clausis

1880 2160 2023 2216 nihil
2054 2163 2325 2220 videmus.
2361 2167 2380 2200 ⁵
2413 2166 2560 2233 Quid
2588 2183 2718 2239 ergo
2758 2168 3045 2240 palpebras
3076 2169 3197 2237 Dei,
3232 2169 3338 2225 nisi
3371 2169 3489 2241 ejus

1873 2248 2087 2322 judicia
2106 2254 2410 2326 accipimus
2428 2256 2456 2310 ‘l
2476 2255 2607 2323 Quae
2624 2255 2787 2328 juxta
2802 2257 3016 2331 aliquid
3036 2256 3373 2315 clauduntur
3392 2258 3488 2314 ho-

1880 2340 2215 2409 minibus,et
2240 2341 2402 2414 juxta
2423 2343 2636 2418 aliquid
2656 2354 2992 2415 reserantur,
3025 2353 3087 2403 ut
3114 2345 3371 2403 homines
3392 2348 3486 2421 qui

1880 2446 1935 2486 se
1964 2432 2221 2488 nesciunt
2251 2433 2612 2507 sibimetipsis
2653 2436 3020 2506 innotescant,
3053 2445 3323 2509 quatenus
3352 2437 3485 2494 dum

1880 2522 2131 2593 quaedam
2166 2524 2529 2596 intelligendo
2558 2526 3056 2598 comprehendunt,
3082 2527 3332 2600 quaedam
3354 2544 3487 2584 vero

1879 2627 2210 2681 cognoscere
2240 2613 2471 2669 omnino
2499 2630 2612 2669 non
2641 2623 2888 2687 possunt,
2935 2631 3126 2671 eorum
3157 2615 3323 2672 corda
3372 2633 3485 2671 sese

1879 2698 2112 2755 latenter
2146 2700 2450 2774 inquirant,
2484 2704 2529 2758 si
2570 2703 2695 2759 illos
2726 2704 2920 2761 divina
2942 2704 3155 2777 judicia
3183 2705 3270 2759 vel
3301 2705 3487 2762 clausa

1878 2801 1988 2839 non
2018 2787 2327 2857 stimulant,
2359 2790 2446 2846 vel
2478 2798 2665 2864 aperta
2694 2810 2804 2848 non
2834 2793 3047 2849 inﬂant.
3080 2794 3193 2851 Hac
3222 2795 3370 2850 enim
3403 2795 3482 2851 in-

1875 2874 2242 2945 terrogatione
2290 2877 2491 2933 Paulus
2540 2880 2801 2950 probatus
2848 2889 2950 2951 est,
2998 2883 3092 2954 qui
3133 2890 3256 2955 post
3287 2900 3486 2955 perce-

1876 2969 2024 3034 ptam
2056 2963 2330 3019 internam
2368 2967 2717 3037 sapientiam,
2749 2977 2873 3041 post
2905 2977 3091 3041 aperta
3126 2972 3364 3026 claustra
3392 2988 3482 3044 pa-

1875 3050 2065 3119 radisi,
2107 3060 2228 3124 post
2257 3069 2542 3110 ascensum
2575 3056 2725 3110 tertii
2755 3056 2904 3124 coeli,
2944 3064 3069 3127 post
3104 3073 3359 3128 supernae
3390 3059 3484 3114 lo-

1872 3141 2111 3198 cutionis
2140 3144 2423 3215 mysteria,
2444 3144 2625 3201 adhuc
2654 3146 2793 3202 dicit
2817 3166 2828 3203 :
2860 3148 2975 3219 Ego
3008 3165 3085 3202 me
3112 3165 3218 3203 non
3238 3149 3483 3204 arbitror

1871 3234 2316 3304 comprehendisse
2355 3235 2580 3308 (Philip.
2629 3255 2713 3307 m,
2753 3240 2865 3309 13).
2899 3241 2972 3295 Et
3015 3257 3272 3297 rursum:
3308 3243 3329 3276 ⁸
3362 3243 3478 3313 Ego

1872 3340 1988 3378 sum
2016 3325 2265 3380 minimus
2288 3329 2675 3397 apostolorum,
2692 3330 2785 3399 qui
2813 3347 2919 3384 non
2938 3347 3056 3385 sum
3084 3332 3275 3402 dignus
3294 3334 3479 3388 vocari

1872 3416 2142 3484 apostolus
2173 3414 2227 3487 (I
2259 3416 2383 3471 Cor.
2405 3432 2501 3485 xv,
2532 3418 2615 3489 9).
2646 3419 2718 3473 Et
2746 3435 3001 3475 rursum:
3036 3421 3157 3477 Non
3184 3421 3313 3491 quia
3344 3423 3481 3495 ευθε-

1872 3502 2057 3556 cientes
2074 3519 2257 3557 sumus
2284 3504 2494 3575 aliquid
2515 3507 2743 3578 cogitare
2763 3526 2798 3563 (ι
2820 3509 2988 3576 nobis,
3017 3509 3173 3579 quasi
3201 3526 3267 3564 ea:
3293 3510 3442 3565 nobis
3463 3528 3481 3573 ;

1872 3596 1961 3649 sed
1988 3596 2297 3668 suﬁicientia
2321 3604 2506 3653 nostra
2525 3616 2590 3653 ea:
2611 3599 2719 3654 Deo
2740 3606 2814 3654 est
2830 3601 2927 3671 (II
2944 3601 3071 3657 Cor.
3096 3618 3181 3670 m,
3207 3603 3287 3674 5).
3314 3605 3483 3675 Aper-

1874 3684 1945 3737 tis
1972 3699 2101 3755 ergo
2138 3684 2413 3757 palpebris
2441 3685 2542 3741 Dei
2575 3687 2943 3759 interrogatus
2973 3690 3176 3745 Paulus
3206 3696 3352 3747 recte
3381 3706 3479 3767 re-

1874 3774 2116 3845 spondit,
2139 3775 2234 3847 qui
2264 3782 2318 3829 et
2345 3792 2582 3848 superna
2602 3784 2812 3834 secreta
2838 3778 3044 3849 attigit,
3074 3786 3128 3836 et
3151 3786 3337 3836 tamen
3368 3781 3388 3815 ⁷
3422 3780 3481 3837 in

1873 3866 2187 3926 humilitate
2215 3870 2396 3927 cordis
2419 3872 2735 3929 sublimiter
2760 3875 2933 3930 stetit.
2956 3874 3061 3943 Qui
3093 3893 3316 3933 rursum
3347 3892 3479 3933 cum

1872 3968 2077 4015 secreta
2099 3959 2197 4014 Dei
2222 3957 2435 4030 judicia
2463 3960 2530 4016 de
2558 3962 2872 4032 repulsione
2894 3962 3214 4019 Iudaeorum
3244 3972 3299 4020 et
3335 3980 3479 4035 gen-

1872 4049 2014 4104 tium
2060 4048 2348 4105 vocatione
2391 4049 2709 4120 discuteret,
2757 4062 2919 4125 atque
2968 4052 3037 4108 ad
3082 4070 3146 4109 ea
3190 4055 3481 4126 pervenire

1874 4154 1985 4193 non
2012 4146 2214 4209 posset,
2244 4138 2399 4211 quasi
2426 4139 2627 4195 clausis
2657 4141 2756 4197 Dei
2787 4140 3066 4213 palpebris
3104 4142 3479 4215 interrogatus

1874 4242 1972 4291 est.
2006 4235 2027 4269 ⁸
2068 4234 2174 4291 Sed
2214 4243 2425 4292 rectum
2457 4236 2618 4293 valde
2661 4253 2987 4310 responsum
3030 4235 3176 4295 899
3216 4238 3481 4309 reddidit,

1874 4329 1968 4401 qui
1994 4332 2107 4386 Deo
2136 4346 2192 4386 se
2218 4332 2275 4386 in
2306 4331 2423 4403 ipsa
2441 4348 2540 4387 sua
2568 4332 2881 4403 ignorantia
2903 4334 3142 4390 scienter
3162 4333 3482 4402 inclinavit,

1873 4417 2097 4475 dicens:
2149 4421 2193 4476 0
2231 4420 2460 4476 altitudo
2500 4421 2816 4477 divitiarum
2851 4423 3125 4494 sapientiae
3168 4429 3217 4478 et
3256 4423 3487 4478 scientia:

1873 4510 1990 4577 Dei,
2014 4527 2174 4580 quam
2200 4511 2747 4581 incomprehensibilia
2776 4520 2901 4568 sunt
2918 4511 3132 4582 judicia
3163 4512 3301 4583 ejus,
3331 4520 3378 4567 et
3406 4513 3486 4567 in-

1874 4599 2196 4670 vestigabiles
2224 4599 2322 4655 vim
2350 4598 2503 4669 ejus!
2545 4601 2677 4668 Quis
2705 4602 2843 4657 enim
2871 4604 3114 4672 cognovit
3140 4620 3350 4658 sensum
3378 4602 3485 4658 Do-

1876 4686 2027 4754 mini,
2048 4694 2145 4743 aut
2162 4689 2281 4758 quis
2313 4688 2655 4745 consiliarius
2684 4689 2802 4760 ejus
2821 4690 2931 4761 fuit
2955 4689 3134 4763 (Rom.
3156 4708 3237 4761 x1,
3254 4690 3345 4759 33,
3361 4690 3479 4762 34).

1876 4776 2017 4832 Ecce
2045 4778 2193 4833 enim
2225 4777 2507 4834 absconsis
2534 4780 2815 4859 mysteriis
2848 4780 3006 4852 quasi
3047 4779 3249 4837 clausis
3286 4779 3487 4852 palpe-

1876 4866 1991 4923 bris
2016 4868 2313 4941 inquisitus
2328 4868 2532 4941 placita
2558 4885 2622 4927 ac
2653 4877 2801 4927 recta
2822 4869 3130 4943 respondit,
3160 4871 3258 4944 qui
3287 4871 3483 4927 secreti

1947 5104 1968 5137 ⁵
1992 5102 2145 5157 Editi
2162 5119 2288 5158 cum
2306 5102 2467 5159 Corb.
2500 5103 2709 5171 Germ.,
2740 5102 2871 5173 quid
2894 5120 3015 5173 ergo
3039 5117 3139 5173 per

1876 5173 2046 5228 Abest
2088 5192 2183 5243 per
2225 5191 2256 5228 a
2284 5175 2409 5229 Mss.
2458 5175 2629 5229 Laud.
2661 5182 2716 5229 et
2756 5175 2828 5230 al.
2868 5173 3157 5230 vetustiori

1874 5245 2121 5317 phrasim
2157 5245 2546 5319 Gregorianam
2566 5246 2753 5319 imagis
2783 5245 2944 5319 sapit.

1880 5389 1890 5399 .
1948 5318 2159 5444 δέξθεὲῗῑ
2187 5333 2276 5387 ego
2297 5333 2414 5372 sum
2442 5317 2691 5372 minimus
2717 5335 2806 5390 ap.
2845 5317 2862 5374 ξ
2894 5362 2907 5374 .
2946 5362 2957 5373 .
2994 5360 3005 5372 .
3044 5361 3055 5373 .
3083 5319 3267 5373 vocari
3294 5324 3472 5390 apost.

1880 5404 1935 5443 in
2029 5405 2085 5441 1n
2128 5404 2212 5443 oc.

1876 5404 1935 5443 1n
1983 5404 2212 5443 VlﬂOOC.

1947 5460 1966 5493 ⁷
1999 5460 2079 5514 Ita
2098 5460 2224 5514 Mss.
2251 5459 2493 5533 Ebroic.,
2522 5459 2745 5533 Pratel.,
2770 5461 3049 5533 Laudun.,
3072 5462 3236 5519 Corb.
3259 5462 3475 5533 Germ.,

1875 5537 2006 5607 e_tc.,
2036 5546 2250 5607 necnon
2273 5538 2381 5586 vet.
2414 5531 2518 5607 Edr
2550 5530 2719 5607 Paris.
2756 5532 2893 5588 1488
2911 5541 2968 5607 et
2998 5534 3234 5607 1495,_et
3255 5530 3480 5607 quidem

1876 5602 2383 5685 elegantiusqua'm,
2414 5603 2472 5656 in
2492 5603 2793 5685 bumilttate
2820 5605 2995 5660 cordis
3023 5602 3299 5664 humiliter
3319 5607 3484 5673 stetit,

1880 5672 2041 5755 quand.
2147 5672 2273 5755 aliis
2297 5673 2535 5755 Excusis
2550 5672 2793 5755 _]egitur.

1951 5747 1971 5778 κ
2012 5747 2167 5802 Alter
2195 5745 2446 5815 Ebroic.,
2478 5746 2567 5803 sed
2596 5752 2850 5803 secretum
2880 5747 3054 5806 valde.

3161 5102 3480 5229 palpebras.

3202 5190 3285 5229 us.
3324 5176 3476 5229 ouod

3202 5190 3285 5243 us,
3324 5176 3476 5249 quod
