3920 6376
438 331 546 387 455

1644 316 1894 374 SANC'I‘I
1933 314 2269 372 GREGORII
2305 310 2535 368 MAGNI

3657 297 3772 354 456

440 454 656 512 aditum
689 449 936 523 pulsans,
963 447 1095 521 quia
1120 462 1220 520 per
1244 444 1614 520 cognitionem
1643 442 1941 500 intromitti
1967 440 2039 497 ad
2069 441 2121 500 Α
2151 437 2487 510 designatur,
2510 451 2605 508 per
2622 432 2782 506 cujus
2801 429 3114 523 divinitatis
3147 427 3474 523 potentiam,
3498 423 3774 523 nutantia

441 541 707 600 interiora
745 556 856 596 non
887 537 1089 607 valuit,
1121 555 1216 611 per
1253 537 1654 596 confessionem
1683 541 1809 590 ante
1844 531 2042 604 januas

445 633 459 667 ¹
491 629 724 686 humilis
750 629 935 697 stetit;
973 636 1028 686 et
1067 627 1216 702 quod
1260 627 1411 684 intus
1440 623 1902 698 comprehendere
1929 636 2041 678 non

440 719 642 793 potuit,
675 719 810 776 foris
854 717 1105 776 timendo
1149 718 1415 776 laudavit.
1467 714 1621 774 Unde
1651 730 1798 770 nunc
1827 727 2044 786 quoque

439 811 633 869 beatus
659 809 763 866 Job
791 817 916 882 post
951 809 1442 881 interrogationem
1474 804 1720 862 verberis
1748 801 2046 860 discutitur

441 898 874 972 interrogatione
902 898 1193 966 sermonis,
1221 905 1284 954 ut
1305 912 1426 970 quae
1455 895 1568 951 sint
1595 909 1832 968 superna
1852 890 2046 950 consi-

443 991 626 1058 deret;
665 1005 788 1062 quat
817 989 952 1046 dum
985 988 1216 1044 minime
1248 985 1688 1059 comprehendit,
1719 983 1788 1041 ad
1817 980 2048 1039 semeti-

447 1098 606 1156 psum
635 1081 844 1146 redeat,
865 1087 921 1136 et
948 1097 1115 1154 quam
1143 1080 1217 1136 sit
1241 1079 1405 1152 juxta
1427 1078 1670 1135 nihilum
1700 1076 1759 1133 in
1788 1090 2048 1149 superno-

447 1189 573 1230 rum
601 1170 1018 1244 comparatione
1049 1177 1362 1243 cognoscat.
1394 1169 1601 1226 Audiat
1632 1167 1848 1241 itaque:
1881 1166 2050 1222 Inter-

447 1264 642 1336 rogabo
674 1269 740 1329 te,
769 1268 820 1318 et
851 1261 1109 1333 responde
1133 1259 1286 1318 mihi.
1321 1261 1403 1317 Ac
1437 1259 1485 1318 si
1523 1258 1766 1332 apertius
1795 1255 2047 1313 dicatur:

449 1353 648 1411 Verbis
671 1350 809 1408 meis
845 1349 918 1408 ad
964 1349 1228 1407 sublimia
1252 1348 1654 1408 consideranda
1681 1355 1736 1405 te
1765 1347 1969 1414 excito,
2000 1351 2054 1400 et

449 1441 583 1499 dum
611 1458 674 1499 ea
703 1457 824 1515 qua:
863 1456 1027 1514 super
1057 1447 1110 1496 te
1142 1447 1272 1497 sunt
1314 1439 1526 1496 nescire
1564 1447 1617 1496 te
1647 1436 1933 1512 perspicis,
1973 1433 2056 1489 ti-

450 1531 734 1604 bimetipsi
764 1539 818 1588 te
848 1531 1123 1586 notiorem
1157 1529 1350 1587 reddo.
1383 1529 1540 1585 Tunc
1578 1527 1727 1586 enim
1759 1523 1899 1582 mihi
1929 1537 2057 1579 vere

452 1621 770 1696 respondes,
801 1621 849 1679 si
878 1637 1000 1695 quae
1027 1620 1249 1694 ignoras
1277 1618 1566 1692 intelligis.
1597 1616 1857 1690 Sequitur
1881 1631 1892 1671 :

929 1737 1160 1796 CAPUT
1189 1737 1239 1795 v
1271 1735 1414 1810 (nec.
1465 1735 1582 1809 VI].

528 1854 704 1915 Vnus.
734 1853 862 1912 4-6.
885 1883 958 1897 —
993 1853 1094 1911 Ubi
1131 1869 1252 1909 eras
1293 1851 1506 1923 quando
1545 1849 1802 1923 ponebam
1851 1845 2064 1919 funda—

456 1954 632 2006 menta
662 1954 816 2004 terra
840 1949 868 2004 ?
921 1946 1105 2003 Indica
1151 1943 1300 2013 mihi,
1347 1944 1396 2000 si
1441 1943 1595 2000 habes
1641 1940 2059 2014 intelligentiam.

463 2038 594 2109 Quis
617 2038 800 2112 posuit
826 2053 1105 2094 mensuras
1145 2035 1280 2106 ejus,
1309 2033 1354 2089 si
1382 2033 1543 2101 nosti,
1574 2035 1655 2091 vel
1695 2032 1815 2105 quis
1855 2031 2065 2088 tetendit

461 2147 620 2203 super
648 2145 762 2186 eam
800 2127 992 2185 lineam
1019 2128 1047 2184 ἵ
1099 2126 1268 2198 Super
1295 2140 1399 2196 quo
1443 2123 1588 2182 bases
1630 2123 1780 2180 illius
1826 2121 2066 2177 solidata:

464 2227 590 2277 sunt
616 2222 644 2278 ?

539 2309 626 2366 14.
655 2309 764 2367 Per
797 2307 1147 2380 fundamenta
1183 2304 1435 2364 Ecclesia:
1467 2303 1695 2378 intelligi
1731 2305 1911 2361 debent
1942 2320 2067 2376 apo-

467 2400 588 2456 stoli
605 2417 626 2465 ;
657 2415 757 2470 per
782 2397 1208 2469 fundamentum,
1238 2398 1383 2452 solus
1415 2395 1765 2452 Christus.—
1783 2397 1925 2453 Ecce
1954 2411 2069 2452 om-

468 2492 560 2547 nia
580 2490 734 2564 quasi
761 2488 828 2546 de
856 2487 1054 2544 mundi
1079 2487 1293 2559 origine
1322 2485 1638 2543 narratione
1659 2485 1924 2544 historica
1943 2502 2072 2543 con-

469 2587 755 2636 texuntur.
805 2580 1046 2651 Repente
1086 2593 1218 2634 vero
1261 2575 1618 2649 subjungitur
1656 2575 1807 2650 quod
1856 2592 1968 2633 non
2005 2575 2073 2632 de

471 2668 690 2739 mundi,
710 2668 807 2726 sed
834 2669 902 2724 de
928 2666 1190 2726 Ecclesiae
1214 2667 1428 2724 dictum
1455 2665 1776 2724 conditione
1795 2665 2070 2724 videatur.

479 2760 615 2818 Nam
651 2758 856 2816 dicitur
881 2777 893 2816 :

549 2852 661 2908 Aut
688 2851 806 2922 quis
828 2849 1030 2906 dimisit
1060 2850 1289 2921 lapidem
1320 2851 1632 2922 angularem
1670 2849 1786 2920 ejus
1808 2852 1836 2907 ?

545 2941 648 2997 Per
677 2939 781 2996 hoc
807 2939 956 2996 enim
983 2939 1132 3012 quod
1166 2957 1280 2996 non
1310 2940 1370 2995 in
1401 2939 1596 2996 mundi
1625 2939 1841 3012 origine
1870 2937 2077 2996 factum

474 3039 575 3101 est,
597 3039 653 3087 et
683 3029 825 3086 illud
862 3031 1117 3102 superius
1143 3030 1476 3099 ostenditur,
1505 3031 1636 3103 quia
1655 3030 1722 3086 de
1749 3029 1944 3086 mundi
1973 3027 2080 3084 ori-

479 3125 604 3198 gine
620 3123 832 3180 dictum
864 3138 976 3178 non
995 3130 1099 3178 est.
1124 3121 1338 3179 Idcirco
1359 3138 1597 3196 namque
1628 3122 1793 3179 rebus
1822 3121 2001 3196 planis
2020 3135 2083 3176 ac

475 3191 792 3288 patentibus
819 3213 1056 3270 obscura
1085 3210 1339 3284 quaedam
1371 3227 1435 3269 ac
1471 3191 1695 3270 dissona
1732 3191 2082 3286 per—miscen-
2112 3191 2155 3252 Ο

476 3311 590 3369 tur,
620 3311 682 3358 ut
717 3318 815 3375 per
841 3301 949 3358 hoc
977 3300 1126 3374 quod
1155 3301 1223 3357 ab
1253 3301 1542 3360 intellectu
1571 3303 1770 3360 litterae
1807 3303 2082 3374 discrepat

478 3399 534 3448 et
561 3390 701 3448 illud
725 3390 1042 3464 inquiratur
1070 3390 1302 3464 mystice
1324 3391 1474 3464 quod
1506 3391 1720 3450 dictum
1743 3391 1908 3464 juxta
1937 3391 2082 3446 litte-

480 3496 599 3537 ram
638 3489 817 3538 sonat.
865 3481 1111 3554 Namque
1159 3481 1304 3538 sicut
1346 3483 1472 3539 aliis
1516 3484 1721 3557 apertis
1769 3481 1932 3538 rebus
1975 3480 2084 3536 alia

481 3570 665 3628 clausa
693 3571 1096 3644 cognoscimus,
1124 3572 1203 3628 ita
1231 3573 1358 3630 aliis
1387 3573 1592 3631 clausis
1619 3571 2012 3643 compellimur
2031 3579 2084 3627 et

481 3660 580 3718 illa
599 3661 786 3718 altiori
805 3660 1092 3719 intellectu
1110 3663 1330 3736 pulsare
1351 3679 1473 3736 quae
1497 3669 1685 3735 aperta
1705 3659 2082 3719 credebamus.

481 3749 641 3808 Dicat
667 3767 841 3822 ergo:
886 3751 982 3808 Ubi
1026 3769 1146 3807 eras
1183 3753 1398 3825 quando
1439 3752 1698 3824 ponebam
1739 3750 2086 3822 fundamenta

486 3842 686 3898 terra?
709 3838 730 3913 [
745 3841 849 3900 γει.
880 3839 1008 3916 ῙΧ.]
1039 3842 1102 3898 In
1131 3842 1418 3916 Scriptura
1447 3857 1602 3899 sacra
1625 3841 1761 3915 quid
1787 3840 1940 3898 aliud
1964 3840 2088 3897 fun-

485 3929 742 3987 damenta
766 3946 930 4004 quam
975 3931 1360 4004 praedicatores
1397 3931 1703 4005 accipimus
1724 3932 1752 3988 ‘l
1781 3931 1930 4000 Quos
1955 3930 2087 3988 dum

485 4020 691 4092 primos
732 4020 1006 4078 Dominus
1047 4020 1106 4078 in
1136 4029 1326 4080 sancta
1355 4021 1606 4079 Ecclesia
1634 4021 1841 4096 posuit,
1887 4027 2003 4077 tota
2031 4021 2090 4077 in

486 4113 566 4169 eis
592 4113 870 4186 sequentis
897 4112 1124 4173 fabricas
1151 4121 1433 4174 structura
1463 4114 1729 4171 surrexit.
1753 4111 1910 4170 Unde
1930 4121 1985 4170 et
2010 4130 2092 4170 sa-

487 4202 678 4260 cerdos
707 4220 836 4261 cum
872 4204 1292 4263 tabernaculum
1319 4203 1628 4279 ingreditur
1658 4205 1861 4278 (Exod.
1885 4221 2090 4277 xxvm,

492 4293 580 4366 17)
614 4291 906 4352 duodecim
955 4294 1164 4368 lapides
1211 4301 1430 4368 portare
1476 4293 1536 4349 in
1584 4301 1803 4366 pectore
1841 4293 2090 4367 jubetur,

487 4381 618 4456 quia
641 4382 902 4441 videlicet
931 4385 1286 4456 semetipsum
1316 4371 1416 4458 pro
1445 4382 1605 4440 nobis
1634 4383 1967 4442 sacriﬁcium
1999 4383 2094 4441 of-

491 4474 668 4532 ferens
695 4475 948 4547 pontifex
985 4481 1190 4545 noster,
1223 4473 1358 4532 dum
1401 4475 1571 4532 fortes
1618 4474 1677 4531 in
1709 4474 1828 4547 ipso
1862 4474 2094 4533 exordio

2149 525 2491 584 inﬁrmitatis
2520 532 2723 582 nostrai
2743 522 2912 581 corda
2937 521 3267 579 solidantur.
3301 517 3380 574 De
3409 533 3522 590 quo
3539 522 3598 572 et
3627 515 3774 572 Pau-

2150 617 2237 674 lus
2280 616 2404 673 ait:
2457 616 2879 673 Fundamentum
2923 612 3079 669 aliud
3122 626 3271 666 nemo
3318 611 3489 679 potest
3537 622 3771 678 ponere,

2147 715 2346 782 praeter
2372 707 2431 762 id
2466 707 2607 779 quod
2634 705 2864 778 positum
2891 710 2984 770 est,
3026 702 3167 774 quod
3213 706 3288 755 est
3333 696 3583 756 Christus
3612 698 3778 754 Iesus

2156 799 2214 871 (Ι
2241 800 2366 856 Cor.
2399 814 2485 866 ru,
2519 796 2631 869 11).
2674 797 2792 868 Ipse
2838 793 3041 868 quippe
3082 791 3514 848 fundamentum
3558 786 3780 844 funda—

2157 896 2469 945 mentorum
2497 893 2600 954 est,
2651 886 2786 960 quia
2827 893 2883 940 et
2924 884 3079 954 origo
3124 888 3205 937 est
3253 877 3669 947 inchoantium,
3721 885 3783 934 et

2155 985 2466 1044 constantia
2487 981 2634 1040 900
2657 982 3032 1038 robustorum.
3055 978 3196 1046 Quia
3215 976 3386 1047 igitur
3406 973 3783 1031 fundamenta

2158 1084 2344 1133 nostra
2381 1082 2511 1132 sunt
2549 1074 2608 1131 hi
2641 1073 2735 1148 qui
2777 1071 3135 1146 iniquitatum
3175 1074 3488 1123 nostrarum
3529 1063 3786 1138 pondera

2161 1173 2544 1240 portaverunt,
2579 1181 2647 1221 ne
2686 1163 2880 1220 beatus
2908 1159 3012 1217 Job
3049 1159 3110 1216 in
3139 1156 3454 1231 superbiam
3482 1153 3551 1212 de
3581 1153 3786 1210 virtu—

2163 1266 2279 1315 tum
2311 1275 2535 1315 suarum
2565 1257 2810 1330 potentia
2843 1253 3190 1322 sublevetur,
3240 1251 3301 1306 in
3344 1251 3462 1323 ipsa
3501 1247 3786 1306 dominici

2163 1351 2342 1424 prima
2371 1357 2524 1423 parte
2553 1349 2823 1406 sermonis
2861 1346 2928 1404 de
2976 1352 3298 1403 sanctorum
3347 1341 3784 1416 praedicatorum

2165 1439 2689 1498 commemoratione
2715 1436 3036 1506 discutitur,
3054 1442 3116 1491 ut
3143 1441 3354 1508 quanto
3385 1431 3514 1488 illos
3542 1429 3788 1487 admira-

2168 1531 2304 1586 biles
2333 1529 2521 1585 venire
2549 1528 2910 1600 conspiceret,
2944 1533 3097 1582 tanto
3140 1524 3200 1580 in
3243 1539 3437 1580 eorum
3487 1535 3786 1593 compara-

2167 1619 2319 1675 tione
2347 1617 2415 1674 de
2445 1635 2501 1674 se
2525 1618 2692 1674 vilius
2721 1617 3035 1673 aestimaret.
3058 1613 3218 1682 Quod
3246 1612 3456 1669 idcirco
3485 1626 3516 1666 a
3539 1607 3792 1667 Domino

2164 1709 2276 1782 jam
2308 1709 2462 1782 quasi
2493 1709 2832 1781 praeteritum
2863 1706 3218 1774 describitur,
3247 1703 3378 1778 quia
3407 1698 3686 1778 quidquid
3708 1699 3792 1755 fo-

2095 1815 2142 1876 Β
2171 1801 2246 1856 ris
2277 1800 2526 1855 futurum
2552 1807 2634 1855 est
2669 1799 2728 1855 in
2769 1814 2956 1870 opere,
2996 1797 3150 1852 intus
3183 1793 3299 1867 jam
3341 1793 3554 1850 factum
3595 1797 3681 1846 est
3733 1789 3792 1845 in

2172 1889 2670 1964 praedestinatione.
2706 1888 2922 1944 Dicitur
2951 1885 3138 1959 itaque
3163 1885 3215 1941 ei
3240 1902 3250 1941 :
3292 1883 3395 1942 Ubi
3421 1899 3546 1938 eras
3572 1881 3796 1952 quando

2169 1981 2426 2053 ponebam
2453 1979 2802 2050 fundamenta
2836 1985 2993 2033 terra:
3012 1980 3040 2034 ?
3065 1977 3146 2032 Ac
3174 1974 3223 2032 si
3259 1981 3444 2048 aperte
3474 1973 3793 2030 diceretur:

2174 2071 2453 2128 Virtutem
2483 2068 2714 2126 fortium
2739 2067 3052 2136 considera,
3084 2081 3280 2140 meque
3310 2081 3503 2121 eorum
3531 2069 3660 2119 ante
3689 2079 3795 2118 saa-

2174 2162 2300 2220 cula
2330 2167 2609 2216 auctorem
2641 2175 2846 2231 pensa;
2885 2163 2940 2213 et
2982 2173 3109 2215 cum
3149 2173 3240 2213 eos
3273 2154 3331 2211 in
3372 2171 3511 2228 quos
3539 2161 3800 2226 tempore

2176 2249 2401 2311 condidi
2432 2248 2714 2305 mirabiles
2752 2248 3010 2321 suspicis,
3041 2245 3318 2322 perpende
3348 2251 3620 2320 quantum
3651 2242 3800 2302 mihi

2178 2339 2339 2399 subdi
2369 2339 2586 2408 debeas,
2619 2355 2782 2412 quem
2812 2345 3094 2396 auctorem
3127 2336 3472 2394 mirabilium
3504 2334 3626 2392 sine
3659 2341 3801 2390 temo

2179 2448 2312 2505 pore
2342 2445 2460 2486 esse
2486 2429 2792 2503 cognoscis.
2834 2428 3098 2503 Sequitur
3126 2446 3137 2486 :

2819 2547 3046 2606 CAPUT
3085 2547 3181 2606 VI.

2257 2671 2427 2730 Vens.
2457 2669 2512 2740 4,
2544 2667 2598 2727 ὅ.
2621 2698 2693 2712 —-
2712 2667 2900 2726 Indica
2928 2666 3078 2737 mihi,
3111 2665 3160 2724 si
3185 2664 3342 2724 habes
3369 2660 3802 2736 intelligentiam,

2184 2763 2304 2836 quis
2337 2761 2516 2834 posuit
2541 2777 2819 2816 mensuras
2866 2757 3003 2829 ejus,
3032 2757 3080 2814 si
3125 2756 3286 2825 nosti,
3317 2756 3400 2814 vel
3439 2753 3560 2827 quis
3589 2754 3806 2810 tetendit

2186 2869 2346 2925 super
2372 2869 2485 2907 eam
2521 2851 2714 2908 lineam
2735 2852 2762 2908 ?

2262 2943 2347 3000 15.
2389 2941 2528 3012 Ejus
2556 2947 2690 2997 nutu
2728 2939 2897 2995 sancti
2927 2937 3302 3016 prtedicatores
3328 2936 3402 2994 ad
3428 2935 3692 3009 quaedam
3717 2951 3806 2990 or-

2189 3032 2266 3088 bis
2290 3039 2472 3105 partes
2500 3031 2670 3100 missi,
2697 3031 2764 3085 ab
2792 3030 2921 3085 aliis
2948 3029 3171 3102 repulsi.
3190 3059 3263 3071 —
3288 3028 3674 3086 Mensurarum
3727 3024 3810 3080 li-

2190 3142 2306 3182 neae
2327 3125 2386 3184 in
2404 3133 2676 3180 terrarum
2701 3123 2997 3194 partitione
3011 3120 3342 3190 tenduntur,
3354 3127 3418 3177 ut
3435 3115 3808 3176 dimensionis

2190 3217 2419 3290 aequitas
2436 3233 2506 3271 ex
2537 3215 2655 3286 ipsa
2676 3215 2948 3271 linearum
2967 3212 3218 3270 tensione
3245 3218 3518 3268 teneatur.
3550 3209 3614 3266 In
3636 3222 3810 3265 carne

2190 3315 2373 3364 autem
2385 3305 2660 3362 Dominus
2679 3303 2748 3360 ad
2768 3303 3072 3362 Ecclesiam
3091 3304 3320 3360 veniens
3341 3315 3629 3358 mensuras
3646 3306 3809 3354 terrae

2191 3395 2354 3453 lineis
2383 3411 2602 3452 mensus
2625 3401 2726 3463 est,
2757 3394 2888 3468 quia
2909 3392 3048 3450 ﬁnes
3074 3391 3335 3451 Ecclesia
3367 3388 3576 3447 occulti
3601 3385 3808 3461 judicii

2195 3487 2500 3544 subtilitate
2546 3484 2826 3542 distinxit.
2875 3483 3055 3556 Hujus
3085 3491 3244 3539 terrae
3272 3480 3504 3538 occultae
3533 3493 3810 3535 mensuras

2196 3578 2284 3634 vel
2327 3577 2486 3633 lineae
2525 3575 2899 3632 tendebantur
2939 3573 3162 3648 quando
3205 3571 3596 3647 pradicatores
3630 3568 3810 3627 sancti

2195 3673 2387 3740 agente
2427 3665 2637 3739 Spiritu
2665 3665 2724 3721 in
2753 3664 2890 3722 alias
2917 3671 3100 3737 partes
3145 3661 3342 3720 mundi
3371 3659 3716 3718 vocabantur
3753 3665 3811 3715 ut

2197 3759 2363 3826 irent,
2407 3755 2476 3812 ab
2513 3756 2638 3812 aliis
2671 3771 2805 3811 vero
2834 3753 3084 3828 partibus
3122 3752 3452 3811 arcebantur
3488 3767 3558 3806 ne
3587 3748 3813 3807 accede-

2197 3856 2340 3905 rent.
2364 3847 2568 3904 Paulus
2589 3862 2826 3920 namque
2849 3845 3132 3918 apostolus
3153 3860 3281 3902 cum
3308 3839 3646 3901 Macedonia
3673 3855 3813 3913 prae-

2197 3937 2380 3995 dicare
2418 3937 2739 4009 negligeret,
2779 3953 2876 4010 per
2904 3936 3090 3993 visum
3137 3933 3226 3991 illi
3272 3931 3527 4007 apparuit
3563 3929 3656 3987 vir
3683 3929 3812 3986 Ma-

2199 4027 2333 4086 cedo
2369 4026 2466 4099 qui
2491 4024 2698 4082 diceret
2727 4043 2738 4082 :
2782 4026 3072 4084 Transiens
3113 4024 3172 4080 in
3215 4021 3581 4085 Macedoniam
3607 4019 3810 4091 adjuua

2198 4135 2294 4174 nos
2326 4116 2467 4189 (Act.
2501 4133 2622 4185 xvr,
2652 4116 2734 4189 9).
2793 4116 2868 4173 At
2913 4123 3131 4185 contra,
3180 4113 3325 4172 sicut
3374 4112 3647 4184 scriptum
3685 4119 3807 4169 est:

2209 4207 2496 4266 Tentabant
2519 4206 2748 4279 apostoli
2771 4205 2794 4240 ²
2814 4206 2892 4262 ire
2921 4205 2977 4260 in
3007 4205 3334 4277 Bithyniam,
3363 4209 3411 4260 et
3439 4219 3544 4259 non
3567 4202 3813 4275 permisit

2201 4315 2284 4353 eos
2315 4297 2548 4369 Spiritus
2584 4297 2710 4352 Iesu
2741 4295 2932 4369 (Ibid,
2965 4296 3045 4369 7).
3079 4296 3224 4352 Dum
3265 4310 3392 4368 ergo
3423 4292 3813 4366 praedicatores

2201 4388 2374 4446 sancti
2405 4395 2460 4444 et
2489 4393 2758 4444 vocantur
2785 4385 2854 4442 ad
2880 4384 3279 4454 Macedoniam,
3300 4391 3355 4441 et
3381 4382 3451 4440 ab
3469 4383 3606 4441 Asia
3622 4382 3808 4456 prohi-

2199 4477 2422 4544 bentur,
2443 4475 2549 4532 ista
2571 4474 2912 4531 occultarum
2935 4487 3321 4531 mensurarum
3343 4473 3489 4529 linea
3511 4471 3630 4530 illic
3643 4471 3810 4530 ducta

491 4563 876 4638 praedicatores
900 4564 1181 4634 exhibuit,
1223 4563 1518 4621 duodecim
1545 4563 1754 4637 lapides
1782 4565 1886 4622 sub
1913 4565 2090 4638 capite
2118 4568 2168 4628 D
2198 4576 2300 4638 est,
2335 4566 2468 4624 hinc
2496 4565 2741 4624 reducta.
2774 4566 2900 4624 Illic
2928 4565 3200 4635 tenditur,
3219 4573 3283 4623 ut
3309 4563 3634 4622 Macedonia
3662 4563 3810 4621 intra

493 4653 551 4709 in
579 4654 756 4727 prima
783 4655 872 4712 sui
900 4653 1147 4727 corporis
1183 4661 1337 4727 parte
1371 4655 1636 4727 portavit.
1678 4655 1866 4712 Sancti
1906 4656 2092 4728 itaque

492 4745 725 4816 apostoli
761 4753 817 4802 et
857 4761 956 4819 pro
984 4743 1163 4817 prima
1190 4743 1504 4801 ostensione
1539 4746 1852 4802 ornamenti
1883 4745 2092 4818 lapides

493 4841 622 4890 sunt
651 4835 708 4890 in
738 4841 978 4907 pectore,
1008 4840 1063 4889 et
1103 4849 1202 4904 pro
1237 4821 1415 4906 piima
1453 4833 1733 4892 soliditate
1771 4834 1994 4892 aediﬁcii
2031 4835 2092 4891 in

495 4923 612 4980 solo
634 4922 1014 4980 fundamenta.
1033 4921 1190 4978 Unde
1206 4920 1384 4978 David
1407 4922 1678 4995 propheta
1697 4940 1823 4980 cum
1849 4931 2091 4980 sanctam

496 5012 801 5070 Ecclesiam
827 5014 887 5069 in
905 5011 1240 5068 sublimibus
1267 5013 1641 5085 apostolorum
1664 5014 1942 5070 mentibus
1961 5013 2094 5087 poni

497 5102 868 5178 sdiﬁcarique
904 5102 1245 5174 conspiceret
1273 5121 1284 5160 :
1318 5105 1684 5162 Fundamenta
1711 5107 1845 5179 ejus,
1889 5105 2094 5180 inquit,

497 5192 556 5248 in
581 5193 848 5248 montibus
886 5191 1080 5248 sanctis
1106 5193 1287 5264 (Psal.
1318 5211 1551 5265 Lxxxvr,
1582 5196 1658 5270 1).
1705 5195 1843 5254 Cum
1873 5211 2004 5254 vero
2037 5195 2096 5252 in

500 5298 655 5342 sacro
672 5281 894 5354 eloquio
914 5298 1027 5338 non
1055 5282 1434 5356 fundamenta,
1460 5285 1556 5342 sed
1574 5285 1842 5359 singulari
1866 5302 2099 5344 numero

504 5371 928 5429 fundamentum
949 5371 1175 5445 dicitur,
1195 5377 1382 5435 nullus
1401 5377 1544 5434 alius
1563 5376 1673 5435 nisi
1697 5377 1815 5452 ipse
1829 5378 2101 5437 Dominus

581 5605 602 5694 ξ
639 5605 1113 5694 Eb‘roicwjratel.
1147 5619 1202 5694 et
1245 5611 1341 5668 alii
1385 5614 1602 5694 N_orm.,
1641 5613 2097 5694 humiliterstetit.

579 5680 602 5715 ³
625 5681 854 5760 ννὶιξοδε
879 5684 1107 5760 Excusi,
1127 5685 1307 5760 etiam
1321 5680 1684 5760 antiquiores,
1706 5686 1790 5760 ire
1815 5687 1871 5741 in
1871 5688 2100 5760 _Asiam,

507 5759 700 5830 contra
721 5752 900 5830 graeci
926 5763 1111 5830 textus
1128 5764 1181 5812 et
1203 5752 1679 5830 vulgatm'fidem.’
1705 5757 1834 5814 Mss.
1868 5752 2101 5830 Turon.,

511 5819 673 5880 Corb.
711 5825 919 5896 Germ.,
953 5827 1217 5896 Vindoc.,
1251 5819 1451 5899 La'ud.,
1481 5828 1710 5898 Pratel.,
1739 5837 1870 5898 etc.,
1899 5819 2104 5888 habent

2198 4666 2399 4716 sancta:
2427 4655 2692 4715 Ecclesiae
2721 4656 2897 4730 spatia
2925 4656 3246 4729 colligatur;
3273 4657 3294 4691 ³
3323 4655 3458 4712 hinc
3486 4652 3808 4722 attrahitur,

2199 4758 2262 4806 ut
2289 4757 2447 4808 extra
2474 4749 2613 4807 ﬁnes
2641 4749 2771 4806 ﬁdei
2815 4749 2948 4806 Asia
2990 4749 3357 4822 relinquatur.
3403 4749 3580 4804 Erant
3607 4746 3810 4821 quippe

2199 4848 2334 4898 tunc
2365 4841 2423 4897 in
2465 4855 2527 4896 ea
2575 4840 2672 4913 qui
2716 4837 3016 4912 colligendi
3046 4855 3159 4895 non
3189 4847 3366 4908 erant,
3415 4836 3623 4912 quibus
3648 4835 3812 4909 juxta

2202 4931 2462 4986 meritum
2503 4946 2664 4986 suum
2696 4929 2950 5003 perditis,
2989 4926 3104 5000 jam
3137 4943 3288 4985 nunc
3321 4927 3456 4984 Asia
3483 4927 3634 4984 intra
3662 4942 3811 4984 men-

2201 5035 2357 5076 suras
2381 5020 2645 5076 Ecclesias
2669 5021 2782 5076 Deo
2811 5018 3075 5091 largiente
3108 5025 3362 5091 suscepta
3383 5025 3485 5075 est.

2277 5109 2361 5168 16.
2404 5109 2562 5166 Intra
2593 5125 2872 5166 mensuras
2901 5126 2936 5164 a
2973 5108 3184 5166 Christo
3219 5109 3424 5182 positas
3461 5107 3627 5178 electi,
3657 5112 3809 5164 extra

2206 5202 2440 5276 reprobi.
2490 5203 2558 5260 In
2585 5203 2682 5258 Dei
2709 5219 2814 5258 non
2843 5199 2901 5256 in
2927 5200 3155 5256 hominis
3181 5218 3346 5258 manu
3373 5200 3486 5272 ejus
3513 5201 3807 5273 dispositio.

2207 5293 2431 5350 —Intra
2458 5291 2557 5349 has
2582 5308 2712 5366 ergo
2747 5307 3033 5350 mensuras
3058 5299 3188 5349 sunt
3226 5306 3418 5348 omnes
3445 5289 3628 5358 electi,
3657 5296 3812 5346 extra

2209 5383 2308 5441 has
2337 5399 2528 5441 omnes
2556 5381 2798 5457 reprobi,
2829 5383 2998 5442 etiam
3025 5381 3072 5440 si
3101 5383 3251 5441 intra
3273 5381 3401 5440 ﬁdei
3431 5380 3669 5438 limitem
3700 5393 3811 5437 esse

2209 5614 2290 5670 ire
2337 5614 2394 5670 in
2442 5611 2772 5686 Bithyniam.
2823 5613 3015 5674 Errori
3061 5615 3246 5673 forsan
3287 5611 3630 5686 occasionem
3663 5607 3812 5668 dedit

2213 5687 2362 5764 quod
2391 5685 2678 5764 sequitur:
2715 5695 2766 5764 et_
2797 5689 2862 5742 ab
2891 5689 3418 5764 Asiaprolzibentur.
3462 5686 3570 5744 Sed
3599 5685 3694 5764 hic
3721 5696 3812 5764 per

2211 5758 2402 5840 Asiam
2443 5758 2812 5840 intelligenda
2819 5769 2915 5840 est
2943 5758 3367 5840 Bithyniaun
3385 5774 3509 5830 pars
3535 5765 3620 5814 est
3649 5758 3808 5813 Asiae.

2285 5833 2305 5866 ³
2345 5831 2548 5888 Pratel.
2582 5829 2650 5886 eti
2665 5829 2761 5887 alii
2791 5832 3006 5900 Norm.,
3034 5829 3116 5884 hic
3144 5829 3458 5886 attrahitur.
