3920 6382
138 371 240 430 457

825 378 1197 438 MOBALIUM
1235 381 1366 439 LIB.
1410 383 1667 443 XXVIII.
1709 417 1775 430 -
1811 389 1881 444 IN
1915 387 2142 448 CAPUT
2182 393 2471 450 XXXVIII
2511 396 2572 451 B.
2613 397 2756 453 JOB.

3346 403 3458 459 458

136 498 460 592 videantur.
510 499 676 592 Unde,
709 507 763 558 et
819 502 876 559 in
923 503 1255 578 Apocalypsi
1303 508 1570 580 scriptum
1615 518 1697 566 est
1731 528 1745 580 ;
1777 514 1828 573 A
1857 521 2018 585 gento
2046 515 2193 571 enim
2225 516 2359 590 quid
2388 517 2539 574 aliud
2560 536 2723 592 quam
2748 521 2968 580 claritas
2987 497 3164 582 divini
3187 529 3461 586 sermonis

131 589 357 646 Atrium
389 591 536 660 quod
565 589 702 661 foris
733 594 980 664 templum
1009 600 1083 649 est
1109 594 1229 664 ejice
1256 595 1428 666 foras,
1464 600 1479 633 ¹
1509 605 1557 654 et
1582 607 1747 656 nemet

129 680 248 735 aris
290 680 436 736 illud
483 683 680 754 (Apoc.
724 700 804 751 χι,
849 684 928 755 2).
979 683 1122 752 Quid
1170 687 1317 742 enim
1352 689 1503 744 aliud
1541 691 1743 748 atrium

131 787 301 843 quam
338 771 695 828 latitudinem
721 773 995 845 signiﬁcat
1017 775 1142 831 vita
1166 793 1261 848 pra
1281 777 1481 835 sentis?
1509 780 1579 836 Et
1601 789 1744 838 recte

126 861 268 916 foris
301 863 573 934 templum
603 871 732 919 sunt
761 865 855 937 qui
886 881 982 935 per
1009 866 1211 922 atrium
1243 866 1619 940 designantur,
1649 878 1744 927 at-

125 967 233 1024 que
265 951 394 1007 ideo
425 951 691 1008 metiendi
722 968 833 1008 non
864 961 1014 1023 sunt,
1060 955 1188 1028 quia
1221 966 1451 1029 angusta
1479 966 1560 1014 est
1589 968 1744 1031 porta

122 1058 248 1113 qua
280 1040 443 1098 ducit
474 1041 542 1096 ad
573 1043 744 1098 vitam
782 1043 995 1114 (Matth.
1018 1061 1120 1112 vn,
1146 1045 1332 1117 l4),et
1360 1047 1594 1104 latitudo
1614 1049 1743 1106 vita

122 1149 436 1205 pravorum
478 1149 591 1189 non
640 1132 953 1190 admittitur
986 1135 1054 1191 ad
1104 1153 1387 1194 mensuras
1431 1145 1484 1194 et
1532 1141 1744 1212 regulas

118 1222 453 1279 electorum.
488 1223 610 1278 Ista
640 1223 912 1296 spiritales
943 1224 1100 1282 linea
1129 1228 1346 1284 occulto
1371 1226 1583 1301 judicio
1608 1237 1743 1286 ten-

117 1312 401 1369 debantur
426 1313 648 1387 quando
684 1313 904 1370 cuidam
939 1314 1183 1374 diocenti
1217 1335 1228 1373 :
1269 1319 1523 1390 Magister
1550 1337 1743 1391 sequar

118 1410 164 1460 te
192 1421 527 1476 quocumque
554 1403 682 1459 ieris
711 1405 922 1475 (Matth.
940 1423 1064 1476 vm,
1090 1407 1202 1481 19),
1230 1407 1472 1480 ejusdem
1495 1411 1741 1482 magistri

116 1509 258 1550 voce
300 1511 634 1568 responsum
665 1501 746 1550 est
778 1512 790 1550 :
834 1495 1022 1567 Vulpes
1050 1495 1230 1567 foveas
1265 1499 1474 1566 habent,
1503 1506 1550 1554 et
1576 1502 1740 1556 volu—

117 1602 234 1640 cres
277 1585 394 1640 cali
432 1585 608 1648 nidos,
647 1584 822 1640 Filius
853 1591 1024 1640 autem
1068 1587 1294 1642 hominis
1339 1606 1444 1643 non
1474 1590 1623 1645 habet
1655 1590 1743 1645 ubi

117 1683 285 1748 caput
315 1694 470 1732 suum
502 1677 720 1732 reclinet
744 1678 940 1749 (Ibid.,
970 1678 1086 1751 20).
1123 1681 1244 1736 Ista
1284 1697 1554 1738 mensura
1583 1689 1636 1738 et
1662 1682 1741 1738 li—

122 1783 244 1823 nea
274 1765 645 1822 tendebantur
672 1783 798 1823 cum
824 1767 1041 1824 cuidam
1064 1768 1304 1826 dicenti:
1339 1771 1580 1836 Domine,
1605 1789 1743 1844 per-

1853 603 2124 676 accipitur
2143 607 2170 661 ?
2200 606 2342 663 sicut
2371 607 2636 680 scriptum
2669 617 2750 666 est
2784 629 2794 667 :
2832 614 3069 684 Eloquia
3096 617 3314 674 Domini
3341 620 3460 676 elo-

1854 694 1981 762 quia
2023 702 2200 761 casta,
2247 703 2523 769 argentum
2567 697 2682 770 igne
2734 703 3130 770 examinatum,
3174 707 3461 777 probatum

1857 789 2010 839 terra
2046 793 2333 858 purgatum
2365 790 2665 860 septuplum
2709 790 2882 860 (Psal.
2915 809 2997 861 x1,
3032 793 3111 865 7).
3144 794 3306 852 Bases
3333 813 3460 870 ergo

1853 881 2078 945 argento
2109 877 2318 931 vestita
2347 885 2583 950 quatuor
2611 879 2897 938 columnas
2923 881 3266 940 tabernaculi
3296 887 3460 944 susti-

1853 970 2016 1031 nent,
2058 965 2186 1036 quia
2243 966 2624 1038 pradicatores
2674 969 2933 1029 Ecclesia
2986 972 3184 1030 divino
3241 973 3461 1048 eloquio

1853 1052 2115 1123 decorati,
2151 1057 2171 1090 ι
2201 1063 2262 1112 ut
2289 1059 2506 1114 cunctis
2539 1075 2595 1116 se
2640 1062 2954 1134 exemplum
2988 1063 3286 1137 prabeant,
3333 1082 3460 1139 qua-

1852 1152 1980 1200 tuor
2017 1147 2477 1219 evangelistarum
2519 1149 2669 1209 dicta
2709 1160 2763 1209 et
2801 1169 2894 1210 ore
2941 1162 2996 1211 et
3038 1155 3297 1229 operibus
3325 1173 3462 1230 por-

1852 1243 1990 1293 tant.

1927 1327 2010 1384 18.
2043 1327 2278 1385 Possunt
2308 1346 2394 1386 rer
2423 1330 2576 1388 bases
2604 1333 2766 1389 etiam
2802 1334 3084 1408 propheta
3114 1337 3341 1409 signari,
3363 1339 3460 1412 qui

1852 1414 1983 1470 dum
2015 1417 2180 1488 primi
2214 1426 2397 1490 aperte
2429 1419 2495 1475 de
2541 1421 2822 1479 dominica
2868 1425 3245 1480 incarnatione
3286 1427 3458 1483 locuti

1851 1513 2001 1574 sunt,
2021 1507 2174 1579 quasi
2206 1509 2470 1582 quasdam
2500 1509 2656 1567 bases
2684 1529 2776 1569 eos
2802 1514 3174 1587 conspicimus
3203 1531 3236 1570 a
3262 1515 3457 1573 funda-

1852 1603 2037 1650 mento
2076 1613 2394 1669 consugere,
2443 1607 2497 1655 et
2543 1603 2899 1674 superposita
2947 1603 3168 1661 fabrica
3218 1606 3460 1678 pondera

1851 1683 2138 1741 sustinere.
2174 1686 2328 1743 Unde
2373 1687 2442 1744 ad
2480 1689 2707 1762 Moysen
2747 1709 2965 1748 rursum
3007 1694 3298 1762 Dominus,
3330 1711 3456 1752 cum

1852 1772 2190 1831 tabernaculi
2221 1776 2435 1832 tabulas
2456 1778 2592 1850 erigi
2615 1781 2893 1851 praecepit,
2917 1780 3076 1836 fundi
3095 1799 3281 1840 earum
3303 1784 3459 1842 bases

125 1857 362 1913 mittente
384 1857 625 1929 primum
643 1856 723 1911 ire
741 1862 788 1912 et
814 1857 1031 1930 sepelire
1054 1865 1261 1930 patrem
1284 1876 1453 1915 meum
1469 1861 1628 1931 (Luc.
1653 1878 1736 1924 χι,
1771 1883 1818 1943 Β
1850 1871 2130 1936 argenteas
2171 1863 2333 1936 jubet
2380 1867 2586 1938 (Exod.
2621 1884 2781 1936 xxvr,
2815 1868 2929 1941 32).
2977 1870 3123 1938 Quid
3163 1872 3314 1929 enim
3364 1889 3460 1946 per

115 1947 240 2020 59),
269 1947 522 2020 ejusdem
554 1946 801 2020 magistri
831 1965 963 2004 voce
992 1965 1315 2022 responsum
1348 1958 1429 2006 est
1466 1969 1477 2005 :
1523 1951 1644 2007 Sine
1673 1958 1731 2007 ut

114 2037 322 2094 mortui
349 2038 604 2110 sepeliant
647 2044 886 2095 mortuos
927 2056 1086 2106 suos;
1136 2047 1187 2095 tu
1217 2047 1392 2096 autem
1437 2041 1588 2108 uade,
1619 2058 1730 2096 an-

115 2128 311 2184 nuntia
338 2146 557 2200 regnum
586 2129 686 2185 Dei
725 2129 914 2200 (Ibid,
938 2129 1053 2202 60).
1082 2131 1222 2187 Ecce
1250 2131 1390 2187 alius
1411 2138 1728 2188 secuturum

115 2235 170 2277 se
203 2221 508 2292 promittit,
532 2227 585 2276 et
614 2220 935 2292 repellitur:
969 2220 1112 2278 alius
1141 2221 1502 2278 relaxandum
1533 2238 1589 2278 se
1620 2240 1730 2295 po-

116 2311 313 2381 stulat,
346 2317 401 2365 et
443 2311 730 2366 retinetur.
779 2310 932 2367 Unde
961 2310 1087 2380 hoc,
1133 2311 1241 2368 nisi
1272 2313 1401 2386 quia
1435 2329 1598 2385 super
1626 2329 1730 2368 oc-

115 2403 267 2459 culta
317 2399 502 2457 cordis
554 2401 731 2474 spatia
771 2403 910 2463 901
968 2418 1336 2474 supernorum
1388 2400 1728 2474 judiciorum

121 2499 282 2555 linea
304 2496 702 2567 tendebantur,
723 2506 786 2554 ut
804 2506 859 2554 et
887 2497 1037 2555 hunc
1065 2498 1215 2556 intus
1247 2499 1732 2573 incomprehensi-

118 2590 261 2646 biles
279 2605 556 2646 mensura
578 2590 1037 2662 constringerent,
1052 2598 1105 2646 et
1127 2591 1219 2646 ille
1242 2591 1376 2647 foris
1397 2609 1505 2648 non
1527 2591 1729 2665 injuste

119 2679 482 2736 remaneret?
529 2678 635 2736 Sed
677 2697 801 2736 cum
846 2681 1035 2737 nullus
1069 2680 1276 2737 nesciat
1305 2681 1434 2754 quia
1460 2684 1604 2738 Deus
1634 2681 1731 2738 has

118 2771 472 2828 occultorum
496 2769 835 2841 judiciorum
868 2771 1040 2826 lineas
1066 2771 1274 2839 tendat,
1303 2788 1402 2828 cur
1430 2771 1498 2827 ad
1528 2772 1629 2828 Job
1649 2772 1731 2828 di-

119 2861 265 2917 citur
298 2877 310 2916 :
349 2859 542 2915 Indica
571 2858 722 2926 mihi,
762 2859 811 2914 si
846 2859 1000 2914 habes
1034 2860 1452 2930 intelligentiam,
1483 2862 1601 2932 quis
1629 2880 1729 2934 po-

119 2951 223 3008 suit
257 2967 542 3006 mensuras
584 2949 718 3019 ejus,
753 2949 800 3004 si
845 2950 1004 3018 nosti,
1048 2951 1128 3006 vel
1169 2951 1288 3022 quis
1333 2951 1541 3006 tetendit
1574 2968 1733 3023 super

119 3058 228 3098 eam
264 3040 466 3096 lineam
487 3039 515 3096 ?
556 3038 644 3094 An
674 3036 882 3096 idcirco
910 3039 1232 3113 requiritur,
1278 3049 1340 3097 ut
1372 3041 1518 3114 quod
1549 3058 1728 3111 nosse,

120 3133 214 3189 sed
244 3140 436 3188 tamen
469 3131 890 3202 pratermittere
917 3139 1149 3204 poterat,
1191 3140 1546 3203 memoretur,
1587 3151 1733 3207 qua-

124 3231 288 3279 tenus
347 3219 564 3294 pondus
620 3230 958 3278 secretorum
1011 3221 1112 3278 Dei
1168 3222 1464 3280 sollicitius
1520 3231 1728 3295 penset,
1761 3259 1804 3319 Ο

120 3311 141 3345 ³
176 3309 603 3382 dispositionem
649 3308 911 3366 videlicet
957 3308 1202 3366 hominis
1229 3327 1338 3366 non
1376 3311 1433 3366 in
1473 3309 1731 3368 humanis

123 3400 366 3468 viribus,
399 3397 497 3456 sed
525 3399 584 3454 in
616 3416 782 3456 manu
813 3399 1109 3456 consistere
1138 3399 1464 3469 conditoris,
1505 3408 1567 3457 ut
1597 3400 1729 3484 dum

118 3490 438 3550 considerat
484 3489 844 3548 invisibiliter
890 3491 994 3547 ista
1037 3492 1161 3565 quis
1204 3499 1347 3564 agat,
1379 3509 1490 3549 sua
1534 3491 1730 3548 virtutl

118 3581 264 3638 nihil
294 3579 528 3646 tribuat,
552 3596 652 3637 nec
667 3579 781 3652 jam
814 3579 883 3637 de
910 3596 967 3637 se
995 3581 1193 3638 audeat
1221 3581 1455 3655 aliquid,
1476 3597 1600 3638 cum
1631 3583 1728 3638 Dei

111 3670 332 3743 judicia
369 3670 586 3728 occulta
628 3669 925 3738 formidat;
977 3671 1070 3728 sed
1111 3671 1452 3744 perpendens
1498 3671 1731 3744 desuper

121 3775 414 3818 mensuras
434 3767 490 3816 et
510 3759 682 3816 lineas
702 3760 1339 3832 incomprehensibiliter
1356 3769 1558 3830 tensas,
1577 3769 1730 3819 tanto

117 3853 298 3925 magis
319 3852 377 3908 in
399 3851 719 3908 humilitate
738 3851 1056 3908 formidinis
1071 3853 1354 3922 consistat,
1375 3861 1580 3927 quanto
1601 3870 1729 3925 pen-

112 3945 248 4003 dere
277 3942 435 4001 videt
463 3941 651 4000 omnia
685 3944 744 4000 in
768 3951 1035 4016 potestate
1064 3944 1352 4002 mensoris.
1385 3944 1644 4020 Sequitur
1676 3961 1689 4001 :

745 4032 974 4091 CAPUT
1003 4034 1125 4092 VII.

191 4125 363 4184 Vens.
388 4123 517 4180 6.-
541 4123 711 4195 Super
737 4140 840 4195 quo
875 4123 1019 4179 bases
1049 4122 1200 4180 illius
1225 4123 1466 4182 solidata
1491 4125 1657 4182 sunt?

193 4216 282 4272 17.
318 4215 482 4272 Bases
507 4215 754 4271 Ecclesia
781 4221 905 4270 sunt
932 4214 1100 4271 sancti
1119 4215 1350 4272 doctores
1377 4222 1424 4272 et
1438 4217 1726 4288 propheta.

112 4337 188 4350 --
219 4305 370 4374 Quid
398 4303 554 4362 aliud
585 4303 754 4378 hujus
788 4312 946 4360 terra
983 4304 1138 4361 bases
1177 4322 1340 4379 quam
1383 4313 1584 4364 sancta
1611 4308 1729 4363 Ec-

113 4396 304 4454 clesia
334 4394 592 4452 doctores
633 4393 983 4466 accipimus?
1029 4395 1090 4451 In
1119 4393 1343 4452 basibus
1381 4397 1582 4469 quippe
1625 4412 1729 4453 co-

114 4487 351 4554 lumna,
402 4485 461 4540 in
509 4483 786 4541 columnis
826 4491 1008 4540 autem
1051 4485 1220 4542 totius
1261 4485 1483 4543 fabrica
1513 4486 1729 4559 pondus

114 4575 373 4649 erigitur.
404 4573 530 4632 Non
557 4591 686 4648 ergo
715 4575 997 4631 immerito
1028 4573 1279 4632 doctores
1308 4577 1486 4635 sancti
1511 4577 1726 4634 basium

115 4665 348 4722 nomine
380 4663 758 4738 designantur,
808 4666 938 4738 quia
974 4665 1108 4722 dum
1140 4673 1286 4721 recta
1324 4664 1647 4738 pradicant,
1675 4674 1730 4723 et

115 4753 504 4827 pradicationi
535 4770 647 4811 sua
675 4754 919 4812 vivendo
945 4754 1302 4823 concordant,
1335 4771 1497 4811 omne
1518 4755 1734 4829 pondus

115 4843 387 4901 Ecclesia
428 4843 542 4900 ﬁxa
572 4860 790 4902 morum
838 4859 1062 4902 suorum
1106 4846 1371 4917 gravitate
1401 4852 1732 4917 sustentant,

115 4951 342 5008 asperas
371 4934 441 4993 ab
471 4933 794 4994 inﬁdelibus
823 4933 1154 4992 tentationes
1183 4935 1395 5004 ferunt;
1429 4944 1482 4994 et
1503 4953 1733 5011 quaque

116 5030 176 5085 in
209 5030 502 5102 praceptis
547 5031 646 5088 Dei
683 5031 836 5088 velut
882 5026 1136 5088 difﬁcilia
1164 5046 1196 5086 a
1224 5027 1482 5087 ﬁdelibus
1528 5029 1732 5087 formi-

116 5118 349 5187 dantur,
381 5120 651 5193 exemplis
681 5136 908 5192 operum
941 5119 1127 5177 facilia
1155 5119 1473 5176 ostendunt.
1505 5119 1658 5176 Unde
1679 5127 1734 5176 et

117 5211 264 5270 bene
292 5228 418 5270 cum
452 5211 509 5269 in
539 5221 674 5286 typo
711 5213 974 5271 Ecclesia
1003 5213 1419 5271 tabernaculum
1452 5213 1729 5285 ﬁgeretur,

117 5301 188 5358 ad
222 5303 454 5376 Moysen
484 5302 691 5360 dicitur
723 5321 734 5360 :
777 5303 961 5360 Facies
1007 5306 1280 5361 columnas
1328 5309 1583 5375 qua-tuor,
1623 5305 1644 5338 ³
1685 5310 1732 5359 et

119 5391 269 5449 bases
297 5409 485 5450 earum
512 5393 695 5451 vesties
728 5399 946 5468 argento
982 5394 1180 5467 (Eood.
1212 5409 1372 5463 xxvr,
1405 5392 1522 5466 32).
1557 5393 1620 5450 In
1649 5409 1732 5450 aro

195 5593 208 5630 ¹
246 5592 422 5650 Laud.
456 5601 510 5650 et
537 5593 764 5664 Pratel.,
797 5599 844 5650 et
871 5611 935 5650 ne
963 5594 1212 5650 metiaris.

191 5667 214 5702 ³
248 5666 452 5734 Editi.,
485 5659 951 5735 dispensationem,
986 5666 1181 5723 invitis
1208 5667 1336 5723 Mss.
1370 5662 1568 5735 Laud.,
1600 5659 1734 5722 Vin.

119 5737 270 5806 doc.,
302 5738 534 5804 Prate|.,
559 5737 748 5807 Corb.,
783 5739 994 5808 Germ.,
1025 5746 1130 5794 etc.

191 5812 212 5844 ³
245 5809 532 5878 Laudun.,
572 5810 772 5867 Pratel.
815 5819 870 5867 et
908 5812 980 5867 al.
1012 5809 1226 5879 Norm.,
1271 5816 1320 5867 et
1364 5808 1508 5866 bases
1555 5824 1734 5865 emunt

118 5882 338 5938 vestitas
366 5887 606 5950 argento.

302 5982 548 6037 ΡΑτιιοιι.
592 5979 843 6037 LXXVI.

1847 1951 2060 2010 tabulas
2103 1953 2210 2010 nisi
2245 1956 2478 2027 apostoli
2532 1964 2757 2014 extensa
2795 1957 2853 2013 in
2888 1959 3157 2017 mundum
3200 1962 3458 2035 pradica-

1839 2043 1988 2098 tione
2016 2042 2254 2114 dilatati,
2287 2044 2422 2118 quid
2453 2062 2549 2118 per
2576 2046 2731 2104 bases
2760 2056 3052 2120 argenteas
3080 2051 3189 2109 nisi
3220 2052 3455 2127 prophe-

1839 2137 1907 2185 ta
1937 2131 2226 2204 signantur
2246 2133 2274 2190 ?
2305 2135 2399 2208 qui
2429 2135 2887 2208 superimpositas
2919 2136 3138 2196 tabulas
3168 2140 3274 2212 ipsi
3306 2140 3454 2198 ﬁrmi

1839 2235 1902 2276 ac
1932 2220 2125 2278 fusiles
2155 2222 2451 2292 sustinent,
2484 2224 2614 2298 quia
2642 2226 3018 2298 apostolorum
3057 2229 3173 2286 vita
3202 2229 3334 2286 dum
3363 2247 3450 2288 eo-

1840 2325 1962 2366 rum
1996 2311 2386 2384 pradicatione
2433 2313 2748 2384 instruitur,
2798 2332 2988 2374 eorum
3033 2327 3088 2375 et
3123 2321 3454 2378 auctoritate

1841 2400 2128 2458 solidatur.
2168 2402 2323 2459 Unde
2371 2411 2428 2460 et
2467 2405 2778 2478 conjuncta
2826 2405 2974 2463 bina
3021 2407 3177 2467 bases
3220 2411 3455 2483 singulis

1840 2490 2046 2548 tabulis
2089 2502 2500 2566 supponuntur,
2533 2496 2663 2568 quia
2700 2496 2833 2552 dum
2878 2497 3157 2570 propheta
3192 2501 3367 2557 sancti
3396 2502 3456 2559 in

1845 2582 2032 2640 verbis
2077 2585 2192 2641 suis
2233 2584 2300 2641 de
2334 2585 2654 2644 Mediatoris
2684 2587 3064 2646 incarnatione
3094 2591 3453 2663 concordant,

1841 2673 2239 2746 subsequentes
2293 2674 2682 2747 pradicatores
2742 2677 3003 2734 Ecclesia
3073 2678 3456 2740 indubitanter

1841 2762 2148 2830 aediﬁcant;
2182 2770 2236 2819 et
2264 2780 2390 2821 cum
2412 2781 2443 2821 a
2481 2766 2790 2838 semetipsis
2817 2783 2930 2822 non
2959 2765 3297 2842 discrepant,
3330 2771 3456 2828 illos

1843 2854 1900 2909 in
1929 2870 1984 2909 se
2015 2853 2295 2910 robustius
2336 2854 2534 2927 ﬁgunt.
2581 2858 2692 2914 Nec
2735 2857 3014 2915 immerito
3052 2858 3209 2916 bases
3255 2859 3456 2933 quibus

1842 2941 2122 3014 propheta
2168 2942 2478 3014 signantur,
2520 2953 2582 3002 ut
2624 2963 2692 3001 ex
2743 2954 2969 3018 argento
3011 2947 3172 3004 fundi
3221 2949 3454 3006 debeant

1842 3031 2182 3104 pracipitur.
2215 3033 2443 3104 Argenti
2469 3033 2670 3106 quippe
2702 3035 2924 3091 claritas
2953 3051 3022 3091 ex
3048 3053 3150 3092 usu
3179 3047 3450 3107 servatur,

1841 3121 1960 3178 sine
1988 3137 2092 3177 usu
2113 3130 2295 3178 autem
2327 3123 2384 3178 in
2409 3123 2761 3195 nigredinent
2780 3126 3033 3181 vertitur.
3053 3125 3452 3199 Prophetarum

1843 3228 2059 3285 quoque
2103 3212 2252 3270 dicta
2298 3221 2423 3269 ante
2475 3213 2794 3270 Mediatoris
2835 3214 3158 3286 adventum,
3217 3219 3346 3291 quia
3395 3220 3451 3276 in

1841 3307 1986 3364 902
2039 3318 2143 3358 usu
2191 3301 2456 3376 spiritalis
2505 3303 2883 3375 intelligentia
2930 3321 3043 3362 non
3088 3314 3262 3376 erant,
3319 3307 3452 3364 dum

1840 3400 2085 3472 conspici
2126 3417 2236 3473 pra
2265 3401 2640 3459 obscuritante
2671 3420 2782 3458 non
2814 3405 3266 3486 poterant,\quasi
3296 3407 3453 3479 nigra

1840 3489 2216 3546 remanebant.
2251 3492 2323 3546 At
2353 3499 2640 3564 postquam
2680 3491 2948 3550 Mediator
2977 3492 3206 3551 veniens
3235 3511 3297 3552 ea
3327 3504 3454 3552 ante

1840 3579 2030 3636 oculos
2060 3587 2276 3636 nostros
2311 3580 2708 3639 incarnationis
2735 3600 2847 3640 sua
2877 3600 3045 3642 manu
3077 3583 3252 3654 tersit,
3286 3585 3452 3658 quid-

1839 3670 1974 3741 quid
2005 3670 2062 3724 in
2093 3671 2172 3727 eis
2201 3671 2339 3728 lucis
2358 3672 2562 3730 latebat
2590 3674 2874 3744 inclaruit,
2907 3692 3208 3748 sensusque
3233 3683 3451 3748 patrum

1839 3761 2269 3834 pracedentium
2301 3762 2358 3818 in
2388 3779 2550 3820 usum
2582 3763 2770 3832 dedit,
2817 3764 2947 3838 quia
2975 3764 3143 3822 verba
3173 3765 3336 3823 rebus
3358 3783 3452 3823 ex-

1840 3851 2044 3922 posuit.
2090 3852 2218 3908 Sive
2268 3853 2453 3924 itaque
2485 3851 2802 3924 prophetas,
2845 3869 2942 3910 seu
2991 3853 3243 3910 doctores
3273 3864 3453 3913 extre-

1839 3941 1946 3996 mis
1992 3940 2336 4013 temporibus
2377 3939 2795 4013 subsequentes,
2825 3941 3042 3998 basium
3085 3943 3452 4014 appellatione

1838 4029 2110 4101 signiﬁcet
2144 4029 2327 4086 dicat:
2356 4031 2526 4100 Super
2543 4047 2668 4100 ques
2699 4031 2844 4086 bases
2872 4030 3022 4086 illius
3042 4031 3285 4088 solidata
3298 4035 3451 4090 sunt?

1837 4117 2119 4187 subaudis,
2153 4119 2261 4176 nisi
2293 4133 2458 4190 super
2490 4134 2598 4187 me,
2644 4119 2740 4193 qui
2783 4127 2984 4176 cuncta
3011 4118 3346 4178 mirabiliter
3372 4128 3451 4179 te-

1836 4223 1961 4277 neo,
1995 4214 2049 4263 et
2074 4207 2236 4264 bonis
2279 4208 2650 4266 exterioribus
2681 4207 2834 4265 intus
2871 4208 3260 4282 principaliter
3287 4210 3454 4283 origi-

1836 4313 1963 4352 nem
1992 4305 2209 4369 prasto.
2242 4296 2348 4364 Qui
2377 4297 2524 4353 enim
2554 4297 2660 4354 sibi
2687 4298 2834 4370 quod
2863 4297 3068 4354 bonum
3111 4306 3196 4356 est
3223 4298 3443 4370 tribuit,

1837 4387 2012 4444 solida
2040 4385 2188 4444 basis
2215 4404 2326 4444 non
2357 4394 2460 4458 est,
2484 4389 2612 4461 quia
2633 4387 2764 4444 dum
2786 4387 3151 4446 fundamento
3171 4405 3283 4446 non
3306 4389 3451 4447 inni-

1836 4477 1994 4546 titur,
2041 4477 2162 4550 ipso
2201 4493 2302 4535 suo
2345 4477 2584 4551 pondere
2615 4477 2674 4535 in
2703 4478 2815 4534 ima
2853 4479 3248 4552 praecipitatur.
3297 4481 3318 4514 ⁸
3347 4478 3452 4536 Sed

1840 4583 1967 4624 cum
1997 4566 2114 4640 jam
2163 4569 2339 4624 multa
2387 4567 2457 4625 de
2496 4575 2696 4626 sancta
2730 4567 2992 4625 Ecclesia
3038 4569 3453 4626 constructione

1840 4658 2174 4728 referantur,
2219 4659 2410 4716 audire
2453 4676 2608 4716 mens
2650 4659 2858 4732 appetit
2904 4659 3146 4716 inimica
3199 4661 3453 4717 nationes

1843 4766 1950 4823 qua
1981 4750 2187 4806 virtute
2215 4749 2526 4822 conjuncta
2572 4749 2704 4817 sint,
2767 4748 2823 4804 id
2878 4755 2960 4805 est
3015 4749 3234 4806 diversa
3287 4749 3453 4821 hujus

1843 4841 2044 4898 domus
2069 4840 2304 4898 adiﬁcia
2335 4857 2442 4914 qua
2469 4839 2577 4896 sibi
2611 4847 2728 4896 arte
2757 4838 3112 4898 concerdent.
3145 4839 3406 4913 Sequitur
3435 4856 3445 4894 :

2435 4929 2664 4987 CAPUT
2696 4930 2844 4988 VIII.

1912 5017 2049 5076 IBID.
2081 5049 2151 5059 —
2181 5019 2293 5074 Aut
2322 5019 2440 5089 quis
2469 5019 2670 5074 dimisit
2703 5019 2935 5090 lapidem
2961 5017 3276 5089 angularem
3303 5015 3450 5086 ejus?

1915 5111 2004 5168 19.
2038 5109 2282 5165 Christus
2313 5110 2451 5181 lapis
2474 5111 2776 5182 angularis,
2795 5110 2854 5164 in
2885 5126 2988 5180 quo
3011 5107 3188 5164 ,Ιαάωί
3213 5107 3451 5179 gentiles-

1840 5218 1938 5273 que
1962 5206 2330 5256 convenerunt.
2362 5231 2433 5243 -
2461 5201 2580 5257 Iam
2606 5217 2699 5272 per
2727 5199 2977 5255 divinam
3007 5199 3238 5270 gratiam
3271 5198 3450 5255 omni-

1839 5289 1944 5347 bus
1960 5290 2152 5364 liquet,
2189 5305 2351 5363 quem
2369 5290 2650 5362 Scriptura
2669 5305 2821 5346 sacra
2854 5288 3171 5361 angularem
3214 5286 3451 5360 lapidem

1840 5386 2022 5449 vocet,
2053 5379 2213 5436 illum
2243 5378 2490 5452 profecto
2524 5378 2640 5452 qui,
2664 5376 2796 5434 dum
2827 5378 2887 5434 in
2915 5392 2971 5435 se
3001 5375 3135 5437 hinc
3162 5378 3452 5439 Iudaicum

1855 5661 1866 5673 ο
1918 5590 1939 5626 ⁸
1970 5588 2134 5673 Corb.
2181 5587 2388 5658 Germ.,
2438 5584 2705 5658 Vindoc.,
2749 5587 2927 5645 Pratel
2958 5595 3013 5645 et
3044 5588 3116 5645 al.
3148 5587 3363 5658 Norm.,
3397 5590 3456 5645 ut

1845 5668 2324 5803 mftS'igfwliaud”
2373 5731 2571 5799 Vind.,
2621 5732 2850 5802 Turon.,
2897 5749 3034 5803 quos
3080 5742 3278 5792 secuta
3321 5739 3450 5788 sunt

1846 5812 1958 5862 vet.
1993 5805 2154 5878 Edit.
2179 5807 2254 5878 In,
2281 5804 2444 5862 Corb.
2490 5805 2699 5873 Germ.,
2746 5804 2943 5861 Pratel.
2984 5805 3219 5878 aliisque
3261 5804 3449 5861 Norm.

1849 5884 1904 5934 et
1933 5877 2223 5950 plurimis,"
2244 5877 2474 5951 legitur:
2509 5878 2597 5934 sed
2625 5893 2742 5933 cum
2773 5883 2877 5933 tam
2905 5879 3094 5934 multa.

3205 5973 3270 6027 15
