3920 6374
499 309 606 368 459

1712 311 1965 370 SANCTI
2000 313 2338 373 GREGORII
2374 316 2601 374 MAGNI

3709 320 3821 380 ισο

496 438 655 494 illinc
695 435 957 508 gentilem
1005 434 1270 508 populum
1312 436 1544 511 suscipit
1579 436 1639 494 in
1685 453 1797 494 una
1838 438 2097 497 Ecclesia
2128 453 2178 514 Α
2207 442 2390 511 audit;
2423 443 2549 501 huit
2583 461 2710 503 cum
2757 444 2893 502 ﬁdes
2934 444 3115 515 datur,
3154 443 3224 502 ad
3257 444 3556 504 mdiﬁcinm
3605 445 3820 505 subse—

495 525 706 581 fabrica
734 524 891 597 quasi
947 522 1086 581 duos
1146 526 1379 599 parietes
1418 525 1626 600 jungit,
1680 528 1838 584 illum
1887 528 1955 584 de
1982 545 2092 603 quo

493 616 762 691 scriptum
805 625 922 673 est:
969 618 1113 675 Fecit
1160 626 1386 691 utraque
1416 636 1580 675 unum
1619 619 1839 692 (Ephes.
1881 637 1943 689 ιι,
1977 620 2089 694 14).

491 705 599 776 Qui
627 705 948 779 angularem
977 722 1034 763 se
1063 707 1300 781 lapidem
1329 724 1441 765 non
1465 708 1645 765 solum
1663 708 1720 763 in
1737 707 2094 766 inferioribus

490 796 585 854 sed
614 804 670 854 et
700 797 758 853 in
789 796 1043 869 supernis
1070 796 1347 867 exhibuit,
1386 797 1516 871 quia
1563 804 1619 853 et
1653 797 1712 853 in
1754 805 1899 854 terra
1945 798 2091 872 plebi

491 886 804 944 Israelitica
834 884 1086 943 nationes
1113 887 1358 959 gentium
1393 894 1448 942 et
1479 894 1768 961 utramque
1802 886 1969 944 simul
1998 904 2091 944 an-

490 974 625 1047 gelis
653 974 713 1031 in
744 974 884 1032 cmlo
912 975 1165 1033 sociavit.
1199 977 1280 1032 Eo
1308 975 1511 1049 quippe
1548 983 1678 1032 nato
1713 976 2092 1036 clamaverunt

487 1062 667 1135 angeli
692 1080 704 1119 :
730 1063 798 1120 In
828 1070 973 1120 terra
994 1080 1110 1137 pas:
1137 1063 1433 1120 hominibus
1463 1064 1609 1121 bona
1625 1066 1914 1122 voluntatis
1936 1067 2087 1138 (Luc.

488 1169 550 1221 ιι,
578 1152 691 1225 ili).
736 1153 800 1209 In
846 1160 975 1210 ortu
1015 1152 1162 1210 enim
1197 1154 1360 1226 Regis
1388 1170 1732 1229 nequaquam
1763 1171 1863 1228 pro
1893 1172 2090 1229 magno

487 1243 746 1300 oﬂ’errent
772 1243 1095 1301 hominibus
1122 1245 1273 1317 pacis
1300 1245 1519 1318 gaudia,
1550 1246 1597 1302 si
1617 1246 1950 1303 discordiam
1978 1263 2089 1303 non

486 1331 770 1390 haberent.
788 1335 866 1391 De
895 1332 1003 1392 hoc
1031 1332 1212 1407 lapide
1241 1350 1338 1407 per
1367 1335 1694 1407 PrOphetam
1725 1335 1932 1392 dicitur
1954 1352 1966 1391 :
1987 1336 2089 1392 La-

478 1422 657 1493 pidem
681 1440 834 1494 quem
862 1423 1280 1495 reprobaverunt
1313 1423 1650 1496 wdiﬁcantes,
1694 1424 1777 1479 hic
1814 1424 1989 1495 factus
2016 1431 2091 1480 est

482 1513 539 1566 in
568 1514 925 1584 caputanguli
942 1513 1115 1585 (Psal.
1138 1529 1309 1580 cxvn,
1333 1512 1449 1585 22).
1469 1512 1649 1586 Hujus
1668 1513 1867 1587 lapidis
1887 1522 2087 1587 typum

482 1601 776 1659 Jechonias
801 1618 900 1657 rex
938 1601 1137 1670 tenuit,
1175 1617 1339 1674 quem
1369 1601 1659 1658 Mattheus
1706 1601 1839 1658 dum
1872 1610 2086 1675 quater-

483 1690 653 1747 denas
680 1690 1057 1761 generationes
1086 1690 1439 1759 describeret,
1479 1691 1723 1749 secundo
1771 1692 2089 1749 numeravit

2202 535 2423 607 quentis
2452 535 2632 609 operis
2654 535 2770 609 jam
2800 534 3224 593 fundamentum
3246 537 3492 610 ponitur.
3535 537 3630 595 Ide
3659 547 3820 597 aeter-

2202 639 2274 680 na
2295 623 2412 697 jam
2440 624 2638 694 credit,
2666 641 2766 682 nec
2790 632 2973 681 tamen
2996 624 3213 693 metuit,
3230 624 3453 682 venturi
3468 623 3676 697 judicii
3709 634 3817 684 ter-

2201 731 2383 770 rorem
2409 714 2664 787 despicit,
2707 714 2943 788 peccatis
2976 730 3033 772 se
3059 714 3241 772 carnis
3267 723 3323 772 et
3350 715 3582 788 spiritus
3605 716 3818 774 auden-

2202 812 2286 860 ter
2327 805 2597 872 involvit;
2649 804 2783 863 huic
2839 813 3060 879 repente
3115 823 3241 863 cum
3298 805 3585 863 futuorum
3643 808 3819 865 timor

2202 896 2542 968 infunditur,
2573 906 2635 955 ut
2663 898 2823 956 bonae
2849 900 2979 956 vita
3005 906 3192 971 surgat
3212 898 3535 969 aediﬁcium,
3548 898 3665 973 jam
3688 900 3816 958 fun-

2200 986 2457 1044 damenta
2497 998 2916 1047 construuntur.
2948 989 3133 1047 Posito
3165 989 3349 1063 itaque
3378 1005 3654 1062 prospera
3686 990 3818 1046 for-

2200 1075 2429 1133 midinis
2456 1076 2837 1141 fundamento.
2868 1095 2994 1136 cum
3026 1078 3297 1135 virtutum
3327 1078 3535 1135 fabrica
3555 1079 3614 1134 in
3634 1079 3813 1136 alium

2199 1163 2443 1234 ducitur,
2470 1182 2687 1223 necesse
2716 1176 2796 1224 est
2835 1176 2897 1224 ut
2925 1166 3308 1241 unusquisque
3338 1166 3632 1239 proﬁciens
3663 1169 3817 1225 vires

2198 1271 2323 1311 suas
2353 1266 2511 1313 caute
2555 1258 2836 1325 metiatur,
2869 1259 2891 1292 ⁴
2918 1267 2979 1314 ut
3006 1275 3133 1315 cum
3173 1257 3367 1313 divina
3393 1260 3814 1317 constructione

2198 1361 2427 1417 magnus
2475 1363 2590 1403 esse
2629 1345 2744 1419 jam
2783 1346 3045 1419 coeperit,
3102 1346 3459 1420 semetipsum
3491 1349 3512 1382 ⁸
3543 1347 3814 1421 respiciat

2198 1434 2315 1491 sine
2345 1437 2647 1494 cessatione
2675 1437 2823 1511 quod
2852 1436 2979 1506 fuit,
3000 1446 3274 1511 quatenus
3300 1436 3592 1495 attendens
3622 1437 3811 1494 humi-

2198 1523 2326 1579 liter
2343 1526 2493 1598 quod
2513 1542 2609 1598 per
2631 1526 2886 1583 meritum
2915 1526 3177 1583 inventus
3204 1535 3305 1595 est,
3330 1544 3681 1601 nequaquam
3699 1527 3810 1584 sibi

2198 1624 2411 1687 arroget
2455 1615 2602 1688 quod
2636 1632 2735 1689 per
2763 1617 2994 1689 gratiam
3029 1615 3209 1673 factus
3236 1626 3338 1674 est.
3388 1616 3540 1674 Unde
3572 1628 3627 1674 et
3655 1634 3811 1677 nunc

2197 1704 2391 1761 beatus
2418 1705 2520 1762 Job
2550 1723 2646 1779 per
2684 1723 2976 1780 supernam
3007 1724 3196 1764 vocem
3224 1706 3294 1763 ad
3322 1707 3678 1781 semetipsum
3710 1726 3810 1765 re-

482 1779 704 1851 (Matth.
737 1796 779 1847 ι,
812 1779 1129 1871 ll)._Quem
1154 1779 1303 1835 enim
1332 1778 1433 1836 ﬁni
1462 1779 1737 1850 secundae,
1756 1782 1934 1853 ipsum
1966 1797 2080 1837 rur-

2196 1794 2438 1864 ducitur,
2479 1805 2532 1853 et
2554 1778 2630 1852 ne
2659 1796 2727 1852 de
2756 1778 3059 1853 virtutibus
3100 1796 3325 1870 gloriari
3351 1778 3569 1867 audeat,
3601 1798 3670 1854 de
3694 1815 3809 1854 an-

483 1884 606 1925 sum
637 1868 801 1924 initio
829 1866 1015 1940 tertiae.
1034 1868 1402 1940 generationis
1420 1868 1673 1927 inseruit.
1700 1871 1819 1942 Ipse
1848 1886 2084 1943 namque

486 1957 544 2013 in
574 1956 937 2031 Babyloniam
970 1974 1097 2016 cum
1137 1958 1441 2015 Israelitica
1483 1958 1638 2032 plebe
1669 1958 1937 2031 migratus
1977 1966 2081 2027 est,

483 2046 580 2121 qui
615 2048 748 2105 dum
777 2048 847 2105 ab
874 2049 1000 2106 aliis
1028 2047 1098 2106 ad
1124 2049 1234 2105 alia
1259 2049 1505 2117 ducitur,
1533 2066 1632 2122 pro
1659 2049 1949 2123 utriusque
1978 2066 2084 2122 pa-

482 2138 637 2195 rietis
660 2138 828 2195 latere
856 2154 968 2195 non
986 2138 1266 2196 immerito
1285 2138 1528 2197 secundo
1543 2147 1882 2195 numeratur.
1909 2137 2084 2211 Cujus

482 2229 830 2303 migrationis
861 2228 1008 2285 ﬂexu
1052 2230 1369 2302 angularem
1407 2228 1647 2301 lapidem
1676 2228 1942 2302 designat.
1980 2229 2081 2285 Ubi

482 2317 630 2375 enim
659 2319 794 2376 ordo
824 2333 856 2373 a
881 2318 1215 2375 rectitudine
1243 2316 1578 2386 deﬂectitur,
1620 2324 1684 2374 ut
1715 2333 1781 2375 ea
1808 2319 1868 2374 in
1897 2318 2080 2375 diver-

479 2425 625 2479 sum,
664 2416 928 2485 tanquam
955 2409 1219 2483 angulum
1257 2408 1410 2467 facit.
1445 2410 1611 2466 Recte
1638 2424 1766 2481 ergo
1795 2409 2072 2466 numerari

476 2498 565 2556 bis
607 2500 811 2573 potuit,
851 2500 982 2573 quia
1010 2516 1107 2572 per
1133 2506 1432 2572 utrumque
1460 2499 1725 2572 parietem
1764 2499 1921 2573 quasi
1968 2498 2079 2555 duo

479 2589 539 2645 in
567 2602 625 2643 se
652 2588 824 2644 latera
865 2588 1126 2658 ostendit,
1170 2587 1317 2644 unde
1350 2595 1405 2643 et
1441 2586 1560 2659 ejus
1602 2588 1740 2644 bene
1782 2588 2078 2661 imaginem

478 2673 682 2745 tenuit,
726 2674 822 2747 qui
868 2673 927 2731 in
962 2674 1149 2732 Iudaea
1176 2683 1352 2743 ortus,
1396 2676 1760 2748 gentilitatem
1790 2677 2075 2749 colligens,

479 2764 638 2837 quasi
663 2780 695 2819 a
721 2763 1081 2837 Jerosolymis
1107 2763 1470 2837 Babyloniam
1518 2765 1693 2835 venit,
1745 2774 1906 2838 atque
1936 2765 2080 2823 hanc

481 2858 539 2913 in
567 2856 861 2928 semetipso
889 2855 1018 2914 ﬁdei
1046 2855 1311 2914 fabricam
1341 2859 1358 2892 ¹
1391 2857 1545 2930 prius
1572 2857 1863 2914 discordiae
1891 2857 2078 2914 studio

474 2965 699 3023 scissam
727 2970 843 3020 arte
868 2963 1154 3020 charitatis
1180 2963 1444 3023 intexuit.

546 3055 652 3113 Sed
681 3055 799 3111 haec
824 3072 947 3129 quae
994 3054 1061 3111 de
1111 3054 1516 3128 signiﬁcatione
1563 3064 1767 3113 sanctae
1816 3055 2076 3113 Ecclesia;

475 3143 622 3202 dicta
648 3154 778 3202 sunt
809 3145 986 3217 placet
1012 3151 1076 3199 ut
1116 3143 1364 3200 breviata
1406 3144 1762 3217 replicatione
1794 3145 2078 3201 moraliter
2106 3179 2149 3241 c

475 3235 834 3293 disserantur.
892 3235 1135 3305 Dignum
1180 3250 1417 3307 namque
1467 3242 1551 3291 est
1596 3242 1659 3292 ut
1703 3252 1799 3309 per
1853 3251 1916 3292 ea
1956 3252 2079 3309 quas

474 3327 635 3383 beato
663 3325 766 3381 Job
794 3322 907 3381 dici
952 3324 1338 3396 cognoscimus
1380 3323 1449 3381 ad
1482 3325 1646 3383 corda
1692 3333 1880 3383 nostra
1908 3342 2079 3383 revo-

477 3431 685 3483 cemur,
717 3414 848 3487 quia
877 3413 1043 3469 verba
1082 3411 1182 3469 Dei
1229 3418 1363 3470 tunc
1401 3431 1557 3472 mens
1599 3416 1787 3473 verius
1815 3414 2079 3487 intelligit

479 3520 605 3561 cum
636 3505 695 3559 in
729 3504 809 3560 eis
842 3502 1190 3576 semetipsam
1221 3504 1436 3577 quaerit.
1470 3505 1612 3563 Ecce
1641 3506 1790 3562 enim
1822 3503 2030 3561 dicitur
2060 3520 2072 3559 :

1094 3627 1323 3688 CAPUT
1346 3629 1445 3688 IX.

546 3742 719 3802 Vnus.
748 3740 804 3798 4.
835 3768 907 3783 -
938 3738 1035 3799 Ubi
1065 3755 1185 3796 eras
1212 3739 1425 3811 quando
1447 3737 1705 3811 ponebam
1731 3735 2080 3809 fundamenta

480 3835 680 3891 terrae?

545 3927 748 3983 Sensus
774 3937 1029 3982 uoaALrs.
1060 3951 1132 3964 -
1168 3919 1258 3977 ΞΟ.
1319 3917 1461 3986 Quid
1512 3932 1579 3971 ea:
1626 3915 1777 3971 nobis
1815 3913 2079 3985 fuerimus

474 4032 674 4088 semper
698 4011 1160 4076 considerandum,
1189 4025 1255 4063 ne
1273 4006 1415 4079 quod
1441 4020 1623 4061 sumus
1642 4021 1707 4060 ea:
1721 4005 1820 4060 Dei
1838 4021 2075 4074 munere,

474 4102 624 4159 nobis
652 4100 965 4158 tribuamus.
996 4129 1068 4140 —
1095 4097 1153 4153 Si
1183 4093 1485 4168 peccatoris
1514 4091 1733 4147 animus
1762 4091 1946 4165 pulvis
1974 4098 2075 4162 est,

474 4194 499 4229 ²
527 4192 623 4266 qui
652 4192 711 4247 in
740 4188 1027 4263 superﬁcie
1054 4184 1349 4252 attollitur,
1381 4190 1436 4238 et
1459 4181 1780 4237 tentationis
1799 4197 1932 4238 aura
1957 4198 2077 4254 rap-

474 4290 625 4340 tatur
647 4281 792 4337 unde
820 4279 1087 4349 scriptum
1117 4280 1201 4329 est
1232 4290 1244 4328 :
1286 4272 1407 4328 Non
1434 4271 1509 4326 sic
1532 4271 1711 4344 impii,
1730 4290 1838 4328 non
1862 4274 1958 4341 sic,
1988 4273 2079 4327 sed

477 4382 745 4444 tamquam
768 4368 970 4441 pulvis,
1019 4381 1171 4437 quem
1206 4361 1428 4435 projicit
1461 4368 1642 4419 ventus
1682 4381 1718 4419 a
1753 4363 1893 4434 facie
1922 4370 2078 4421 terra

478 4464 651 4537 (Psal.
684 4478 726 4530 ι,
755 4460 839 4532 5),
866 4462 1011 4521 903
1039 4455 1121 4512 nil
1148 4454 1329 4511 obstat
1350 4462 1551 4511 terram
1567 4454 1805 4527 intelligi
1831 4455 2075 4514 animam

470 4559 629 4634 justi,
657 4556 725 4612 de
754 4570 863 4629 qua
887 4554 1154 4626 scriptum
1182 4559 1265 4609 est
1298 4570 1309 4609 :
1345 4555 1514 4611 Terra
1544 4554 1686 4609 enim
1713 4571 1849 4626 saepe
1872 4555 2077 4611 venien-
2111 4544 2161 4605 D

477 4651 574 4700 tem
601 4662 759 4717 super
786 4661 838 4700 se
854 4644 1029 4700 bibens
1047 4644 1287 4710 imbrem,
1302 4650 1350 4699 et
1360 4661 1614 4716 generans
1633 4644 1869 4711 herbam,
1885 4662 2075 4716 oppor-

477 4740 660 4791 tunam
699 4734 814 4790 illis
863 4751 899 4790 a
943 4733 1131 4805 quibus
1172 4732 1365 4789 colitur
1415 4733 1621 4806 acciput
1677 4733 2077 4790 benedictionem

478 4825 628 4901 (Heb.
681 4841 760 4894 vr,
806 4824 885 4898 7.)
932 4824 1055 4899 [νει
1090 4822 1187 4899 Χ.]
1244 4825 1265 4859 ³
1314 4822 1419 4879 Sed
1461 4822 1629 4895 hujus
1672 4831 1831 4880 terra;
1884 4823 2075 4881 funda-

476 4922 722 4972 mentum
752 4912 889 4970 ﬁdes
908 4920 1010 4971 est.
1029 4913 1208 4985 Hujus
1226 4918 1383 4967 terrai
1402 4911 1827 4969 fundamentum
1844 4912 2073 4985 jacitur,

474 4992 694 5080 quando
709 5006 769 5062 in
786 5004 1019 5063 occultis
1038 5002 1224 5059 cordis
1240 5002 1418 5075 prima
1434 5002 1734 5059 soliditatis
1750 5018 1914 5059 causa
1932 5003 2076 5059 divi-

474 5113 579 5157 nus
607 5098 777 5156 timor
804 5095 1127 5169 inspiratur.
1149 5094 1256 5151 Iste
1283 5092 1521 5151 necdum
1540 5092 1716 5152 credit
1738 5101 1942 5151 aeterna
1955 5108 2077 5167 quas

550 5318 567 5355 ¹
597 5318 807 5374 Turon.
826 5323 881 5372 et
895 5311 1095 5384 Laud.,
1106 5312 1265 5387 prius
1280 5311 1558 5387 discordia:
1574 5312 1886 5373 studiosam.
1904 5311 2069 5372 Corb.

474 5384 685 5458 Nerm.,
709 5388 867 5458 prius
894 5384 1173 5443 discordia:
1200 5385 1319 5441 odio
1349 5386 1583 5458 scissam.

545 5462 567 5497 ³
598 5456 761 5519 Corh.
793 5460 1004 5527 Germ.,
1034 5460 1209 5516 Pratel
1240 5464 1294 5531 et
1320 5457 1486 5531 Utic.,
1525 5456 1653 5529 quia
1691 5457 1747 5513 in
1775 5458 2069 5531 superﬁcie.

546 5533 571 5571 ³
598 5533 797 5601 Laud.,
838 5532 1058 5589 omissis
1089 5530 1299 5597 multis,
1345 5529 1435 5583 sed
1464 5529 1625 5600 hujus
1675 5529 1851 5585 terra!
1873 5529 2071 5600 funda-

473 5612 705 5663 mentum
716 5603 943 5674 jacitur.

547 5679 568 5755 ξ
597 5677 795 5755 haud"
825 5682 872 5731 et
893 5693 1014 5755 cum
1043 5675 1225 5755 divina
1253 5681 1534 5755 construct.
1738 5742 1749 5755 .
1786 5743 1797 5754 _

544 5751 566 5784 ³
599 5749 859 5818 Vindoc.,
892 5747 1113 5806 Ebroic.
1143 5754 1198 5803 et
1224 5747 1296 5804 al.
1326 5748 1543 5815 Norm.,
1566 5747 1873 5819 perspiciat.

546 5823 568 5857 ⁸
595 5820 818 5892 Pratel.,
847 5820 960 5877 noli
989 5825 1036 5877 te
1058 5826 1246 5876 contra
1441 5818 1711 5876 exlotlere.

2193 1893 2366 1942 tracta
2394 1885 2510 1942 vita
2539 1895 2893 1955 memoratur,
2926 1887 3085 1960 eique
3115 1886 3359 1945 dicitur:
3391 1887 3623 1945 Ubieras
3636 1905 3808 1960 quan-

2192 1975 2259 2031 do
2283 1975 2540 2046 ponebam
2571 1974 2919 2046 fundamenta
2952 1980 3139 2034 terrae?
3166 1979 3248 2036 Ac
3275 1978 3323 2035 si
3345 1977 3654 2050 justiﬁcato
3683 1994 3808 2051 pec-

2191 2065 2363 2120 catori
2392 2073 2577 2137 aperte
2614 2064 2832 2123 Veritas
2860 2065 3007 2123 dicat
3042 2083 3055 2121 :
3092 2066 3343 2124 Virtutes
3369 2084 3403 2124 a
3431 2084 3519 2124 me
3548 2077 3809 2141 acceptas

2192 2152 2293 2209 tibi
2338 2170 2448 2210 non
2497 2154 2723 2223 tribuas,
2756 2157 2777 2190 ⁶
2808 2154 2924 2211 noli
2952 2164 3145 2213 contra
3174 2173 3262 2212 me
3290 2156 3358 2213 de
3401 2173 3523 2213 meo
3572 2174 3808 2214 munere

2190 2241 2404 2299 extolli.
2439 2244 2459 2278 ⁷
2490 2244 2687 2301 Recole
2719 2244 2814 2302 ubi
2855 2254 2907 2302 te
2951 2245 3143 2302 inveni
3180 2246 3403 2319 quando
3444 2262 3566 2303 meo
3599 2246 3804 2305 timore

2190 2333 2369 2405 prima
2396 2333 2456 2389 in
2486 2342 2538 2391 te
2567 2333 2928 2391 fundamenta
2955 2335 3228 2392 virtutum
3259 2337 3441 2409 posui.
3475 2337 3673 2394 Recole
3700 2337 3803 2394 ubi

2190 2432 2243 2479 te
2274 2424 2463 2480 inveni
2494 2424 2713 2497 quando
2749 2441 2871 2480 meo
2918 2434 2971 2481 te
3021 2425 3219 2482 timore
3264 2425 3523 2482 solidavi.
3560 2427 3629 2483 Ut
3671 2443 3805 2500 ergo

2190 2529 2288 2585 ego
2320 2514 2377 2569 in
2408 2523 2462 2571 te
2487 2529 2600 2569 non
2646 2514 2926 2571 destruam
2975 2515 3123 2588 quod
3174 2517 3489 2586 construxi,
3540 2516 3658 2589 ipse
3684 2533 3801 2573 non

2187 2620 2363 2661 cesses
2391 2603 2737 2661 considerare
2776 2604 2924 2678 quod
2967 2605 3163 2677 reperi.
3198 2605 3372 2673 Quem
3404 2605 3554 2662 enim
3583 2605 3805 2663 Veritas

2188 2694 2296 2749 nisi
2326 2701 2422 2749 aut
2451 2694 2508 2749 in
2538 2693 2765 2766 ﬂagitiis
2794 2700 2889 2749 aut
2927 2694 2985 2750 in
3031 2694 3349 2751 excessibus
3392 2694 3616 2751 invenit
3636 2695 3665 2751 7
3694 2696 3803 2753 Sed

2188 2790 2311 2856 post
2350 2782 2467 2840 hac
2518 2783 2656 2840 bene
2700 2800 2990 2856 possumus
3037 2801 3253 2840 servare
3301 2776 3451 2857 quod
3490 2801 3702 2853 sumus,
3754 2786 3802 2841 si

2188 2888 2469 2944 nunquam
2494 2872 2823 2944 negligimus
2844 2887 3071 2944 pensare
3093 2870 3241 2945 quod
3274 2871 3499 2929 fuimus.
3528 2872 3798 2929 Nonnun-

2188 2977 2351 3033 quam
2381 2969 2565 3016 tamen
2594 2960 2936 3017 clandestina
2965 2962 3131 3017 elalio
3164 2962 3332 3017 etiam
3377 2961 3635 3018 sollicitis
3662 2978 3803 3018 cor-

2187 3048 2351 3105 dibus
2391 3050 2684 3122 subrepere
2726 3052 2886 3119 solet,
2926 3059 2988 3107 ut
3017 3051 3291 3107 bonorum
3338 3050 3626 3123 cogitatio,
3669 3052 3804 3110 licet

2188 3140 2410 3196 subtilis
2437 3140 2509 3196 sit
2536 3156 2600 3197 ac
2630 3158 2831 3213 pressa,
2853 3142 2874 3175 ⁸
2893 3157 3020 3197 cum
3051 3140 3210 3197 valde
3240 3140 3298 3196 in
3330 3141 3635 3198 virtutibus
3663 3157 3803 3199 cre-

2187 3228 2316 3298 scit,
2346 3229 2521 3285 oblita
2547 3228 2887 3287 inﬁrmitatis
2913 3231 3167 3303 propriae,
3201 3246 3546 3304 nequaquam
3584 3232 3655 3289 ad
3686 3248 3802 3289 me-

2190 3317 2422 3373 moriam
2454 3329 2673 3376 revocet
2701 3320 2835 3393 quid
2867 3321 2925 3376 in
2955 3320 3109 3377 vitiis
3136 3321 3323 3377 fuerit.
3350 3319 3503 3377 Unde
3532 3331 3586 3378 et
3615 3323 3801 3377 omni-

2190 3420 2382 3484 potens
2427 3413 2591 3481 Dcus,
2624 3414 2754 3487 quia
2781 3415 2968 3487 augeri
2995 3413 3377 3471 inﬁrmitatem
3407 3415 3574 3472 etiam
3601 3414 3669 3471 de
3698 3431 3803 3471 re-

2190 3500 2386 3558 mediis
2433 3503 2628 3559 salutis
2683 3505 2975 3576 conspicit,
3021 3520 3338 3561 mensuram
3395 3504 3529 3576 ipsis
3587 3504 3802 3560 nostris

2190 3594 2527 3667 profectibus
2556 3595 2813 3669 imponit,
2854 3604 2917 3652 ut
2970 3595 3270 3653 habeamus
3321 3594 3573 3669 quaedam
3603 3594 3801 3651 virtu—

2188 3693 2305 3741 tum
2344 3684 2489 3742 hona
2517 3702 2637 3759 quas
2666 3701 2951 3759 nunquam
2985 3687 3362 3760 quaesivimus,
3401 3693 3455 3741 et
3484 3701 3801 3759 quaeramus

2187 3789 2326 3847 quae,
2359 3774 2505 3844 dam,
2552 3790 2655 3833 nec
2705 3782 2890 3832 tamen
2938 3774 3140 3833 habere
3183 3776 3485 3843 valeamus,
3520 3780 3801 3847 quatenus

2187 3880 2342 3920 mens
2370 3874 2558 3922 nostra
2587 3865 2721 3922 dum
2772 3864 2890 3924 haec
2928 3881 3042 3922 non
3091 3872 3272 3937 potest
3312 3863 3515 3921 habere
3545 3880 3669 3938 quas
3698 3880 3801 3938 ap-

2185 3953 2343 4026 petit,
2382 3961 2435 4009 et
2478 3954 2574 4009 illa
2612 3970 2669 4010 se
2699 3954 2974 4027 intelligat
3016 3954 3083 4010 de
3113 3956 3405 4026 semetipsa
3446 3970 3561 4010 non
3589 3952 3797 4010 habere

2187 4059 2308 4115 quae
2346 4042 2531 4113 habet,
2563 4052 2618 4101 et
2644 4061 2741 4117 per
2769 4061 2833 4101 ea
2861 4062 2982 4119 quae
3013 4046 3214 4103 adsunt
3243 4044 3669 4103 considerentur
3696 4044 3798 4101 illa

2185 4151 2305 4207 quae
2334 4134 2552 4204 desunt,
2583 4143 2638 4191 et
2666 4151 2761 4207 per
2784 4150 2848 4190 ea
2878 4151 3000 4208 quae
3029 4135 3242 4192 utiliter
3269 4135 3470 4192 desunt
3499 4143 3798 4191 serventur

2186 4223 2472 4282 humiliter
2522 4224 2667 4281 bona
2708 4242 2829 4299 quae
2879 4225 3098 4281 adsunt.
3160 4225 3313 4282 Unde
3356 4233 3410 4282 et
3457 4234 3606 4282 recte
3636 4227 3658 4261 ⁹
3689 4242 3792 4298 pro

2185 4315 2351 4388 hujus
2379 4325 2559 4383 torres,
2593 4315 2650 4371 id
2679 4323 2761 4373 est
2783 4314 2946 4389 justas
2970 4312 3170 4372 animae
3201 4315 3614 4389 dispensatione
3643 4315 3792 4373 sub-

2179 4407 2437 4481 jungitur
2466 4425 2478 4464 :

2819 4530 3049 4592 CAPUT
3077 4532 3152 4591 Χ.

2255 4644 2428 4701 Vnus.
2460 4641 2513 4711 4,
2545 4643 2599 4699 5.
2628 4671 2695 4685 -
2721 4642 2909 4699 Indica
2935 4644 3086 4711 mihi,
3114 4643 3162 4698 si
3188 4643 3345 4700 habes
3363 4644 3796 4718 intelligentiam,

2183 4733 2303 4807 quis
2327 4734 2511 4805 posuit
2542 4749 2818 4788 mensuras
2844 4732 2980 4803 ejus,
3018 4734 3065 4789 si
3109 4734 3272 4803 nosti,
3305 4734 3389 4791 vel
3421 4735 3542 4806 quis
3583 4736 3797 4792 tetendit

2185 4841 2345 4897 super
2372 4841 2486 4880 eam
2519 4824 2713 4881 lineam
2733 4826 2761 4881 ?

2258 4914 2345 4970 2L
2399 4915 2571 4982 Quam
2610 4915 2876 4986 sapienter
2914 4915 3058 4971 Deus
3094 4915 3237 4972 dona
3278 4932 3400 4982 sua,
3454 4933 3565 4973 non
3612 4920 3793 4977 omnia

2185 5006 2446 5070 omnibus,
2505 5005 2593 5061 sed
2646 5006 2858 5077 singula
2912 5005 3138 5079 singulis
3190 5007 3499 5064 distribuat.
3538 5037 3614 5050 -
3661 5008 3794 5077 Quis

2186 5094 2335 5152 enim
2369 5096 2415 5131 ¹⁰
2444 5094 2555 5153 nisi
2594 5093 2850 5154 conditor
2876 5105 3064 5153 noster
3103 5095 3273 5171 hujus
3299 5106 3457 5155 terras
3502 5113 3791 5156 mensuras

2257 5314 2278 5351 ⁷
2310 5313 2438 5387 Haec
2479 5312 2537 5369 in
2578 5311 2774 5387 Laud.,
2804 5311 3005 5387 desunt
3048 5329 3222 5387 usque
3266 5311 3338 5370 ad
3369 5330 3382 5370 :
3428 5313 3599 5387 recole
3624 5313 3720 5369 ubi
3747 5321 3790 5369 te

2180 5385 2360 5441 inveni
2410 5385 2622 5456 quando
2668 5401 2779 5439 meo
2834 5386 3018 5441 timore
3064 5384 3398 5442 te‘solidavi.
3446 5384 3688 5443 Vindoc.
3738 5393 3789 5441 et

2182 5456 2370 5526 Corh.,
2421 5459 2627 5529 Germ.,
2676 5458 2845 5529 recole
2879 5457 2969 5511 ubi
3001 5463 3046 5512 te
3071 5457 3249 5513 inveni
3275 5456 3491 5529 quando
3513 5456 3701 5528 prima
3731 5458 3787 5511 in

2184 5535 2248 5598 te,
2270 5537 2398 5595 etc.,
2428 5528 2647 5599 omissis
2677 5528 2861 5584 verbis
2890 5546 3001 5583 meo
3033 5529 3239 5599 timore,

2255 5601 2276 5635 ⁸
2305 5600 2504 5657 Pratel.
2537 5609 2591 5656 et
2620 5598 2805 5667 Corh.,
2842 5600 3054 5669 Germ.,
3083 5617 3200 5656 cum
3216 5598 3335 5670 jam
3362 5601 3536 5657 valde.

2253 5670 2581 5745 “haudunﬂ
2604 5688 2704 5745 per
2731 5670 2889 5745 hujus
2920 5677 3138 5745 terra...
3173 5673 3584 5745 dispensatione.

2258 5688 2274 5707 -
2307 5688 2581 5740 nandum,
2645 5688 2704 5726 er
2731 5688 2889 5740 Itqu
2920 5688 3138 5728 terris...
3173 5688 3289 5745 disp

2258 5743 2301 5777 ¹⁰
2331 5741 2479 5799 Idem
2513 5688 2672 5813 Cati,
2702 5743 2809 5799 nisi
2836 5744 3066 5799 creditor
3091 5751 3289 5801 noster.
