3920 6378
98 335 193 393 461

782 345 1157 406 MOBALIUM
1197 350 1328 408 LIB.
1372 352 1627 410 XXVIII.
1669 384 1739 397 —
1777 356 1850 413 IN
1887 357 2115 417 CAPUT
2154 363 2449 422 XXXVIII
2488 367 2550 423 Β.
2592 368 2735 426 JOB.

3322 375 3430 436 462

96 464 251 537 ponit
280 466 403 539 qui,
454 467 662 568 interni
691 469 914 568 .judicii
940 484 1149 533 secreto
1178 475 1575 549 moderamine,
1605 480 1702 537 alii
1733 486 1786 547 Α
1823 500 1922 557 per
1958 485 2189 544 Paulum
2233 487 2439 547 dicitur
2469 508 2483 548 :
2529 492 2670 548 Nam
2704 499 2754 549 et
2782 511 2975 568 corpus
2998 515 3110 556 non
3146 508 3221 559 est
3263 519 3432 561 unum

96 570 417 614 sermonem
467 561 773 634 sapientia,
821 563 917 621 alii
956 581 1265 623 sermonem
1307 568 1571 638 scientia,
1620 570 1716 626 alii

94 645 320 717 plenam
355 646 550 719 ﬁdem,
581 650 677 706 alii
710 652 941 722 gratiam
972 654 1294 725 sanitatum,
1323 657 1421 713 alii
1448 658 1717 730 operatio-

94 750 219 790 nem
257 736 567 808 virtutum,
617 739 715 795 alii
760 742 1131 815 prophetiam,
1180 744 1277 801 alii
1325 746 1715 804 discretionem

92 823 426 895 spirituum,
470 827 572 883 alii
610 844 809 900 genera
840 831 1182 905 linguarum,
1231 834 1326 890 alii
1361 840 1507 899 904
1535 835 1718 893 inter-

96 925 473 996 pretationem
503 943 824 986 sermonum
856 931 1056 990 tribuit
1086 932 1144 1005 (Ι
1172 934 1298 990 Cor.
1329 950 1433 1003 χιι,
1463 934 1547 1007 8),
1577 951 1713 1008 qua-

94 1024 261 1072 tenus
290 1017 352 1073 in
383 1035 498 1075 uno
526 1020 832 1096 eodemque
861 1024 1061 1096 spiritu
1091 1027 1195 1083 iste
1225 1027 1395 1084 verbo
1430 1027 1714 1100 sapientia

91 1106 329 1176 polleat,
360 1123 473 1165 nec
497 1116 685 1166 tamen
714 1127 973 1168 sermone
1001 1114 1269 1185 scientia,
1300 1116 1359 1172 id
1387 1126 1469 1173 est
1496 1115 1716 1174 doctri-

94 1212 203 1265 na,
252 1195 553 1269 fulciatur,
596 1200 732 1274 quia
774 1202 983 1258 sentire
1028 1213 1194 1278 atque
1230 1206 1485 1262 invenire
1511 1206 1715 1263 sufﬁcit

92 1286 270 1342 etiam
288 1287 457 1361 quod
488 1305 587 1361 per
615 1289 869 1348 discendi
895 1293 1142 1351 studium
1171 1311 1284 1352 non
1312 1296 1708 1369 apprehendit;

89 1377 189 1433 ille
219 1394 482 1435 sermone
528 1379 777 1438 scientia
822 1382 1048 1456 fulgeat,
1097 1402 1200 1445 nec
1227 1395 1411 1444 tamen
1445 1387 1505 1444 in
1542 1387 1711 1444 verbo

88 1465 386 1539 sapientia
412 1470 783 1541 convalescat,
807 1472 934 1546 quia
956 1481 1010 1531 et
1030 1477 1251 1548 explere
1275 1478 1480 1536 suﬂicit
1502 1480 1518 1513 ¹
1541 1493 1710 1551 quan-

91 1564 214 1611 tum
264 1556 491 1629 didicit,
552 1568 607 1616 et
648 1568 834 1618 tamen
877 1563 947 1620 ad
984 1564 1336 1623 sentiendum
1383 1583 1453 1624 ex
1501 1575 1713 1624 semet-

90 1648 216 1718 ipso
251 1646 462 1704 subtile
491 1648 705 1721 aliquid
733 1668 847 1708 non
865 1656 1124 1728 assurgit.
1154 1657 1263 1713 Iste
1288 1672 1385 1729 per
1407 1655 1573 1714 ﬁdem
1602 1656 1708 1713 ele-

91 1737 307 1793 mentis
346 1736 602 1811 imperat,
650 1756 755 1799 nec
797 1750 981 1800 tamen
1024 1761 1121 1817 per
1147 1747 1445 1805 sanitatum
1475 1748 1705 1821 gratiam

88 1825 458 1884 inﬁrmitates
483 1845 776 1903 corporum
798 1840 986 1902 curat;
1017 1833 1115 1892 ille
1142 1837 1410 1894 orationis
1432 1854 1534 1911 ope
1562 1854 1705 1894 mor-
1737 1845 1785 1906 Β

88 1913 194 1971 bos
223 1915 534 1989 subtrahit,
564 1936 669 1979 nec
692 1930 878 1979 tamen
906 1924 1083 1981 arenti
1112 1932 1270 1982 terra
1302 1927 1471 1984 verbo
1490 1927 1706 2000 pluvias

88 2004 303 2062 reddit.
327 2008 438 2066 Iste
458 2011 779 2083 operatione
802 2012 1073 2071 virtutum
1094 2014 1164 2071 ad
1184 2022 1507 2088 praesentem
1531 2016 1704 2075 vitam

86 2095 261 2153 etiam
295 2106 546 2155 mortuos
565 2111 808 2171 revocat,
838 2111 893 2159 et
912 2112 1121 2175 tamen,
1150 2105 1455 2179 prophetia
1474 2107 1704 2180 gratiam

88 2200 207 2241 non
226 2184 467 2256 habens,
497 2206 619 2262 qua
645 2190 754 2247 sibi
777 2201 1014 2249 ventura
1031 2202 1163 2251 sunt
1181 2195 1429 2268 ignorat;
1462 2196 1558 2252 ille
1577 2213 1706 2254 ven-

90 2282 220 2330 tura
248 2292 487 2351 quaque
524 2280 678 2337 velut
709 2282 1003 2354 prasentia
1042 2284 1301 2355 attendit,
1348 2294 1402 2342 et
1428 2295 1613 2343 tamen
1646 2287 1708 2343 in

85 2364 253 2421 nulla
280 2366 568 2439 signorum
599 2371 920 2443 operatione
948 2389 1005 2429 se
1024 2375 1224 2431 exerit.
1256 2376 1364 2432 Iste
1390 2391 1485 2448 per
1505 2376 1707 2434 discre-

87 2452 306 2510 tionem
342 2456 641 2528 spirituum
671 2459 731 2514 in
756 2459 918 2517 factis
945 2461 1224 2519 subtiliter
1251 2473 1464 2521 mentes
1492 2465 1704 2538 conspi-

83 2543 191 2613 cit,
235 2545 335 2602 sed
363 2556 547 2605 tamen
577 2549 785 2607 diversi
833 2553 1046 2624 generis
1094 2553 1310 2626 linguas
1354 2554 1561 2623 nescit;
1611 2556 1707 2612 ille

85 2636 305 2692 diversi
334 2638 552 2710 generis
579 2640 796 2713 linguas
820 2643 1122 2712 examinat,
1144 2643 1239 2701 sed
1254 2650 1440 2700 tamen
1462 2643 1522 2699 in
1542 2645 1706 2702 rebus

83 2724 382 2783 similibus
409 2728 709 2786 dissimilia
745 2732 914 2788 corda
937 2748 1051 2789 non
1077 2742 1286 2807 pensat.
1318 2735 1480 2791 Alius
1509 2735 1568 2790 in
1595 2750 1707 2791 una

84 2816 285 2887 lingua
304 2833 475 2890 quam
496 2818 655 2875 novit
673 2836 993 2877 sermonum
1022 2822 1264 2894 pondera
1290 2823 1704 2896 interpretando

84 2905 399 2977 prudenter
425 2906 676 2977 discutit,
706 2916 761 2965 et
788 2917 973 2966 tamen
991 2910 1222 2985 reliquis
1249 2912 1412 2969 bonis
1441 2929 1561 2987 qua
1590 2931 1703 2971 non

83 2995 261 3054 habet
286 2998 564 3070 patienter
592 3006 758 3055 caret.

160 3086 257 3144 22.
294 3087 383 3142 Sic
407 3087 699 3143 humilitati
726 3095 940 3144 cavetur
966 3096 1014 3146 et
1041 3091 1490 3149 charitati.—Sic
1517 3092 1701 3166 itaque

81 3184 313 3235 creator
331 3187 522 3236 noster
549 3189 711 3253 atque
736 3181 1035 3255 dispositor
1062 3192 1262 3241 cuncta
1280 3183 1619 3253 moderatur,
1640 3191 1701 3240 ut

84 3269 192 3343 qui
224 3269 429 3326 extolli
458 3277 673 3343 poterat
699 3288 770 3328 ex
809 3272 957 3329 dono
995 3272 1143 3346 quod
1172 3272 1337 3329 habet
1374 3272 1701 3329 humilietur

76 3378 155 3417 ex
187 3361 402 3417 virtute
442 3378 608 3435 quam
648 3379 762 3419 non
792 3362 976 3420 habet.
1015 3364 1107 3421 Sic
1134 3372 1333 3421 cuncta
1361 3362 1698 3433 moderatur,

76 3458 144 3507 ut
173 3468 307 3509 cum
336 3467 433 3524 per
456 3452 762 3525 impensam
790 3453 1019 3525 gratiam
1044 3470 1492 3527 unumquemque
1519 3454 1699 3510 suble-

77 3549 201 3610 vat,
253 3539 423 3597 etiam
468 3557 562 3613 per
609 3541 882 3615 disparem
926 3542 1084 3599 alteri
1125 3544 1361 3599 alterum
1394 3543 1615 3613 subdat,
1645 3552 1700 3601 et

78 3632 377 3688 meliorem
408 3632 641 3705 quisque
669 3632 817 3689 dono
851 3632 962 3689 alio
990 3649 1117 3690 eum
1146 3635 1241 3707 qui
1271 3632 1378 3690 sibi
1402 3632 1698 3706 subjicitur

76 3722 358 3791 attendat,
400 3739 465 3780 ac
493 3723 624 3780 licet
648 3739 706 3780 se
737 3723 932 3796 praire
957 3727 980 3762 ⁸
1025 3732 1080 3781 et
1107 3725 1236 3782 aliis
1263 3728 1485 3795 sentiat,
1516 3725 1696 3783 eidem

78 3822 274 3869 tamen
303 3827 467 3886 quem
494 3820 716 3886 superat
743 3829 800 3870 se
821 3813 880 3869 in
899 3813 1026 3870 aliis
1053 3821 1364 3887 postponat.
1383 3814 1475 3871 Sic
1497 3824 1697 3873 cuncta

77 3903 435 3968 moderatur,
481 3909 545 3959 ut
586 3902 721 3960 dum
760 3903 979 3977 singula
1007 3919 1236 3977 quaque
1264 3911 1394 3961 sunt
1420 3905 1692 3976 omnium,

76 3992 416 4065 interposita
462 3991 699 4066 quadam
747 3992 1037 4051 charitatis
1084 3993 1510 4065 necessitudine,
1558 3994 1695 4053 ﬁant

77 4085 277 4142 omnia
323 4084 697 4158 singulorum,
741 4094 796 4143 et
839 4086 1219 4160 unusquisque
1264 4086 1345 4144 sic
1382 4087 1531 4162 quod
1579 4105 1692 4146 non

77 4174 301 4247 accepit
333 4174 392 4229 in
421 4173 596 4232 altero
624 4175 920 4248 possideat,
963 4183 1026 4231 ut
1065 4176 1181 4248 ipse
1210 4175 1368 4233 alteri
1396 4176 1693 4249 possiden-

76 4267 216 4323 dum
261 4263 411 4339 quod
453 4265 666 4337 accepit
704 4264 996 4321 humiliter
1035 4264 1336 4338 impendat.
1389 4263 1529 4340 [Vet.
1560 4266 1691 4342 XL]

76 4356 227 4413 Hinc
266 4353 418 4412 enim
450 4371 547 4428 per
582 4353 807 4411 Petrum
846 4355 1052 4412 dicitur
1082 4373 1094 4411 :
1153 4355 1515 4427 Unusquisque
1558 4356 1694 4413 sicut

73 4447 281 4519 accepit
314 4446 571 4518 gratiam,
601 4444 659 4500 in
696 4447 1017 4502 alterutrum
1052 4445 1208 4502 illam
1235 4446 1689 4518 administrantes,

73 4541 216 4632 sicut
234 4537 762 4632 boni—dispensatores
788 4537 1342 4632 multiformisgratice
1353 4538 1527 4632 Ι
1540 4540 1685 4632 Patr.
1718 4572 1767 4632 Β

76 4647 161 4699 1v,
195 4628 308 4702 10).
352 4628 508 4686 Tunc
534 4644 773 4702 namque
814 4628 953 4685 bene
997 4627 1359 4685 multiformis
1385 4628 1487 4685 Dei
1516 4629 1691 4701 gratia

73 4720 455 4791 dispensatur,
507 4717 728 4792 quando
756 4727 1039 4791 acceptum
1073 4717 1280 4774 donum
1317 4720 1338 4754 ³
1367 4727 1422 4774 et
1449 4717 1566 4790 ejus
1594 4718 1688 4791 qui

74 4810 187 4866 hoc
217 4824 336 4864 non
378 4807 545 4864 habet
590 4807 854 4877 creditur,
900 4805 1120 4880 quando
1166 4815 1388 4879 propter
1433 4823 1557 4863 eum
1595 4806 1687 4864 cui

73 4899 428 4974 impenditur
452 4898 558 4957 sibi
590 4899 778 4957 datum
802 4907 1046 4972 putatur.
1078 4899 1221 4956 Hinc
1239 4914 1335 4971 per
1352 4898 1582 4955 Paulum
1605 4896 1684 4954 di-

71 4994 227 5052 citur
257 5010 268 5048 :
304 4992 411 5048 Per
439 4990 751 5047 charitatem
777 4991 965 5047 sereite
995 4989 1212 5046 invicem
1239 4989 1452 5062 (Galat.
1477 5007 1534 5057 v,
1568 4988 1679 5061 13).

72 5083 237 5139 Tunc
268 5081 419 5136 enim
450 5096 553 5136 nos
580 5079 821 5136 charitas
838 5097 870 5136 a
885 5077 1019 5151 jugo
1045 5077 1220 5150 culpa
1250 5075 1451 5133 liberos
1478 5075 1680 5146 reddit,

71 5189 201 5230 cum
238 5170 485 5227 vicissim
514 5187 614 5228 nos
638 5179 827 5227 nostro
848 5185 945 5243 per
972 5184 1214 5224 amorem
1243 5164 1472 5223 servitio
1496 5162 1683 5236 subji-

71 5263 174 5327 cit,
206 5276 336 5318 cum
366 5267 421 5316 et
449 5260 629 5317 aliena
667 5260 813 5317 bona
838 5267 1027 5315 nostra
1066 5256 1365 5325 credimus,
1411 5264 1465 5313 et
1494 5261 1682 5311 nostra

70 5353 201 5409 aliis
234 5351 390 5426 quasi
423 5368 522 5408 sua
549 5350 841 5408 offerentes
881 5348 1231 5407 exhibemus.
1283 5346 1427 5404 Hinc
1457 5362 1678 5403 rursum

111 5626 125 5639 ο
146 5556 164 5592 ¹
206 5554 384 5626 Idem,
415 5560 674 5627 quantum
701 5554 849 5623 dicit,
880 5551 1029 5627 quod
1056 5549 1382 5611 mendosum
1412 5566 1528 5609 esse
1553 5565 1684 5607 sus-

71 5642 249 5703 picor.

140 5703 166 5778 δ
204 5698 472 5778 Υἱηᾲοθυ
502 5713 569 5778 ἐπ
596 5696 742 5778 9mi-
989 5773 1000 5778 _
1063 5766 1073 5778 .
1185 5766 1197 5778 .

141 5774 165 5810 ³
202 5770 382 5852 L_aud.
414 5766 471 5852 et
497 5769 662 5852 Cgrb.
694 5769 905 5852 Germ?
954 5773 1002 5823 et
1024 5766 1197 5852 eiqui
1506 5766 1683 5823 habet.

72 5845 149 5903 lta
176 5842 349 5902 etiam
380 5849 492 5899 vet.
538 5840 690 5898 Edit.
736 5838 1031 5915 Sequimur
1057 5838 1254 5896 Pratel.
1286 5846 1341 5896 et
1367 5839 1684 5912 plerosque.

1821 575 2134 645 membrum,
2176 578 2267 634 sed
2291 581 2480 637 multa.
2534 582 2593 638 Si
2619 582 2822 639 dixerit
2841 603 2935 657 pes
2965 604 2983 642 :
3033 590 3295 656 Quoniam
3322 610 3432 651 non

1824 681 1941 721 sum
1966 685 2179 736 manus,
2208 686 2315 726 non
2351 688 2468 727 sum
2495 672 2559 727 de
2592 690 2834 747 corpore,
2874 678 2897 713 ‘
2924 694 3054 733 num
3079 680 3194 737 ideo
3218 699 3325 740 non
3352 693 3431 741 est

1824 755 1888 812 de
1913 774 2134 829 corpore
2152 761 2180 816 7
2220 760 2297 815 Et
2321 761 2371 817 si
2404 760 2607 817 dixerit
2631 764 2786 819 auris
2816 781 2835 820 :
2889 767 3150 833 Quoniam
3176 788 3285 827 non
3310 790 3428 830 sum

1823 846 2029 912 oculus,
2058 864 2166 903 non
2192 865 2310 905 sum
2339 851 2402 906 de
2432 867 2672 922 corpore,
2704 870 2831 910 num
2859 854 2975 910 ideo
3002 873 3110 912 non
3128 864 3203 914 est
3227 860 3291 916 de
3315 879 3429 919 cor-

1816 938 1993 1005 pore?
2024 936 2083 993 Si
2113 944 2278 994 totum
2305 957 2498 1014 corpus
2536 944 2741 1010 oculus,
2767 944 2857 1000 ubi
2883 948 3143 1006 auditus?
3177 951 3227 1006 si
3266 957 3430 1009 totum

1822 1022 2062 1093 auditus,
2092 1026 2186 1081 ubi
2215 1028 2471 1086 odoratus
2497 1032 2527 1102 (
2529 1032 2563 1088 Ι
2584 1032 2711 1090 Cor.
2735 1049 2838 1104 xu,
2862 1034 2930 1092 14
2958 1038 3093 1111 seq.)
3115 1040 3143 1094 ?
3170 1040 3245 1096 Et
3262 1040 3429 1113 paulo

1822 1120 1976 1185 post:
2013 1115 2167 1182 Quod
2193 1117 2241 1171 si
2267 1124 2437 1173 essent
2462 1120 2642 1178 omnia
2669 1138 2835 1178 unum
2856 1126 3166 1198 membrum,
3196 1130 3289 1185 ubi
3313 1147 3427 1186 cor-

1814 1217 1920 1273 pus
1937 1204 1965 1259 Ῡ
2010 1205 2165 1261 Nunc
2191 1212 2367 1263 autem
2391 1210 2564 1266 multa
2591 1211 2803 1282 quidem
2828 1215 3083 1283 membra,
3113 1234 3278 1276 unum
3302 1237 3427 1277 vero

1820 1307 2011 1365 corpus
2039 1294 2238 1365 (Ibid,
2271 1297 2384 1369 19).

1891 1436 1978 1494 23.
2020 1439 2087 1495 In
2115 1454 2335 1512 corpore
2360 1441 2607 1498 Ecclesia!
2624 1444 2767 1501 alius
2793 1452 2869 1502 est
2895 1449 3099 1516 oculus,
3123 1450 3267 1507 alius
3294 1468 3422 1508 ma-

1817 1543 1941 1593 nus,
1970 1527 2114 1584 alius
2135 1546 2248 1601 pes,
2281 1531 2611 1601 etc.—Quid
2641 1536 2789 1592 enim
2810 1545 3002 1597 sancta
3023 1540 3290 1607 Ecclesia,
3311 1541 3420 1598 nisi

1818 1616 2042 1689 superni
2070 1618 2157 1674 sui
2185 1619 2382 1692 capitis
2418 1636 2618 1695 corpus
2644 1632 2726 1681 est
2746 1625 2775 1682 ?
2802 1628 2864 1684 In
2893 1643 3000 1700 qua
3028 1626 3171 1684 alios
3196 1629 3305 1685 alta
3339 1631 3421 1685 vi-

1816 1707 1998 1764 dendo
2053 1710 2270 1778 oculus,
2327 1716 2474 1774 905
2506 1713 2650 1769 alius
2687 1722 2832 1772 recta
2890 1718 3171 1789 operando
3201 1734 3418 1790 manus,

1814 1806 1958 1863 alius
1990 1807 2059 1863 ad
2088 1806 2340 1879 injuncta
2386 1809 2753 1867 discurrendo
2782 1828 2901 1884 pes,
2946 1813 3090 1870 alius
3127 1824 3421 1888 pracepto-

1816 1913 1939 1953 rum
1956 1913 2147 1953 vocem
2170 1895 2532 1971 intelligendo
2547 1900 2716 1969 auris,
2734 1899 2877 1957 alius
2897 1902 3169 1959 malorum
3190 1903 3420 1961 fetorem

1814 1985 2200 2059 bonorumque
2230 1988 2252 2022 ⁸
2302 1987 2660 2061 fragrantiam
2703 1987 3066 2047 discernenda
3122 1992 3273 2050 naris
3316 2001 3419 2056 est.

1816 2075 1945 2146 Qui,
1981 2075 2354 2148 corporalium
2384 2093 2539 2135 more
2566 2078 2965 2149 membrorum,
3007 2079 3141 2138 dum
3172 2083 3419 2141 vicissim

1814 2166 1922 2222 sibi
1947 2168 1968 2201 ⁶
2000 2173 2221 2239 accepta
2249 2165 2429 2223 oﬂicia
2457 2167 2809 2241 impendunt,
2831 2185 3004 2225 unum
3027 2169 3094 2227 de
3114 2171 3421 2247 semetipsis

1816 2253 2077 2312 omnibus
2095 2271 2297 2328 corpus
2318 2254 2589 2325 reddunt;
2614 2265 2669 2315 et
2687 2274 2814 2315 cum
2836 2257 3055 2317 diversa
3074 2259 3133 2315 in
3153 2260 3420 2319 cbaritate

1816 2358 2107 2423 peragunt,
2140 2351 2424 2410 diversum
2446 2370 2563 2410 esse
2593 2353 2892 2427 prohibent
2916 2354 3012 2411 ubi
3039 2356 3416 2417 continentur.

1816 2439 1873 2496 Si
1901 2448 2087 2498 autem
2115 2458 2290 2498 unum
2317 2442 2451 2515 quid
2480 2445 2667 2502 cuncti
2696 2454 2940 2518 agerent,
2985 2461 3184 2519 corpus
3226 2448 3418 2522 utique

1815 2531 1962 2604 quod
1983 2548 2053 2588 ex
2074 2533 2265 2590 multis
2287 2533 2606 2591 continetur
2632 2550 2745 2590 non
2775 2543 2979 2605 essent,
3001 2536 3132 2611 quia
3159 2536 3419 2597 videlicet

1814 2623 2203 2696 multipliciter
2228 2634 2578 2700 compactum
2609 2643 2721 2683 non
2747 2627 3029 2697 existeret,
3071 2627 3117 2683 si
3155 2627 3261 2686 hoc
3289 2645 3417 2686 con-

1814 2730 1937 2770 cors
1968 2716 2346 2773 membrorum
2375 2716 2669 2774 diversitas
2697 2734 2810 2775 non
2844 2725 3073 2775 teneret.
3120 2716 3261 2788 Quia
3288 2736 3418 2792 ergo

1813 2803 2016 2860 sanctis
2046 2807 2309 2863 membris
2339 2807 2603 2864 Ecclesia
2645 2807 2919 2864 virtutum
2963 2806 3108 2864 dona
3145 2808 3418 2867 Dominus

1813 2893 2036 2964 dividit,
2075 2904 2233 2953 terra
2263 2913 2547 2954 mensuras
2578 2898 2752 2969 ponit.
2798 2898 2954 2954 Unde
2982 2899 3184 2957 iterum
3213 2900 3417 2959 Paulus

1812 2984 1993 3042 dicit:
2039 2987 2329 3058 Unicuique
2369 2988 2503 3042 sicut
2545 2988 2687 3043 Deus
2731 2987 2912 3043 divisit
2953 3006 3256 3063 mensuram
3292 2992 3444 3064 ﬁdei‘

1809 3075 1993 3144 (Rom.
2024 3074 2226 3148 x11,3).
2250 3076 2322 3132 Et
2352 3092 2570 3132 rursum
2596 3094 2607 3132 :
2642 3078 2735 3133 Ea:
2753 3093 2857 3147 quo
2879 3082 3044 3132 totum
3070 3094 3261 3150 corpus
3279 3096 3413 3135 com-

1803 3170 2018 3235 pactum
2046 3170 2094 3220 et
2122 3181 2416 3221 connexum
2454 3183 2555 3237 per
2584 3182 2789 3221 omnem
2812 3164 3123 3236 juncturam
3155 3167 3415 3223 submini-

1807 3252 2105 3323 strationis,
2125 3254 2409 3310 secundum
2436 3257 2792 3326 operationem
2818 3254 2877 3309 in
2902 3271 3207 3312 mensuram
3232 3258 3413 3313 unius-

1808 3343 2071 3416 cujusque
2086 3345 2328 3416 membri,
2376 3353 2711 3418 augmentum
2738 3346 2979 3418 corporis
3007 3346 3141 3417 facit
3166 3348 3225 3404 in
3252 3350 3414 3423 (edi/i-

1807 3434 2060 3491 cationem
2088 3435 2173 3490 sui
2200 3434 2258 3490 in
2284 3434 2541 3491 charitate
2562 3437 2790 3509 (Ephes.
2822 3452 2902 3506 ιν,
2936 3436 3050 3510 16).

1879 3551 1968 3609 24.
2002 3552 2227 3624 Singula
2251 3552 2487 3608 membra
2510 3552 2796 3625 assignatis
2825 3553 2925 3609 sibi
2954 3555 3136 3627 ofﬁciis
3165 3554 3413 3628 fungan-

1807 3649 1917 3709 tur,
1958 3659 2067 3697 non
2092 3642 2275 3700 aliena
2301 3639 2577 3717 usurpem.
2608 3673 2680 3684 —
2707 3641 2814 3700 Sed
2840 3660 2966 3700 cum
2996 3644 3139 3700 miro
3175 3646 3410 3707 consilio

1802 3740 1998 3789 auctor
2025 3747 2090 3790 ac
2108 3730 2411 3804 dispositor
2430 3739 2617 3788 noster
2642 3731 2776 3789 huic
2803 3731 2899 3787 illa
2921 3732 3153 3804 largitur
3172 3749 3293 3806 qua
3310 3734 3407 3791 alii

1802 3820 2054 3895 denegat,
2088 3822 2185 3878 alii
2214 3821 2335 3880 hac
2363 3821 2597 3896 denegat
2624 3836 2746 3894 qua
2784 3820 2877 3877 isti
2907 3822 3155 3894 largitur,
3191 3839 3410 3881 mensu-

1801 3927 1889 3968 ras
1924 3911 2032 3969 sibi
2061 3910 2268 3985 positas
2313 3910 2497 3983 egredi
2543 3910 2743 3966 nititur
2787 3909 3039 3983 quisquis
3080 3927 3238 3984 posse
3284 3913 3408 3984 plus

1802 4016 1967 4073 quam
1992 3999 2263 4073 acceperit
2281 4008 2534 4065 conatur,
2563 4006 2627 4055 ut
2645 3999 2692 4055 si
2713 4000 2942 4055 fortasse
2971 4001 3018 4056 is
3037 4000 3128 4057 cui
3166 4009 3405 4058 tantum.

1801 4089 1967 4147 modo
1994 4088 2186 4146 datum
2207 4096 2290 4146 est
2319 4095 2713 4162 praceptorum
2750 4088 2969 4145 occulta
2996 4088 3261 4145 disserere
3289 4098 3405 4147 ten-

1800 4186 1879 4236 tet
1904 4180 2071 4236 etiam
2110 4178 2395 4235 miraculis
2423 4193 2732 4247 coruscare,
2763 4184 2860 4233 aut
2887 4177 2935 4233 is
2962 4194 3125 4251 quem
3153 4195 3405 4253 superna

1800 4269 2026 4326 virtutis
2045 4268 2253 4325 donum
2274 4268 2343 4325 ad
2361 4268 2479 4325 sola
2493 4267 2760 4325 miracula
2780 4266 3001 4325 roborat
3015 4267 3182 4325 etiam
3199 4267 3405 4326 divina

1800 4358 1936 4431 legis
1955 4357 2193 4432 pandere
2213 4357 2432 4415 occulta
2449 4355 2766 4415 contendat.
2794 4358 2813 4393 7
2838 4356 2901 4412 In
2919 4346 3227 4431 pracipitio
3254 4358 3404 4416 enim

1800 4446 1996 4521 pedem
2014 4447 2249 4521 porrigit
2268 4448 2362 4520 qui
2386 4463 2768 4504 mensurarum
2794 4464 3019 4505 suarum
3041 4448 3275 4506 limitem
3291 4465 3404 4506 non

1802 4537 2060 4594 attendit.
2101 4538 2174 4595 Et
2205 4538 2531 4611 plerumque
2569 4537 2781 4594 amittit
2807 4545 2861 4593 et
2887 4537 3039 4612 quod
3068 4546 3280 4611 poterat
3307 4538 3404 4612 qui

1800 4626 2063 4683 audacter
2091 4643 2155 4683 ea
2199 4626 2270 4683 ad
2312 4643 2435 4700 qua
2473 4626 2787 4699 pertingere
2835 4644 2947 4683 non
2979 4628 3126 4683 valet
3162 4626 3404 4699 arripere

1798 4715 2044 4772 festinat.
2076 4716 2215 4773 Nam
2246 4724 2301 4772 et
2344 4713 2723 4771 membrorum
2752 4723 3069 4772 nostrorum
3099 4723 3236 4773 tunc
3263 4715 3403 4772 bene

1796 4804 2128 4863 ministeriis
2158 4805 2370 4861 utimur
2398 4820 2527 4862 cum
2557 4821 2657 4860 sua
2684 4804 2764 4861 eis
2794 4804 2975 4861 ofﬁcia
3001 4804 3265 4861 distincte
3292 4819 3401 4860 ser-

1795 4908 2011 4949 vamus.
2042 4894 2246 4950 Lucem
2278 4894 2480 4967 quippe
2510 4892 2687 4950 oculis
2714 4894 3017 4959 cernimus,
3048 4908 3241 4949 vocem
3268 4908 3400 4949 vero

1793 4982 2021 5041 auribus
2049 4981 2326 5038 audimus.
2359 4981 2417 5037 Si
2447 4981 2571 5055 quis
2598 4989 2781 5038 autem
2812 4989 3023 5039 mutato
3051 4979 3245 5037 ordine
3272 4981 3396 5037 voci

1792 5073 2002 5141 oculos,
2035 5070 2147 5129 luci
2176 5087 2333 5127 aures
2353 5071 2752 5140 accommodet,
2783 5071 2917 5129 huic
2944 5072 3221 5127 incassum
3251 5076 3398 5126 utra-

1791 5179 1896 5236 que
1918 5168 2126 5235 patent.
2159 5159 2216 5217 Si
2237 5160 2363 5234 quis
2381 5159 2579 5216 odores
2598 5161 2736 5217 velit
2755 5177 2851 5216 ore
2879 5159 3211 5228 discernere,
3240 5173 3395 5231 sapo-

1790 5269 1874 5308 res
1902 5267 2035 5308 nare
2063 5257 2301 5323 gustare,
2332 5250 2621 5323 utriusque
2641 5265 2833 5307 sensus
2861 5248 2969 5305 sibi
2996 5248 3391 5317 ministerium,

1791 5342 1923 5416 quia
1953 5340 2239 5414 pervertit,
2285 5338 2577 5397 interimit.
2625 5340 2771 5397 Dum
2813 5337 2963 5396 enim
3007 5339 3248 5413 propriis
3275 5338 3395 5398 hac

1867 5549 1889 5584 ‘
1922 5548 2048 5607 Vet.
2081 5546 2232 5605 Edit.
2256 5547 2428 5605 Paris.
2460 5554 2516 5604 et
2543 5546 2736 5615 Basil.,
2767 5548 2939 5606 Gilot.
2971 5555 3026 5605 et
3053 5547 3260 5616 Vatic.,
3284 5564 3391 5604 non

1792 5621 1945 5695 idem
1960 5619 2340 5695 Emendantur
2370 5635 2441 5695 ex
2467 5620 2598 5677 Mss.
2626 5620 2845 5695 Anglic.
2885 5627 2942 5677 et
2965 5620 3189 5678 nostris.

1867 5694 1889 5728 ⁵
1922 5691 2118 5765 Laud.,
2148 5692 2513 5765 ﬂagrantiam.

1869 5765 1892 5839 ξ
1919 5763 2154 5839 [bidens
2182 5763 2387 5839 ρὸοεεεςι
2413 5764 2600 5839 allicia-

1870 5837 1890 5871 ⁷
1923 5835 2072 5892 Idem
2103 5834 2313 5906 Codex,
2342 5835 2401 5892 in
2421 5834 2706 5909 praecipiti.
