3920 6372
476 358 587 417 463

1664 354 1912 412 SANCTI
1951 353 2288 412 GREGORII
2324 353 2550 411 MAGNl

3708 352 3822 410 464

476 482 669 541 usibus
715 496 827 537 non
868 486 1148 554 aptantur,
1185 487 1240 537 et
1268 495 1367 538 sua
1393 479 1575 539 oﬂicia
1602 479 1885 549 deserunt,
1924 486 1979 536 et
2008 478 2078 536 ad
2102 485 2156 546 Α
2182 496 2302 551 qua:
2338 479 2571 536 vidimus
2598 485 2647 537 et
2686 478 2993 536 audivimus
3034 494 3141 535 non
3172 478 3321 552 loqui
3346 479 3545 550 (Ibid.,
3575 497 3659 549 IV,
3697 478 3817 553 20).

475 580 737 629 extranea
770 586 883 629 ηοη
911 579 1227 645 assurgunt.

545 663 635 721 25.
677 662 834 720 Intra
870 677 1150 718 mensuras
1189 663 1319 719 illus
1357 663 1536 720 David
1564 679 1671 719 sese
1711 661 1991 727 continuit,
2039 666 2089 717 et

474 752 953 813 Paulus.—-Bene
982 752 1169 826 itaque
1197 750 1377 810 David
1411 751 1679 824 propheta
1707 751 1855 808 intra
1882 765 2088 824 accep-

474 852 559 901 tas
587 857 657 899 ex
684 840 880 898 divina
910 840 1167 914 largitate
1192 855 1476 897 mensuras
1504 840 1698 913 pedem
1726 839 1913 898 cordis
1940 854 2086 913 pres-

476 938 642 1001 serat,
662 944 794 987 cum
816 928 1036 987 dicebat
1059 946 1071 986 :
1104 931 1283 1002 Neque
1300 930 1574 986 ambulavi
1601 930 1657 985 in
1677 930 1905 1003 magnis,
1923 946 2087 1001 neque

472 1022 533 1077 in
569 1019 907 1077 mirabilibus
951 1034 1111 1091 super
1156 1036 1236 1074 me
1283 1019 1459 1091 (Psal.
1492 1035 1664 1091 cxxx,
1702 1020 1779 1092 1).
1830 1019 2004 1093 Super
2031 1035 2087 1075 se

476 1112 680 1187 quippe
697 1109 759 1167 in
782 1109 1139 1168 mirabilibus
1159 1110 1488 1181 ambularet,
1512 1112 1557 1168 si
1577 1127 1838 1186 apparere
1856 1126 2088 1185 magnus

476 1203 623 1260 ultra
641 1216 805 1276 quam
826 1208 1042 1275 poterat
1060 1209 1349 1275 quaereret.
1374 1202 1552 1277 Super
1570 1219 1629 1261 se
1647 1219 1884 1277 namque
1905 1203 1964 1258 in
1987 1201 2087 1257 mi-

477 1291 745 1349 rabilibus
773 1291 1058 1348 attollitur
1085 1292 1183 1366 qui
1206 1301 1261 1350 et
1290 1292 1353 1349 in
1381 1292 1469 1349 his
1499 1293 1568 1349 ad
1590 1310 1711 1367 quae
1741 1309 1855 1349 non
1885 1290 2090 1349 sufﬁcit

477 1382 655 1440 videri
695 1381 931 1438 idoneus
973 1387 1226 1439 conatur.
1284 1382 1429 1439 Bene
1469 1381 1617 1439 intra
1662 1382 1761 1439 has
1804 1397 2089 1438 mensuras

476 1472 641 1530 etiam
671 1473 731 1528 in
760 1472 882 1544 ipsa
908 1470 1111 1528 Paulus
1129 1471 1549 1545 praedicationis
1574 1488 1686 1529 suae
1710 1488 1767 1529 se
1796 1470 2089 1528 latitudine

477 1560 810 1631 coarctabat,
827 1578 955 1619 cum
971 1560 1182 1619 diceret
1202 1581 1214 1620 :
1238 1563 1359 1620 Non
1375 1564 1513 1619 enim
1531 1564 1699 1620 audeo
1715 1563 1925 1636 aliquid
1948 1562 2092 1634 loqui

478 1671 659 1710 eorum
679 1670 797 1725 quea
819 1669 920 1724 per
946 1669 1027 1707 me
1054 1668 1162 1708 non
1194 1654 1347 1727 eﬁicit
1379 1654 1623 1711 Christus
1649 1655 1832 1727 (Rom.
1852 1670 1949 1722 xv,
1974 1654 2088 1727 18).

479 1745 636 1800 Tunc
671 1750 854 1798 autem
895 1748 1040 1798 recte
1080 1749 1303 1814 accepta
1343 1758 1602 1800 mensura
1645 1751 1915 1812 servatur,
1962 1758 2090 1800 cum

2195 574 2268 628 At
2288 570 2382 627 ille
2397 569 2609 629 dudum
2626 570 2850 640 debilis,
2865 577 2918 627 et
2937 570 3229 644 praesentia
3249 569 3453 627 damna
3472 569 3819 641 formidans,

2194 665 2325 722 dum
2343 665 2598 738 exempla
2612 672 2780 721 tanta:
2802 662 3150 721 fortitudinis
3170 664 3607 736 contemplatur,
3640 663 3705 719 in
3726 679 3823 720 au-

2195 755 2453 812 ctoritate
2470 753 2624 810 verbi
2651 751 2765 826 jam
2789 751 2936 809 Petri
2958 751 3161 808 lineam
3182 750 3457 824 sequitur,
3484 749 3601 822 jam
3623 750 3708 806 nil
3725 751 3819 808 ad-

2196 844 2479 900 versitatis
2495 841 2713 910 metuit,
2726 840 2841 914 jam
2862 840 3181 898 resistentes
3194 842 3309 898 Deo
3324 846 3625 913 potestates
3644 857 3823 898 saecu-

2197 932 2237 988 li
2258 933 2422 989 etiam
2445 949 2570 990 cum
2593 932 2841 1005 corporis
2860 932 3192 989 laceratione
3212 930 3545 988 contemnit.
3571 932 3594 967 ³
3613 929 3725 987 Sed
3740 938 3821 987 ta-

2199 1036 2325 1077 men
2342 1028 2549 1094 quanto
2565 1020 2711 1076 vires
2728 1018 3174 1093 persequentium
3193 1014 3457 1089 patiendo
3478 1015 3704 1072 fortiter
3720 1016 3816 1074 de-

2197 1112 2385 1181 struit,
2403 1120 2457 1169 et
2477 1119 2686 1186 quanto
2706 1111 2853 1167 inter
2867 1110 3099 1167 adversa
3118 1107 3292 1163 nullis
3312 1107 3622 1165 terroribus
3635 1108 3814 1179 cedit,

2198 1208 2353 1257 tanto
2366 1202 2690 1275 plerumque
2711 1202 2836 1257 etin
2856 1200 2945 1256 his
2960 1198 3128 1256 etiam
3146 1214 3268 1272 quas
3285 1198 3433 1254 inter
3453 1197 3647 1255 ﬁdeles
3670 1198 3818 1270 posi-

2198 1299 2286 1348 tus
2316 1293 2548 1349 senserit
2577 1308 2635 1349 se
2664 1292 2876 1350 caeteris
2900 1289 3195 1365 praeponit,
3243 1305 3344 1346 sua
3375 1289 3549 1362 magis
3576 1290 3818 1347 consilia

2198 1383 2373 1455 eligit,
2405 1390 2459 1440 et
2489 1383 2598 1440 sibi
2627 1384 2812 1456 potius
2841 1398 3006 1456 quam
3032 1380 3159 1438 aliis
3177 1379 3375 1438 credit.
3410 1381 3512 1438 Hic
3541 1379 3813 1437 nimirum

2199 1472 2351 1541 dum,
2387 1475 2408 1508 ³
2439 1472 2661 1545 injustis
2691 1472 3097 1545 objectionibus
3120 1487 3235 1529 non
3263 1469 3482 1539 cedens,
3513 1470 3572 1526 in
3604 1471 3817 1528 virtute

2199 1580 2255 1620 se
2284 1565 2482 1634 exerit,
2504 1565 2671 1622 etiam
2693 1574 2841 1622 recta
2859 1565 3098 1621 aliorum
3127 1563 3362 1621 consilia
3381 1579 3492 1619 non
3514 1564 3811 1636 recipiens,

2200 1654 2392 1727 pedem
2449 1662 2609 1712 extra
2666 1655 2902 1711 limitem
2956 1654 3155 1711 tendit.
3219 1653 3380 1711 Hunc
3425 1653 3620 1711 Petrus
3664 1655 3813 1713 intra

2203 1761 2473 1804 mensurae
2490 1747 2691 1803 lineam
2709 1756 2948 1815 revocat,
2968 1746 3065 1820 qui
3082 1753 3370 1819 postquam
3387 1744 3642 1803 libertate
3658 1748 3813 1806 vocis

477 1836 787 1910 anteposita
801 1832 980 1891 oculis
994 1833 1242 1891 virorum
1256 1834 1632 1917 spigitualium
1645 1835 1762 1892 vita
1776 1832 2088 1908 respicitur.
2122 1857 2169 1920 Β
2199 1840 2588 1895 auctoritatem
2607 1837 2921 1911 principum
2945 1837 3164 1911 pressit,
3187 1852 3285 1910 per
3303 1836 3676 1895 humilitatem
3693 1855 3813 1897 cor-

480 1925 635 1983 Unde
661 1932 717 1981 et
738 1923 988 1998 sequitur
1018 1940 1031 1981 :

1094 2012 1324 2074 CAPUT
1361 2015 1460 2075 XI.

550 2108 721 2168 Vsus.
757 2109 809 2167 5.
839 2139 912 2151 -
947 2108 1034 2170 Vel
1062 2108 1183 2180 quis
1214 2106 1424 2164 tetendit
1451 2123 1613 2179 super
1639 2122 1754 2161 eam
1782 2105 2017 2162 lineam?

550 2201 639 2258 26.
671 2201 719 2259 Α
750 2201 949 2258 sanctis
978 2198 1234 2256 sumenda
1264 2204 1339 2254 est
1366 2195 1578 2254 vivendi
1602 2198 1809 2269 regula.
1826 2226 1898 2238 —
1918 2195 2091 2269 Super

482 2290 629 2347 hanc
648 2290 798 2349 enim
820 2299 1025 2347 terram
1042 2288 1191 2345 linea
1208 2285 1483 2355 tenditur,
1515 2285 1738 2360 quando
1757 2286 1940 2343 electae
1969 2284 2089 2341 uni-

479 2381 679 2454 cuique
692 2380 891 2437 animae
907 2382 922 2415 ¹
942 2379 1011 2436 ad
1026 2378 1353 2436 sumendam
1367 2375 1595 2433 vivendi
1612 2376 1854 2449 regulam
1872 2383 2091 2449 patrum

481 2469 912 2544 praecedentium
947 2468 1204 2542 exempla
1228 2472 1627 2535 monstrantur,
1677 2471 1737 2521 ut
1767 2482 1837 2522 ex
1867 2465 2089 2523 illorum

479 2560 597 2616 vita
622 2555 938 2615 consideret
969 2557 1105 2631 quid
1133 2557 1191 2613 in
1215 2555 1331 2613 suis
1359 2554 1573 2612 actibus
1602 2562 1801 2625 servet,
1825 2561 2093 2628 quatenus

487 2654 737 2719 respecto
758 2644 897 2718 justi
926 2645 1125 2701 limitis
1162 2644 1406 2714 tramite,
1436 2660 1541 2701 nec
1570 2643 1714 2699 infra
1743 2642 1974 2699 minima
2002 2658 2092 2698 ne-

482 2735 693 2809 gligens
720 2733 965 2803 deﬁciat,
1012 2749 1114 2790 nec
1144 2733 1291 2790 ultra
1324 2732 1568 2789 maxima
1597 2737 1741 2796 906
1771 2731 2093 2805 superbiens

482 2833 694 2901 tendat,
719 2848 821 2891 nec
841 2831 1028 2888 minus
1046 2839 1279 2888 conetur
1297 2831 1517 2903 explere
1549 2846 1713 2905 quam
1734 2830 1957 2899 suﬁicit,
1990 2846 2093 2887 nec

482 2925 607 2997 plus
621 2921 850 2997 arripiat
867 2939 1031 2997 quam
1053 2923 1287 2995 accepit,
1311 2938 1382 2978 ne
1394 2929 1489 2978 aut
1505 2922 1574 2978 ad
1592 2938 1905 2978 mensuram
1926 2937 2091 2994 quam

481 3016 643 3073 debet
654 3031 765 3071 non
780 3012 1094 3088 perveniat,
1109 3020 1204 3070 aut
1217 3012 1467 3071 eamdem
1483 3029 1797 3071 mensuram
1812 3014 2088 3079 deserens,

480 3115 637 3164 extra
674 3105 913 3161 limitem
943 3103 1120 3161 cadat.
1165 3105 1417 3177 Angusta
1445 3104 1647 3178 quippe
1676 3111 1832 3178 porta
1861 3110 1943 3159 est
1969 3118 2091 3174 quae

481 3197 636 3255 ducit
663 3197 733 3253 ad
762 3198 932 3253 vitam
967 3195 1184 3268 (Matth.
1210 3213 1314 3264 vu,
1335 3194 1448 3267 lli);
1481 3205 1535 3252 et
1564 3196 1657 3252 ille
1679 3195 1824 3252 hanc
1854 3191 2090 3265 ingredi-

484 3294 574 3343 tur
600 3286 697 3358 qui
726 3285 786 3340 in
812 3284 1032 3341 cunctis
1077 3300 1200 3356 quae
1229 3284 1342 3356 agit
1387 3283 1743 3341 discretionis
1782 3282 2091 3340 subtilitate

483 3382 706 3448 propter
726 3373 870 3428 hanc
882 3371 1125 3428 sollicite
1144 3379 1475 3428 coarctatur.
1500 3373 1638 3429 Nam
1661 3373 1756 3447 qui
1778 3391 1875 3447 per
1899 3374 2090 3430 volun-

484 3472 623 3522 tates
650 3462 901 3536 proprias
932 3477 1126 3518 secura
1155 3470 1339 3518 mente
1366 3479 1424 3519 se
1456 3463 1670 3535 dilatat,
1711 3477 1955 3539 angustae
1984 3465 2092 3523 sibi

485 3564 656 3633 portae
686 3554 899 3612 aditum
927 3553 1173 3611 damnat.
1199 3554 1269 3611 Ut
1296 3571 1425 3628 ergo
1455 3555 1623 3629 hujus
1649 3565 1808 3615 terrae
1838 3574 2095 3616 mensura

486 3655 757 3715 servetur,
787 3660 953 3719 super
972 3659 1094 3701 eam
1121 3643 1399 3703 divinitus
1418 3647 1567 3704 linea
1584 3647 1854 3719 tenditur,
1884 3649 2015 3723 quia
2034 3657 2097 3705 ut

486 3745 677 3797 nostra
704 3750 891 3809 opera,
922 3735 1012 3791 vel
1040 3735 1258 3792 minora
1285 3735 1600 3809 proﬁciant,
1626 3739 1715 3795 vel
1744 3737 1954 3812 majora
1980 3755 2094 3796 mo-

486 3828 773 3895 derentur,
804 3840 902 3899 per
920 3841 1074 3882 sacra
1102 3826 1323 3901 eloquia
1351 3827 1572 3885 subtilis
1600 3837 1727 3886 ante
1753 3845 1855 3886 nos
1881 3836 2095 3886 sancto-

485 3934 607 3975 rum
655 3916 774 3973 vita
818 3915 1175 3989 expanditur,
1224 3924 1279 3974 et
1324 3917 1461 3992 quid
1509 3918 1671 3977 nobis
1718 3926 2096 3994 quantumque

486 4007 756 4083 agendum
787 4008 861 4066 sit
888 4015 1106 4066 ostensa
1133 4006 1360 4066 illorum
1382 4009 1715 4069 discretione
1736 4011 2021 4089 deﬁnitur.

558 4096 697 4171 [νει.
734 4096 894 4172 ΧῙΙ.]
926 4098 1013 4154 27.
1052 4099 1118 4155 In
1143 4101 1398 4171 exemplis
1426 4101 1578 4157 Petri
1606 4102 1933 4175 proponitur
1956 4118 2095 4157 men-

486 4202 616 4242 sura
631 4185 966 4241 auctoritatis
982 4193 1029 4241 et
1043 4188 1361 4244 humilitatis
1386 4190 1602 4246 —Ecce
1618 4192 1820 4265 aliquis
1835 4192 1923 4247 vel
1945 4190 2095 4247 dam-

487 4291 560 4332 na
586 4290 794 4343 rerum,
824 4274 913 4331 vel
941 4276 1303 4334 aﬁlictionem
1332 4282 1584 4351 corporis
1611 4287 1884 4348 metuens,
1916 4280 2097 4337 minas

486 4373 715 4421 terrenae
744 4365 1005 4436 potentiae
1036 4367 1395 4437 pertimescit,
1418 4377 1473 4424 et
1489 4376 1683 4425 contra
1702 4369 1817 4424 vim
1840 4369 2093 4426 resisten-

487 4456 631 4513 tium
647 4454 935 4511 veritatem
951 4454 1244 4513 defendere
1265 4473 1378 4514 non
1394 4460 1864 4531 praesumitJiunc
1878 4462 2090 4529 Petrus,

490 4549 619 4624 quia
647 4547 705 4604 in
732 4547 935 4605 timore
959 4557 1252 4622 angustum
1283 4552 1530 4626 respicit,
1572 4559 1790 4610 ostensa
1816 4555 2092 4627 exemplo-

2200 1926 2287 1984 dis
2315 1927 2383 1984 de
2412 1942 2522 1983 non
2554 1926 3020 1984 circumcidendis
3042 1926 3299 2000 gentibus
3327 1926 3483 1983 Pauli
3511 1927 3813 1984 consilium

2200 2014 2419 2072 audivit
2467 2015 2609 2088 (Act.
2641 2032 2741 2085 xv,
2775 2015 2853 2088 7).
2906 2015 2996 2072 Sic
3028 2016 3178 2071 enim
3212 2015 3572 2087 semetipsum
3620 2022 3816 2073 contra

2202 2103 2548 2161 adversarios
2568 2121 2637 2161 ex
2656 2105 2987 2162 auctoritate
3015 2104 3245 2162 curabat
3264 2105 3503 2177 erigere,
3534 2112 3598 2161 ut
3626 2112 3815 2162 tamen

2202 2195 2537 2267 sibimetipsi
2566 2211 2679 2252 non
2708 2194 2954 2252 crederet
2974 2195 3034 2251 in
3057 2194 3146 2251 bis
3175 2211 3296 2268 qua
3324 2211 3438 2251 non
3467 2201 3615 2253 recte
3644 2195 3814 2252 senti-

2202 2293 2306 2354 ret,
2354 2291 2417 2341 ut
2444 2292 2500 2341 et
2537 2284 2792 2341 libertate
2833 2284 3183 2342 fortitudinis
3210 2292 3489 2341 tumentes
3518 2292 3815 2357 potestates

2203 2374 2516 2444 excederet,
2539 2382 2593 2431 et
2613 2374 2932 2432 humilitate
2962 2375 3407 2433 mansuetudinis
3437 2374 3812 2431 obedientiam

2205 2465 2263 2521 in
2285 2471 2434 2521 recto
2453 2465 2690 2522 consilio
2705 2465 2872 2522 etiam
2894 2463 3204 2522 minoribus
3219 2464 3483 2521 fratribus
3502 2463 3811 2533 exhiberet,

2204 2563 2259 2613 et
2284 2555 2449 2613 modo
2470 2573 2567 2630 per
2583 2558 2939 2630 semetipsum
2960 2558 3107 2628 aliis,
3132 2556 3297 2614 modo
3327 2555 3661 2629 sibimetipsi
3682 2572 3809 2613 cum

2205 2646 2329 2703 aliis
2360 2648 2381 2682 ⁴
2409 2646 2678 2703 obviaret.
2726 2647 2789 2703 In
2820 2646 2982 2704 factis
3011 2646 3182 2721 igitur
3226 2645 3373 2703 Petri
3403 2644 3657 2720 quaedam
3687 2653 3814 2701 ante

2205 2735 2395 2793 oculos
2425 2742 2643 2792 nostros
2672 2734 3026 2793 auctoritatis
3053 2743 3108 2792 et
3138 2735 3477 2792 humilitatis
3505 2735 3653 2791 linea
3680 2742 3815 2791 ten-

2204 2826 2376 2895 ditur,
2408 2840 2476 2882 ne
2496 2842 2651 2881 mens
2671 2832 2859 2882 nostra
2884 2833 2979 2882 aut
3005 2842 3101 2900 per
3121 2826 3380 2882 timorem
3404 2825 3473 2882 ad
3497 2838 3811 2883 mensuram

2203 2932 2315 2973 non
2343 2915 2648 2988 perveniat,
2669 2924 2763 2973 aut
2793 2931 2889 2989 per
2916 2923 3190 2973 tumorem
3221 2914 3456 2972 limitem
3484 2915 3738 2973 excedat.

2273 3008 2361 3063 28.
2394 3006 2651 3075 Ejusdem
2679 3006 2894 3062 virtutis
2923 3024 3087 3079 opera
3104 3006 3399 3078 aliquando
3420 3021 3679 3071 exercere,
3709 3005 3811 3061 ali-

2202 3096 2415 3168 quando
2440 3097 2678 3152 omittere
2706 3097 2894 3152 suadet
2918 3097 3186 3153 discretio.
3216 3124 3289 3137 -
3313 3094 3535 3153 Dictum
3566 3103 3651 3153 est
3675 3112 3810 3171 quo-

2203 3187 2369 3243 modo
2399 3187 2544 3242 linea
2570 3186 2840 3256 tenditur,
2885 3202 2954 3243 ne
2986 3202 3085 3259 per
3109 3187 3339 3243 alterius
3366 3186 3603 3243 actionis
3629 3188 3653 3223 ³
3681 3185 3808 3243 for-

2201 3278 2501 3334 titudinem
2532 3278 2602 3334 ad
2628 3278 2857 3334 alterius
2888 3293 3065 3335 causae
3094 3278 3296 3335 vitium
3328 3285 3675 3347 transeatur;
3708 3277 3806 3334 di-

2201 3376 2360 3424 catur
2385 3382 2539 3424 nunc
2566 3366 3032 3441 quemadmodum
3064 3367 3121 3424 in
3150 3382 3261 3425 una
3279 3368 3579 3441 eademque
3601 3367 3809 3425 virtute

2202 3458 2557 3517 discretionis
2586 3459 2790 3515 lineam
2819 3458 3146 3530 deserimus,
3178 3459 3226 3517 si
3255 3459 3400 3518 hanc
3426 3467 3481 3516 et
3508 3460 3817 3534 aliquando

2202 3564 2360 3622 agere
2379 3556 2434 3605 et
2463 3548 2761 3623 aliquando
2791 3557 3119 3621 postponere
3147 3549 3477 3607 nesciamus.
3510 3550 3635 3606 Non
3663 3550 3817 3605 enim

2204 3656 2290 3696 res
2320 3638 2507 3697 eadem
2538 3655 2754 3713 semper
2782 3647 2864 3695 est
2885 3640 3085 3709 virtus,
3108 3638 3239 3713 quia
3259 3656 3356 3712 per
3374 3646 3657 3697 momenta
3678 3647 3819 3697 tem-

2204 3749 2400 3808 porum
2429 3748 2571 3806 saepe
2600 3736 2746 3797 907
2774 3731 2973 3789 merita
3000 3739 3287 3789 mutantur
3313 3731 3616 3790 actionum.
3658 3731 3821 3790 Unde

2205 3833 2269 3889 ﬁt
2301 3841 2363 3889 ut
2390 3849 2517 3892 cum
2549 3832 2687 3907 quid
2714 3831 2855 3889 bene
2883 3831 3121 3906 agimus,
3159 3833 3485 3906 plerumque
3514 3830 3722 3888 melius
3750 3829 3820 3887 ab

2204 3922 2323 3995 ejus
2343 3923 2560 3981 actione
2580 3938 2876 3991 cessemus,
2906 3929 2962 3979 et
2984 3920 3319 3979 laudabilius
3336 3920 3407 3978 ad
3426 3930 3649 3994 tempus
3666 3920 3818 3979 dese-

2205 4021 2288 4070 rat
2316 4012 2465 4089 quod
2496 4013 2554 4069 in
2583 4029 2684 4070 suo
2713 4022 2961 4085 tempore
3003 4012 3357 4070 laudabiliter
3384 4027 3541 4068 mens
3567 4011 3815 4069 tenebat.

2203 4104 2341 4161 Nam
2371 4102 2418 4160 si
2449 4118 2549 4177 pro
2570 4103 2777 4161 nostris
2803 4102 2966 4160 bonis
2995 4103 3268 4172 minimis,
3298 4101 3503 4177 quibus
3523 4101 3663 4159 actis
3691 4117 3819 4175 pra-

2204 4194 2444 4265 ﬁcimus,
2461 4211 2564 4253 nec
2583 4203 2769 4251 tamen
2792 4195 3127 4253 intermissis
3157 4195 3475 4263 interimus,
3507 4192 3777 4265 majorala

2202 4286 2401 4343 borum
2432 4286 2577 4341 mala
2592 4284 2887 4359 proximis,
2910 4284 3228 4355 imminent,
3252 4284 3561 4343 necessario
3581 4300 3685 4340 nos
3703 4284 3817 4341 vir-

2202 4385 2387 4434 tutum
2416 4385 2711 4450 augmenta
2743 4377 3085 4451 seponimus,
3107 4393 3175 4433 ne
3196 4375 3601 4433 inﬁrmioribus
3628 4376 3817 4448 proxi-

2205 4464 2311 4521 mis
2340 4463 2470 4520 ﬁdei
2501 4463 2832 4522 detrimenta
2862 4481 3205 4539 generemus,
3235 4480 3305 4521 ne
3334 4472 3489 4521 tanto
3516 4462 3635 4537 jam
3666 4462 3818 4537 quod

2200 4553 2415 4627 agimus
2443 4555 2621 4612 virtus
2650 4572 2763 4612 non
2793 4557 2885 4625 sit,
2909 4563 3115 4630 quanto
3142 4569 3241 4629 per
3269 4553 3614 4613 occasionem
3646 4553 3737 4609 sui
3758 4554 3815 4609 in

492 4618 619 4696 ium
636 4655 865 4696 suorum
884 4618 1057 4711 linea,
1065 4640 1137 4697 ad
1150 4618 1743 4700 virtutis-latitudinem
1763 4618 2094 4717 tenditlpse
2122 4618 2172 4678 D
2202 4618 2398 4702 alienis
2427 4645 2690 4704 cordibus
2718 4618 3076 4703 fundamenta
3104 4618 3377 4702 virtutum
3408 4644 3668 4702 destruit.

490 4729 693 4804 quippe
723 4729 1030 4803 ﬁagellatus
1056 4748 1090 4789 a
1120 4733 1468 4807 principibus
1497 4734 1708 4807 populi,
1731 4751 1857 4792 cum
1886 4735 2093 4793 idcirco

489 4836 546 4877 se
576 4820 816 4879 relaxari
846 4822 1205 4895 conspiceret,
1256 4830 1318 4879 ut
1344 4841 1376 4880 a
1405 4823 1793 4896 praedicatione
1822 4832 2087 4893 cessaret;

489 4927 614 4967 cum
634 4908 1020 4984 prohiberetur
1048 4912 1200 4986 loqui
1225 4913 1282 4968 in
1308 4923 1586 4986 posterum
1621 4914 1762 4986 (Act.
1781 4933 1839 4985 v,
1861 4915 1979 4988 40),
2001 4932 2091 4972 ne-

490 5017 769 5075 quaquam
800 5002 995 5057 saltem
1026 5001 1086 5058 in
1115 5018 1355 5075 pmsens
1384 5003 1565 5060 cessit.
1588 5004 1723 5060 Nam
1757 5005 2092 5077 respondens

489 5092 761 5165 protinus,
780 5091 963 5150 dixit:
1000 5093 1223 5151 Obedire
1257 5100 1463 5165 oportet
1496 5094 1605 5151 Deo
1633 5094 1804 5167 magis
1823 5111 1983 5167 quam
2001 5096 2089 5152 ho-

487 5182 719 5241 minibus
735 5184 1000 5256 (Ibid.,v,
1012 5183 1131 5257 29).
1147 5183 1221 5241 Et
1240 5200 1461 5243 rursum
1479 5202 1492 5241 :
1515 5185 1638 5245 Non
1656 5185 1794 5241 enim
1806 5202 2091 5260 possumus

566 5440 585 5477 ¹
626 5436 800 5508 Idem,
828 5437 902 5494 ad
928 5455 1124 5496 summe
1150 5436 1359 5496 vivendi
1384 5438 1640 5508 regulam.

567 5510 591 5548 ³
630 5511 722 5568 Sic
759 5509 1105 5569 restituimus
1140 5528 1210 5569 ex
1246 5513 1375 5570 Mss.
1418 5508 1582 5570 Corb.
1636 5510 1847 5581 Germ.,
1887 5508 2087 5580 Laud.,

494 5576 758 5657 Vindoc.,
788 5583 1004 5657 Prate1._
1026 5584 1257 5657 aliisque
1284 5586 1499 5653 Norm.,
1554 5600 1587 5639 a
1614 5582 1818 5656 quibus
1831 5576 2091 5657 'recesse-L

496 5661 627 5711 runt
644 5653 849 5727 Excusi
869 5672 883 5722 ;
917 5653 1121 5712 habent
1140 5653 1290 5712 enim
1316 5674 1326 5713 :
1350 5657 1442 5712 sed
1460 5653 1796 5712 tamentanta
1817 5655 1955 5727 uires
1968 5671 2089 5727 per-

494 5725 814 5800 sequentium
833 5727 1084 5800 patiendo
1111 5728 1358 5795 destruit,
1387 5735 1675 5800 quanto....
1712 5725 1880 5783 nullis
1910 5725 2090 5783 terro-

537 5798 817 5872 ibus_cedit.
836 5798 1008 5872 ’Alius
1030 5800 1361 5872 plerumque.

568 5872 587 5904 ³
628 5870 825 5927 Pratel.
858 5878 914 5927 et
940 5870 1012 5926 al.
1031 5869 1267 5939 Norm.,
1290 5871 1505 5940 injustis
1532 5869 1931 5925 obeditionibus.

2273 4735 2360 4793 29.
2395 4736 2741 4793 Discretionis
2769 4736 2929 4807 hujus
2951 4738 3248 4808 exemplum
3260 4736 3319 4791 in
3334 4742 3513 4791 sancto
3525 4735 3729 4791 Paulo.
3746 4763 3817 4777 --

2202 4824 2377 4893 Quam
2390 4825 2745 4883 discretionis
2758 4826 2959 4884 lineam
2973 4827 3113 4884 bene
3123 4834 3250 4883 ante
3267 4825 3609 4882 intuentium
3622 4825 3815 4882 oculos

2201 4914 2405 4971 Paulus
2451 4916 2709 4986 tetendit,
2757 4916 2853 4990 qui
2883 4926 2937 4974 et
2965 4918 3196 4991 gentiles
3224 4915 3293 4972 ad
3330 4915 3644 4972 libertatem
3685 4913 3811 4971 ﬁdei

2200 5003 2485 5060 venientes
2500 5006 2829 5063 circumcidi
2851 5006 3143 5080 prohibuit
3165 5005 3536 5079 (Act.xv,20),
3555 5013 3612 5061 et
3628 5012 3811 5060 tamen

2198 5092 2412 5165 Lystris
2443 5097 2465 5132 ⁶
2493 5103 2657 5169 atque
2684 5095 2932 5153 Iconium
2962 5095 3257 5165 transiens,
3275 5095 3390 5167 ipse
3429 5093 3808 5159 Timotheum,

2199 5185 2296 5258 qui
2325 5186 2517 5258 gentili
2536 5195 2690 5261 patre
2713 5186 2896 5246 editus
2910 5187 3111 5258 fuerat,
3130 5184 3487 5247 circumcidit
3520 5184 3673 5259 (Act.
3693 5199 3807 5251 xvi,

2271 5439 2292 5474 ³
2331 5437 2529 5509 Laud.,
2566 5438 2885 5495 observaret.

2269 5512 2290 5546 δ
2331 5510 2480 5566 Edit.
2506 5507 2675 5567 Gilot.
2698 5518 2752 5566 et
2771 5510 2893 5566 alia;
2913 5515 3139 5581 poster.,
3168 5507 3553 5581 formidinem;
3584 5515 3802 5581 veteres

2198 5590 2378 5637 autem
2426 5582 2574 5637 Edit.
2607 5598 2732 5638 cum
2761 5582 2889 5637 Mss.
2915 5579 3083 5637 Corb.
3117 5580 3328 5648 Germ.,
3368 5579 3604 5647 Turon.,
3658 5579 3807 5636 Lau—

2197 5652 2357 5722 dun.,
2386 5653 2598 5720 Norm.,
2629 5660 2758 5721 etc.,
2790 5652 2993 5708 habent
3023 5650 3412 5721 fortitudinem.

2270 5726 2291 5759 ⁶
2327 5723 2587 5793 Vindoc.,
2643 5732 2798 5794 atque
2851 5723 3088 5782 Iconium
3125 5722 3354 5779 veniens.
3401 5722 3605 5791 Laud.,
3652 5730 3809 5795 atque

2203 5796 2408 5852 Iconim.
