3920 6378
183 371 291 431 465

876 374 1248 434 MORALIUM
1287 377 1422 436 LIB.
1463 378 1721 436 XXVIII.
1762 409 1832 422 -—
1871 379 1942 437 IN
1980 378 2207 437 CAPUT
2248 381 2538 439 XXXVIII
2578 384 2638 438 Β.
2681 385 2822 440 JUB.

3408 383 3518 443 466

186 501 266 572 3).
300 497 516 557 Videns
537 499 686 555 enim
709 498 856 572 quod
876 500 986 556 nisi
1007 515 1063 557 se
1083 501 1343 558 mandata
1367 501 1562 559 litterae
1582 518 1796 559 servare
1824 505 1876 565 A
1897 501 2105 576 judicis
2125 505 2470 563 obscuratur.
2494 506 2646 562 Unde
2661 515 2715 562 et
2731 514 2876 563 recte
2891 506 3248 582 subjungitur
3282 525 3294 564 :
3327 508 3372 545 ¹⁰
3394 507 3519 568 Vide

185 588 524 657 ostenderet,
558 587 870 645 Iudaeorum
925 588 1133 647 rabiem
1163 591 1330 647 etiam
1361 591 1419 647 in
1450 607 1543 648 eos
1571 592 1664 665 qui
1695 591 1802 648 sibi

183 687 324 738 tunc
352 677 586 738 comites
621 677 850 735 aderant
880 679 1170 748 excitaret,
1201 680 1519 736 assertionis
1548 698 1659 737 suae
1687 681 1801 737 vim

183 767 520 842 postposuit,
555 775 609 824 et
637 767 757 824 sine
777 766 982 824 damno
1004 767 1131 825 ﬁdei
1154 786 1209 826 se
1230 785 1465 843 suosque
1488 772 1502 805 ⁸
1526 771 1754 826 comites
1773 787 1804 826 a

183 857 594 931 persecutionis
623 857 972 914 immanitate
994 859 1316 916 custodivit.
1346 861 1498 917 Fecit
1519 861 1666 934 quod
1684 861 1803 918 ﬁeri

182 945 316 1003 ﬁdei
343 962 533 1002 amore
563 945 874 1022 prohibuit,
908 947 1007 1004 sed
1032 948 1100 1004 ad
1121 947 1250 1004 ﬁdei
1274 949 1294 983 ²
1311 950 1533 1006 retorsit
1559 949 1804 1007 ministe-

179 1036 333 1094 rium
363 1037 513 1112 quod
541 1036 700 1112 quasi
724 1053 835 1092 non
865 1036 1104 1095 ﬁdeliter
1123 1039 1272 1096 fecit.
1305 1040 1635 1114 Plerumque
1656 1041 1802 1096 enim

181 1126 369 1182 virtus
409 1142 535 1183 cum
588 1125 888 1184 indiscrete
937 1135 1156 1184 tenetur
1197 1129 1517 1198 amittitur;
1570 1147 1805 1203 cumque

179 1215 422 1274 discrete
443 1215 858 1284 intermittitur,
893 1217 1018 1289 plus
1047 1227 1281 1274 tenetur.
1305 1219 1417 1276 Nec
1444 1218 1645 1275 mirum
1678 1220 1723 1276 si
1747 1219 1803 1275 in

179 1304 530 1378 incorporeis
579 1304 946 1378 intelligimus
992 1307 1142 1380 quod
1173 1307 1258 1380 agi
1291 1310 1310 1344 ³
1339 1317 1392 1364 et
1440 1308 1498 1364 in
1529 1310 1805 1382 corporeis

177 1393 352 1451 rebus
374 1394 650 1450 videmus.
685 1396 772 1452 Ex
803 1395 991 1452 studio
1012 1413 1248 1470 namque
1268 1413 1427 1455 arcus
1445 1398 1800 1459 distenditur.

176 1492 244 1541 ut
276 1484 337 1540 in
374 1501 476 1541 suo
505 1491 751 1558 tempore
798 1503 925 1543 cum
972 1486 1212 1544 utilitate
1262 1487 1536 1544 tendatur.
1572 1490 1591 1523 ⁴
1623 1487 1727 1557 Qui
1757 1488 1803 1544 si

176 1574 362 1631 otium
386 1574 751 1631 relaxationis
765 1591 879 1631 non
896 1575 1117 1649 accipit,
1151 1575 1385 1632 feriendi
1403 1577 1665 1635 virtutem
1685 1579 1803 1652 ipso

174 1679 288 1720 usu
319 1663 589 1720 tensionis
618 1663 818 1736 perdit.
853 1663 944 1721 Sic
987 1665 1284 1738 aliquando
1322 1665 1381 1722 in
1411 1667 1803 1726 exercitatione

176 1753 386 1820 virtus,
405 1769 532 1808 cum
555 1769 653 1826 per
677 1752 1066 1809 discretionem
1085 1754 1543 1827 praetermittitur,
1563 1772 1800 1813 reserva-

1911 611 2031 668 e-rgo
2057 612 2120 650 ne
2150 596 2323 652 lumen
2350 596 2493 667 quod
2533 595 2592 650 in
2639 601 2684 653 te
2723 602 2796 651 est
2841 597 3061 652 tenebras
3098 597 3221 654 sint.
3257 597 3316 658 Si
3345 599 3521 656 lumen

1910 685 2052 755 quod
2072 684 2127 739 in
2149 691 2278 741 tecst
2293 685 2510 741 tenebrae
2528 691 2672 754 sunt,
2695 684 2823 757 ipsa:
2836 685 3052 742 tenebraz
3075 687 3116 720 ¹¹
3139 693 3352 758 quanta
3363 693 3522 746 erunt

1911 776 2107 844 (Ibid,
2134 775 2232 845 23)
2259 778 2285 832 ἵ
2306 775 2436 849 quia
2468 775 2514 830 si
2545 775 2652 832 hoc
2680 775 2829 848 quod
2858 775 2995 832 bene
3033 792 3134 832 nos
3162 793 3318 849 agere
3345 775 3517 835 credi-
3595 777 3600 780 ’

1913 883 2057 935 mus,
2089 883 2159 922 ex
2189 867 2329 923 mala
2351 867 2658 924 intentione
2677 867 2980 935 fuscamus,
2999 875 3202 941 quanta
3231 867 3349 939 ipsa
3376 867 3520 924 mala

1913 964 2042 1012 sunt
2071 973 2191 1029 quae
2230 957 2370 1012 mala
2398 973 2514 1014 esse
2545 957 2712 1014 etiam
2744 973 2869 1013 cum
2901 955 3118 1028 agimus
3150 973 3261 1012 non
3291 957 3520 1029 ignora-

1916 1062 2039 1102 mus
2069 1047 2096 1102 ?
2125 1047 2196 1102 Et
2225 1046 2271 1100 si
2303 1045 2380 1101 ibi
2411 1046 2490 1102 nil
2521 1046 2821 1114 cernimus,
2853 1047 2948 1104 ubi
2983 1045 3138 1120 quasi
3169 1043 3522 1103 discretionis

1915 1137 2104 1192 lumen
2130 1143 2402 1205 tenemus,
2426 1152 2533 1209 qua
2562 1135 2806 1193 caecitate
2826 1135 2884 1194 in
2914 1134 3011 1192 illa
3040 1134 3374 1193 offendimus
3401 1149 3522 1208 quae

1915 1223 2034 1282 sine
2061 1225 2394 1282 discretione
2438 1226 2862 1298 perpetramus?
2897 1224 3164 1297 Vigilanti
3196 1224 3364 1298 igitur
3391 1238 3523 1281 cura

1917 1332 2010 1388 per
2037 1322 2237 1372 cuncta
2265 1331 2428 1388 opera
2456 1313 2693 1370 intentio
2721 1313 2884 1372 nobis
2904 1323 3092 1371 nostra
3111 1313 3391 1387 pensanda
3417 1319 3517 1379 est,

1913 1415 1976 1463 ut
1994 1407 2075 1462 nil
2094 1405 2392 1478 temporale
2408 1404 2465 1460 in
2487 1403 2574 1460 his
2589 1419 2710 1475 quas
2726 1403 3086 1478 agitappetat,
3105 1412 3180 1472 at,
3196 1411 3365 1460 totam
3385 1420 3442 1459 se
3464 1403 3520 1457 in

1913 1484 2190 1551 soliditate
2220 1493 2542 1551 aeternitatis
2569 1492 2718 1566 ﬁgat,
2742 1511 2809 1548 ne
2841 1494 2885 1550 si
2916 1501 3072 1550 extra
3096 1493 3519 1552 fundamentum

1913 1585 2148 1642 actionis
2177 1591 2376 1640 nostrae
2398 1581 2606 1638 fabrica
2624 1583 2868 1654 ponitur,
2903 1590 3048 1639 terra
3075 1582 3389 1640 dehiscente
3415 1583 3520 1639 sol-

1914 1682 2093 1730 vatur.
2126 1671 2281 1730 Unde
2311 1671 2404 1729 hic
2436 1686 2654 1744 quoque
2684 1679 2806 1744 apte
2839 1671 3196 1744 subjungitur
3230 1689 3241 1727 :

2521 1789 2749 1847 CAPUT
2788 1789 2914 1846 XII.

175 1852 292 1911 mr’
314 1851 391 1944 ,ω
424 1849 575 1952 ta,“
605 1851 728 1946 Ῑῗοδῐ
749 1843 884 1952 νὴίέ
904 1845 1152 1952 ﬁdem“
1171 1845 1589 1952 milia}
1619 1863 1651 1950 θ’
1679 1863 1798 1952 Rep
1828 1872 1874 1934 Β
1975 1882 2147 1939 Vens.
2181 1882 2234 1937 6.
2269 1911 2340 1921 —
2369 1843 2693 1952 Supervqiw'
2713 1843 3047 1934 bases—illius
3075 1877 3316 1934 solidata:
3342 1883 3464 1933 sunt
3499 1874 3522 1929 ἲ

173 1935 439 1994 cussione
469 1935 691 1992 interim
724 1937 1024 2010 prudenter
1055 1945 1247 1994 cessat.
1302 1941 1322 1974 ⁵
1367 1939 1600 1996 Subtilis
1630 1940 1796 2012 igitur

170 2024 536 2082 discretionis
553 2042 719 2098 super
733 2025 878 2084 hanc
893 2034 1097 2084 terram
1113 2027 1260 2084 linea
1279 2029 1550 2099 tenditur,
1575 2030 1796 2104 quando

171 2115 416 2172 ostensis
462 2113 767 2190 unicuique
808 2115 1007 2173 animae
1053 2118 1321 2190 exemplis
1369 2119 1793 2192 praecedentium

171 2213 423 2279 patrum,
446 2214 501 2260 et
527 2204 743 2262 utiliter
761 2205 829 2262 ad
854 2207 1228 2280 operationem
1257 2208 1436 2265 virtus
1455 2209 1793 2278 accenditur,

170 2304 231 2352 et
263 2310 665 2368 nonnunquam
699 2295 896 2352 utilius
935 2303 1292 2368 temperatur.

250 2413 396 2489 [Vet.
427 2416 618 2492 XIII.]
649 2417 737 2474 30.
776 2417 1080 2474 Cavendum
1108 2437 1171 2474 ne
1199 2418 1532 2475 discretionis
1564 2420 1792 2489 nomine,

165 2507 419 2580 propriis
435 2508 720 2564 commodis
734 2509 1096 2566 seroiatur.—
1111 2510 1216 2567 Sed
1231 2526 1358 2567 cum
1375 2527 1666 2583 parumper
1688 2513 1710 2547 ⁶
1729 2511 1797 2567 ab

168 2613 346 2670 opere
374 2598 477 2654 zeli
524 2598 795 2656 fortitudo
843 2600 1150 2671 seponitur,
1200 2601 1311 2657 alta
1354 2601 1798 2658 consideratione

169 2705 323 2761 opus
367 2695 473 2758 est,
528 2705 596 2746 ne
640 2689 871 2747 fortasse
912 2706 1258 2764 nequaquam
1306 2693 1621 2749 communis
1663 2691 1794 2753 boni

173 2779 443 2847 consilio,
467 2780 562 2835 sed
583 2780 784 2836 timore
809 2781 1032 2853 proprio
1053 2781 1140 2836 vel
1162 2781 1458 2852 cujuslibet
1477 2781 1798 2838 ambitionis

179 2869 374 2925 studio
407 2884 438 2923 a
467 2867 694 2925 virtutis
721 2869 1122 2927 exercitatione
1154 2878 1415 2927 cessetur.
1448 2871 1606 2939 Quod
1635 2872 1797 2927 nimi-

178 2975 312 3015 rum
345 2975 472 3016 cum
505 2959 706 3030 agitur,
751 2958 866 3032 jam
907 2977 1019 3016 non
1050 2959 1469 3033 dispensationi,
1499 2963 1595 3019 sed
1623 2964 1797 3036 culpae

179 3049 450 3106 servitur.
485 3048 640 3105 Unde
669 3049 976 3106 curandum
1021 3051 1259 3107 sollicite
1303 3059 1384 3108 est
1424 3059 1487 3108 ut
1515 3069 1639 3110 cum
1674 3053 1797 3126 quis

172 3147 503 3211 susceptum
533 3139 818 3209 negotium
848 3156 974 3196 cum
1006 3139 1232 3196 virtutis
1259 3141 1560 3199 cessatione
1579 3141 1795 3216 dispen-

1985 1974 2072 2029 3i.
2107 1973 2271 2030 Bases
2302 1971 2497 2025 anima:
2519 1975 2643 2024 sunt
2674 1967 3004 2024 intentiones.
3035 1999 3105 2010 -—
3130 1968 3293 2026 Bases
3321 1968 3523 2042 quippe

1907 2059 2352 2134 uniuscujusque
2370 2066 2500 2116 sunt
2515 2058 2714 2115 anima:
2731 2059 3068 2116 intentiones
3080 2047 3214 2115 suae.
3228 2059 3365 2116 Nam
3381 2057 3524 2115 sicut

1906 2153 2117 2210 fabrica
2138 2151 2434 2219 columnis,
2454 2150 2725 2208 columnae
2745 2158 2928 2207 autem
2948 2148 3521 2213 basibusinnituntur,

1906 2244 1984 2300 ita
2020 2244 2136 2300 vita
2164 2250 2355 2300 nostra
2384 2241 2442 2299 in
2474 2241 2800 2311 virtutibus,
2823 2241 3058 2298 virtutes
3087 2257 3218 2298 vero
3247 2241 3305 2297 in
3326 2240 3524 2297 intima

1907 2333 2225 2390 intentione
2258 2332 2594 2389 subsistunt.
2617 2333 2689 2388 Et
2715 2333 2844 2404 quia
2859 2332 3127 2406 scriptum
3154 2338 3237 2387 est
3263 2348 3274 2386 :
3307 2331 3520 2388 Funda-

1905 2431 2137 2480 mentum
2165 2425 2323 2479 aliud
2352 2440 2499 2479 nemo
2524 2429 2696 2494 potest
2727 2440 2945 2494 ponere,
2968 2429 3168 2495 praeter
3188 2423 3246 2477 id
3265 2423 3406 2494 quod
3429 2439 3522 2494 po-

1905 2515 2067 2569 situm
2091 2513 2340 2584 est,quod
2367 2518 2445 2568 est
2477 2513 2719 2570 Christus
2747 2513 2899 2568 Jesus
2925 2513 2953 2582 (
2957 2513 2991 2569 Ι
3021 2511 3358 2583 Co-r.m,ll),
3389 2519 3521 2566 tunc

1905 2602 2062 2659 bases
2090 2603 2150 2658 in
2180 2601 2542 2658 fundamento
2584 2609 2734 2671 sunt,
2785 2617 2909 2658 cum
2942 2599 3280 2657 intentiones
3318 2607 3519 2656 nostra:

1907 2693 1966 2749 in
1995 2692 2220 2750 Christo
2268 2693 2618 2750 roborantur.
2653 2693 2932 2749 Incassum
2966 2707 3096 2747 vero
3133 2690 3241 2746 alta
3272 2705 3435 2762 super
3463 2705 3519 2744 se

1907 2782 2063 2838 bases
2091 2782 2327 2839 aediﬁcia
2355 2781 2595 2854 erigunt,
2631 2782 2678 2838 si
2709 2798 2821 2838 non
2851 2781 2983 2854 ipsae
3019 2780 3063 2814 ¹²
3093 2780 3150 2836 in
3173 2777 3518 2834 fundamenti

1907 2870 2190 2927 soliditate
2203 2872 2536 2939 consistunt,
2559 2870 2964 2942 quianimirum
2986 2869 3289 2942 quamlibet
3304 2885 3520 2926 summa

1911 2977 2076 3033 opera
2106 2959 2344 3015 inaniter
2370 2959 2602 3026 faciunt,
2631 2959 2676 3014 si
2707 2958 3052 3014 intentiones
3081 2958 3334 3015 cordium
3361 2965 3518 3014 extra

1909 3050 2239 3106 aeternitatis
2266 3048 2659 3107 certitudinem
2690 3047 3082 3117 deﬂectuntur,
3126 3056 3182 3104 et
3217 3049 3347 3105 vitae
3375 3065 3517 3105 verae

1907 3139 2136 3212 praemia
2151 3155 2262 3196 non
2276 3138 2588 3212 requirunt,
2609 3144 2872 3211 tantoque
2893 3137 3142 3209 graviora
3161 3137 3337 3194 ruinas
3353 3154 3516 3210 super

175 3238 288 3298 sat,
317 3227 674 3300 semetipsum
715 3228 870 3301 prius
919 3229 976 3285 in
1023 3229 1208 3287 radice
1253 3231 1436 3287 cordis
1467 3234 1488 3268 ⁷
1520 3233 1796 3305 inspiciat,
1835 3242 1879 3303 ο
1907 3246 1962 3288 se
1993 3229 2194 3286 damna
2247 3227 2544 3296 aediﬁcant,
2603 3235 2810 3301 quanto
2854 3227 3050 3283 altiora
3083 3226 3320 3284 aediﬁcia
3361 3233 3517 3282 extra

177 3320 202 3353 ³
233 3333 308 3374 ne
336 3317 444 3373 sibi
476 3333 572 3389 per
600 3317 705 3375 hoc
725 3318 942 3392 aliquid
961 3336 1160 3377 avarus
1179 3329 1415 3393 appetat,
1438 3322 1545 3379 sibi
1575 3340 1670 3395 per
1691 3323 1796 3381 hoc

172 3405 284 3462 soli
318 3405 550 3463 timidus
575 3414 760 3478 parcat
792 3425 805 3475 ;
841 3417 897 3465 et
919 3425 984 3464 eo
999 3409 1095 3465 ﬁat
1115 3425 1346 3482 pravum
1368 3410 1516 3484 quod
1544 3412 1601 3468 in
1633 3430 1795 3484 opere

171 3495 456 3568 sequitur,
487 3511 598 3568 quo
642 3492 771 3553 non‘
797 3512 868 3552 ex
915 3505 1062 3554 recta
1107 3499 1458 3570 cogitationis
1488 3501 1795 3560 intentione

173 3597 492 3662 generatur.
529 3588 684 3645 Unde
733 3589 873 3647 bene
919 3590 977 3646 in
1025 3588 1328 3663 Evangelio
1358 3591 1577 3649 Veritas
1608 3592 1746 3650 dicit
1778 3611 1788 3649 :

169 3679 423 3736 Lucerna
450 3678 696 3749 corporis
728 3679 806 3734 tui
834 3686 908 3735 est
937 3681 1120 3736 oculus
1157 3686 1296 3736 tuus.
1344 3681 1403 3738 Si
1448 3683 1632 3738 oculus
1675 3688 1795 3737 tuus

168 3769 405 3840 simplex
437 3766 626 3838 fuerit,
671 3775 836 3825 totum
873 3786 1063 3841 corpus
1107 3776 1254 3825 tuum
1303 3769 1537 3826 lucidum
1582 3772 1701 3827 erit.
1735 3772 1794 3829 Si

169 3864 355 3914 autem
383 3859 565 3913 oculus
597 3865 716 3913 tuus
744 3875 968 3930 nequam
1004 3858 1190 3928 fuerit.
1225 3864 1389 3914 totum
1417 3876 1608 3931 corpus
1648 3867 1794 3915 tuum

172 3947 506 4003 tenebrosum
526 3948 668 4018 erit(
672 3949 866 4006 Matth.
885 3966 965 4018 vr,
988 3948 1106 4018 22).
1121 3948 1267 4016 Quid
1282 3948 1429 4004 enim
1453 3965 1550 4021 per
1569 3951 1792 4007 oculum

171 4035 534 4110 exprimitur,
566 4035 678 4093 nisi
705 4053 844 4110 opus
863 4053 1024 4094 suum
1051 4034 1393 4109 praeveniens
1412 4037 1595 4095 cordis
1617 4038 1791 4094 inten-

171 4127 256 4183 tio
289 4125 317 4182 Ἰ
349 4141 472 4198 quas
493 4125 816 4199 priusquam
837 4143 894 4183 se
915 4125 973 4182 in
993 4125 1210 4183 actione
1238 4132 1510 4196 exerceat,
1539 4125 1644 4185 hoc
1675 4126 1790 4198 jam

172 4215 328 4292 quod
359 4216 571 4289 appetit
589 4217 1015 4290 contemplatur.
1040 4218 1112 4273 Et
1127 4217 1262 4290 quid
1281 4216 1646 4290 appellatione
1661 4234 1792 4274 cor-

173 4305 331 4378 poris
359 4305 701 4378 designatur,
734 4306 840 4363 nisi
871 4322 1212 4380 unaquaeque
1254 4306 1418 4376 actio,
1447 4322 1569 4379 quae
1600 4307 1792 4362 inten-

174 4395 388 4452 tionem
423 4410 580 4452 suam
637 4394 793 4468 quasi
848 4395 1154 4452 intuentem
1210 4396 1431 4453 oculum
1485 4395 1736 4468 sequitur
1764 4395 1791 4451 ‘l

173 4485 424 4542 Lucerna
456 4485 642 4558 itaque
667 4485 908 4557 corporis
927 4491 1001 4540 est
1026 4486 1232 4551 oculus,
1261 4485 1391 4558 quia
1411 4501 1507 4558 per
1529 4483 1687 4541 bona;
1709 4485 1790 4540 in-

171 4580 443 4674 tentionis
472 4576 618 4638 908
648 4581 866 4639 radium
910 4581 1106 4674 merita
1154 4581 1505 4639 illustrantur
1533 4581 1785 4638 actionis.
1817 4615 1868 4674 Β

170 4671 248 4726 Et
277 4669 325 4724 si
350 4670 535 4726 oculus
557 4675 675 4726 tuus
695 4670 919 4743 simple-.1:
933 4669 1118 4740 fuerit,
1143 4676 1306 4726 totum
1325 4687 1515 4743 corpus
1541 4676 1688 4727 tuum
1714 4672 1790 4726 lu-

170 4759 352 4815 cidum
370 4760 490 4828 erit,
510 4759 641 4834 quia
659 4760 706 4817 si
729 4769 877 4817 recte
900 4759 1243 4816 intendimus
1262 4775 1358 4832 per
1377 4757 1788 4832 simplicitatem

170 4849 550 4922 cogitationis,
579 4849 789 4907 bonum
805 4865 943 4921 opus
962 4848 1222 4918 edicitur,
1245 4848 1410 4906 etiam
1431 4849 1478 4904 si
1496 4846 1682 4904 minus
1695 4847 1789 4903 bo-

172 4955 311 4995 num
341 4953 458 4996 esse
492 4937 764 4996 videatur.
798 4940 873 4995 Et
899 4937 948 4994 si
979 4938 1163 4993 oculus
1206 4943 1324 4992 tuus
1351 4954 1578 5009 nequam
1601 4936 1788 5008 fuerit,

173 5033 343 5084 totum
370 5046 561 5104 corpus
578 5035 728 5084 tuum
747 5027 1072 5084 tenebrosum
1100 5027 1222 5093 erit,
1243 5026 1375 5100 quia
1392 5043 1519 5084 cum
1539 5041 1793 5099 perversa

171 5117 488 5177 intentione
516 5118 653 5194 quid
681 5118 768 5174 vel
800 5125 1011 5176 rectum
1041 5116 1244 5190 agitur,
1274 5115 1376 5173 etsi
1397 5115 1682 5189 splendere
1704 5132 1791 5170 co-

169 5223 294 5263 ram
311 5206 637 5265 hominibus
651 5208 921 5277 cernitur,
938 5206 1086 5280 apud
1103 5221 1336 5262 examen
1353 5212 1537 5262 tamen
1550 5205 1570 5240 ⁹
1589 5201 1793 5260 interni

205 5528 220 5584 l
251 5457 463 5585 ‘plIJeest
489 5454 698 5511 comites
727 5453 786 5510 in
814 5452 1012 5522 Laud.,
1045 5451 1212 5511 Corb.
1245 5451 1456 5520 Germ.,
1502 5450 1700 5508 Pratel.
1731 5459 1786 5508 et

233 5571 247 5583 .
329 5542 470 5583 orm.

167 5542 247 5584 al.
277 5542 470 5584 norm.

245 5599 269 5634 ³
298 5597 577 5665 Laudun.,
609 5597 860 5653 recurrit.

247 5669 493 5752 fliaudq,
523 5675 572 5725 et
602 5669 659 5750 in
675 5668 986 5752 corporibus
1015 5670 1265 5726 videmus.

246 5743 270 5776 "
304 5741 535 5808 Pratel.,
566 5741 693 5811 quia
723 5741 770 5796 si
805 5741 990 5796 otium.

243 5814 266 5848 ³
299 5811 456 5868 Editi
488 5818 718 5877 recent.,
749 5812 933 5868 subtili
959 5827 1082 5882 ergo
1101 5811 1428 5868 discretione.

245 5886 269 5920 ⁸
303 5882 570 5951 Vindoc.,
601 5883 827 5953 Pratel.,
852 5889 984 5952 etc.,
1012 5883 1078 5938 ab
1107 5899 1197 5938 ore
1228 5884 1346 5938 zeli.

1905 3321 2326 3378 fundamentum
2360 3326 2603 3391 portant,
2635 3318 2766 3392 quia
2800 3335 2928 3375 cum
2958 3327 3177 3374 aeternae
3206 3318 3336 3374 vita:
3365 3334 3513 3389 pra:-

1905 3413 2033 3469 miis
2061 3428 2172 3468 non
2202 3409 2520 3478 intendunt,
2553 3427 2663 3483 quo
2693 3409 2817 3482 plus
2846 3425 2903 3465 se
2931 3409 3090 3482 quasi
3120 3407 3177 3464 in
3209 3407 3515 3464 virtutibus

1903 3502 2142 3575 erigunt,
2174 3517 2238 3557 eo
2271 3499 2328 3555 in
2371 3499 2559 3572 gloria:
2587 3497 2770 3555 inanis
2809 3497 3026 3556 foveam
3057 3497 3387 3571 profundius
3415 3514 3514 3555 ca-

1904 3591 2065 3648 dunt.
2082 3591 2203 3647 Non
2218 3605 2346 3662 ergo
2357 3587 2696 3662 pensandum
2711 3595 2792 3644 est
2806 3586 2964 3644 bases
2973 3586 3108 3662 quid
3121 3585 3513 3654 sustinent,sed

1903 3680 2001 3738 ubi
2018 3680 2384 3748 sustinentur,
2402 3678 2532 3752 quia
2547 3677 2792 3750 profecto
2808 3676 3050 3734 humana
3064 3675 3227 3733 corda
3241 3674 3513 3732 divinitus

1904 3777 2339 3842 perscrutantur,
2371 3784 2482 3824 non
2513 3767 2691 3824 solum
2729 3784 2850 3841 quae
2891 3766 3122 3834 faciunt,
3155 3763 3248 3821 sed
3275 3763 3424 3837 quod
3455 3764 3510 3820 in

1903 3859 2163 3931 operibus
2211 3863 2484 3931 quaerunt.
2535 3855 2691 3913 Unde
2731 3872 2860 3914 cum
2907 3854 3223 3912 districtum
3264 3852 3507 3924 judicem

1901 3949 2104 4005 Paulus
2131 3947 2484 4014 describeret,
2532 3955 2695 4019 atque
2737 3945 3016 4002 actionum
3066 3943 3212 3999 bona
3240 3951 3505 4008 narraret,

1901 4038 2090 4095 dicens
2121 4056 2132 4093 :
2171 4038 2273 4106 Qui
2310 4036 2490 4092 reddet
2536 4035 2818 4106 unicuique
2862 4033 3148 4090 secundum
3182 4048 3344 4104 opera
3372 4031 3506 4102 ejus,

1901 4130 1982 4184 his
2007 4127 2239 4200 quidem,
2269 4126 2554 4183 secundum
2575 4125 2891 4198 patientiam
2919 4122 3040 4180 boni
3066 4122 3260 4194 operis,
3281 4121 3508 4193 gloriam

1901 4225 1948 4273 et
1975 4216 2365 4288 corruptionem
2389 4216 2573 4286 (Rom.
2607 4232 2670 4282 Ir,
2691 4215 2746 4282 6,
2771 4215 2833 4285 7)
2856 4231 2869 4280 ;
2901 4212 3052 4286 quia,
3074 4210 3359 4268 nominata
3376 4211 3508 4268 boni

1901 4306 2080 4380 operis
2111 4305 2377 4379 patientia
2405 4305 2560 4379 quasi
2584 4312 2751 4362 totam
2776 4303 2962 4359 electa
2988 4299 3225 4360 actionis
3243 4300 3507 4360 fabricam

1899 4397 2136 4466 dixerat,
2166 4395 2446 4454 subtiliter
2477 4395 2628 4452 illico
2656 4393 2754 4451 ubi
2802 4391 2956 4450 bases
3005 4391 3249 4464 ejusdem
3285 4390 3508 4447 fabric<e

1898 4487 2262 4545 consisterent
2281 4487 2605 4561 exquisivit,
2637 4485 2828 4544 dicens
2863 4504 2872 4542 :
2911 4485 3155 4542 Gloriam
3183 4489 3232 4538 et
3261 4484 3510 4538 honorem

1897 4585 1945 4635 et
1956 4579 2402 4651 incorruptionem
2418 4577 2784 4647 quaerentibus,
2800 4575 2963 4632 vitam
2973 4573 3390 4643 aztemamUbid.
3400 4573 3504 4644 ,7).

1899 4671 1980 4726 Ac
2006 4669 2054 4726 si
2081 4676 2266 4742 aperte
2295 4668 2504 4726 diceret
2541 4685 2552 4724 :
2585 4669 2658 4725 Et
2690 4667 2739 4724 si
2769 4665 2994 4740 quidam
3024 4663 3346 4739 patientiam
3375 4663 3503 4728 boni

1897 4757 2078 4830 operis
2096 4756 2414 4825 ostendunt,
2432 4756 2660 4829 gloriam
2683 4763 2740 4812 et
2756 4753 3225 4826 incorruptionem
3244 4767 3355 4808 non
3373 4750 3506 4808 reci-

1897 4847 2080 4920 piunt,
2111 4847 2159 4904 si
2189 4846 2529 4904 intentiones
2556 4845 2761 4914 cordis,
2792 4844 2852 4901 id
2879 4851 2961 4900 est
2991 4843 3145 4900 bases
3168 4841 3418 4908 fabricas,
3449 4839 3504 4894 in

1899 4935 2260 4992 fundamento
2287 4952 2402 4992 non
2431 4936 2634 5008 ﬁgunt,
2664 4935 2795 5008 quia
2815 4931 3076 4989 videlicet
3103 4933 3248 4987 Deus
3278 4928 3365 4984 vel
3394 4925 3507 4983 ho-

1901 5032 2068 5082 nesta:
2097 5026 2227 5082 vitai
2271 5025 2568 5082 aediﬁcium
2617 5041 2728 5081 non
2772 5021 3046 5080 inhabitat
3086 5018 3233 5094 quod
3266 5024 3421 5074 extra
3448 5033 3506 5074 se

1903 5116 2140 5188 positum
2174 5132 2286 5172 non
2326 5116 2440 5188 ipse
2469 5121 2756 5173 sustentat.

1972 5205 2062 5263 32.
2094 5205 2183 5262 Ad
2216 5222 2359 5277 spem
2404 5204 2712 5262 aeternitatis
2758 5208 2882 5258 sunt
2921 5199 3227 5272 dirigendae.
3259 5227 3330 5275 -έ
3366 5196 3507 5266 Quia

1969 5458 1989 5490 ⁷
2022 5453 2219 5528 Laud.,
2255 5455 2504 5528 inﬁgal.__
2977 5526 2984 5528 Α
3035 5525 3043 5528 ,
3363 5518 3376 5528 .

1971 5529 1992 5563 ⁸
2021 5517 2277 5600 Longip.,
2308 5517 2372 5580 ὗιὲ
2405 5525 2571 5579 sibi...
2604 5539 2804 5578 avarus
2831 5525 3066 5594 appetat,
3091 5535 3192 5593 per
3234 5518 3378 5591 quod
3403 5517 3508 5574 sibi

1897 5600 1998 5655 soli
2019 5599 2232 5654 timidus
2252 5603 2456 5655 parcat.

1970 5615 2232 5654 nummus
2287 5615 2456 5653 arcat.

1970 5672 2171 5745 {Unus
2200 5615 2448 5745 Egroim,
2468 5666 2653 5745 calenti
2667 5664 2890 5736 judicis.
3048 5734 3064 5745 _
3132 5735 3142 5745 θ

1974 5743 2020 5778 ¹⁰
2053 5743 2178 5798 Haec
2206 5740 2405 5796 desunt
2429 5734 2486 5794 in
2512 5734 2770 5806 Vindoc.,
2797 5751 2973 5810 usque
3001 5734 3070 5792 ad
3094 5735 3142 5790 si
3167 5736 3359 5790 lumen.

1979 5816 2019 5848 ¹¹
2053 5812 2252 5881 Laud.,
2274 5818 2485 5884 quantae
2503 5816 2643 5884 sunt.

1981 5885 2022 5918 ³³
2054 5879 2300 5952 Recent.,
2335 5884 2389 5938 in
2415 5883 2759 5954 fundamento
2779 5879 3038 5936 solidatae.
