3920 6372
520 366 622 423 δ67

1732 375 1981 433 SANCTI
2018 377 2352 436 GREGORII
2391 381 2616 440 MAGNI

3747 394 3856 454 468

518 491 688 562 igitur
710 491 1046 549 intentiones
1073 494 1258 551 electze
1287 495 1726 572 uniuscujusque
1746 499 1944 556 animae
1967 501 1977 535 '
2003 501 2118 573 spei
2146 505 2197 564 Α
2230 514 2515 563 vocantur.
2551 507 2705 577 Quod
2737 509 2782 566 si
2815 509 2890 566 ita
2909 519 3010 580 est,
3042 511 3173 569 dum
3196 521 3340 572 terra
3368 524 3518 574 esset
3537 510 3854 581 invisibilis

514 589 839 648 uternitatis
859 590 1200 662 innituntur,
1217 601 1364 652 recte
1394 612 1528 652 voce
1558 591 1704 651 909
1731 596 2023 654 Dominica
2056 597 2125 654 de

514 675 620 734 hac
649 684 794 736 terra
817 679 1025 738 dicitur
1057 699 1069 736 :
1104 681 1127 717 ²
1155 682 1328 755 Super
1371 700 1476 754 quo
1517 685 1664 740 bases
1697 685 1846 740 illius
1883 687 2126 743 solidata:

511 771 641 822 sunt
667 768 696 823 9
720 767 801 824 Ac
819 767 866 824 si
893 777 1079 842 aperte
1108 770 1335 840 diceret,
1368 772 1486 828 Nisi
1517 789 1682 846 super
1711 791 1818 832 me.
1853 774 1958 832 Cui
1987 775 2120 832 dum

505 853 659 928 justa
685 871 916 930 quaque
943 858 1130 915 anima
1149 859 1410 929 intendit,
1443 877 1607 917 omne
1629 862 1778 936 quod
1807 864 2121 936 temporali-

510 949 597 999 ter
622 943 776 1014 facit,
809 944 868 1001 in
891 961 979 1003 me
1005 949 1198 1020 procul
1225 947 1396 1006 dubio
1427 965 1538 1006 non
1566 951 1948 1024 temporaliter
1976 969 2122 1010 con-

511 1031 695 1089 struit.
754 1033 897 1102 Quia
937 1050 1070 1092 vero
1134 1045 1270 1096 tunc
1325 1039 1609 1097 robustius
1651 1041 1708 1096 in
1755 1041 2120 1099 fundamento

509 1121 834 1194 solidamur,
865 1141 992 1182 cum
1026 1125 1195 1183 verba
1231 1126 1331 1184 Dei
1375 1135 1430 1184 et
1471 1129 1529 1184 in
1559 1130 1930 1188 exterioribus
1970 1149 2121 1205 prae—

507 1211 684 1284 ceptis
711 1213 1014 1286 sequimur,
1045 1221 1101 1272 et
1129 1215 1186 1271 in
1217 1215 1434 1273 intimis
1462 1218 1716 1275 sensibus
1745 1219 2008 1278 subtilius
2037 1221 2120 1278 in-

511 1301 808 1376 telligendo
836 1319 1149 1376 pensamus,
1171 1314 1318 1364 recte
1337 1306 1694 1381 subjungitur
1723 1327 1736 1366 :

934 1417 1164 1477 CAPUT
1191 1421 1324 1478 xm
1346 1420 1486 1497 [Vet.
1509 1420 1686 1500 XIV].

578 1509 716 1566 Iern.
747 1539 819 1551 —
857 1509 944 1568 Vel
971 1511 1092 1582 quis
1111 1512 1314 1570 dimisit
1345 1514 1574 1586 lapidem
1600 1517 1918 1589 angularem
1945 1516 2060 1589 ejus
2089 1520 2118 1574 γ

577 1597 668 1656 33.
713 1599 958 1658 Christus
997 1603 1136 1674 lapis
1180 1604 1486 1676 angularis,
1523 1606 1667 1678 quod
1694 1607 1861 1664 vitam
1889 1607 2120 1663 activam

506 1694 556 1746 et
579 1693 1036 1764 contemplativam
1063 1693 1120 1748 in
1148 1711 1200 1750 se
1227 1695 1585 1768 conjunxerit.
1617 1727 1689 1740 —
1715 1697 1882 1771 Lapis
1911 1698 2118 1772 quippe

506 1779 786 1851 angularia
830 1788 913 1837 est
956 1781 1025 1838 ad
1069 1799 1224 1840 sacra
1267 1784 1486 1858 eloquia
1533 1785 1849 1844 intellectus
1885 1787 2112 1861 duplex.

2232 602 2287 651 et
2312 595 2694 670 incomposita,
2728 599 2858 656 dum
2893 601 3133 660 tenebrae
3163 613 3345 662 essent
3383 621 3549 681 super
3577 609 3849 684 abyssum

2229 683 2447 752 (Genes.
2497 704 2536 756 ι,
2584 688 2665 761 2),
2716 697 3011 748 venturum
3047 691 3194 751 diem
3235 694 3623 770 subsequentis
3654 683 3849 761 saeculi

2231 789 2328 846 per
2352 775 2532 833 lucem
2560 779 2842 850 sapientiae
2861 781 3150 840 existendo
3176 797 3584 858 praevenerunt.
3608 792 3728 851 Nec
3757 811 3852 852 ne-

2231 862 2498 956 gligenter
2525 867 2862 956 audiendum
2892 879 2974 928 est
3003 873 3152 946 quod
3197 874 3440 947 additur,
3473 880 3670 951 Simul,
3715 884 3850 956 quia

2229 952 2496 1011 nimirum
2535 964 2680 1014 astra
2720 952 2991 1018 matutina
3019 963 3184 1020 etiam
3213 982 3341 1022 cum
3370 970 3709 1042 vespertinis
3731 952 3850 1031 lle-

2229 1040 2530 1115 demptoris
2546 1048 2845 1118 potentiam
2870 1049 3114 1121 laudant,
3135 1052 3268 1110 dum
3288 1055 3447 1113 electi
3464 1040 3647 1132 angeli
3671 1061 3842 1119 etiam

2229 1149 2355 1190 cum
2385 1137 2684 1212 redemptis
2715 1140 2772 1198 in
2802 1141 2998 1199 mundi
3027 1143 3138 1201 ﬁne
3168 1143 3495 1205 hominibus
3523 1149 3840 1223 largitatem

2230 1225 2416 1296 gratiae
2444 1243 2693 1300 supernae
2737 1231 3066 1304 gloriﬁcent.
3103 1234 3126 1270 ‘
3151 1235 3271 1308 lpse
3299 1236 3501 1310 quippe
3530 1245 3594 1294 ut
3640 1255 3749 1297 nos
3773 1241 3842 1297 ad

2229 1312 2447 1404 laudem
2480 1319 2786 1379 conditoris
2824 1323 3206 1394 accenderent,
3254 1325 3362 1384 hoc
3405 1327 3555 1401 quod
3580 1331 3841 1404 superius

2228 1402 2497 1478 diximus,
2517 1417 2638 1466 orta
2657 1427 2754 1484 per
2771 1429 2991 1470 carnem
3013 1414 3155 1484 luce,
3177 1415 3558 1476 clamaverunt
3592 1437 3606 1476 :
3645 1402 3837 1478 Gloria

2229 1493 2285 1548 in
2312 1497 2529 1553 excelsis
2555 1499 2686 1570 Deo,
2719 1507 2768 1557 et
2793 1501 2852 1558 in
2869 1508 3013 1560 terra
3027 1521 3144 1578 paa:
3159 1506 3456 1564 hominibus
3475 1508 3624 1566 bona
3648 1512 3838 1568 uolun-

2229 1599 2352 1656 latis
2397 1602 2549 1673 (Luc.
2594 1619 2658 1672 ιι,
2707 1603 2820 1678 li).
2857 1606 3033 1664 Simul
3076 1623 3206 1680 ergo
3235 1601 3381 1662 910
3411 1609 3659 1680 laudant,
3707 1613 3840 1686 quia

2227 1689 2593 1764 redemptioni
2624 1703 2824 1752 nostra;
2864 1713 3026 1754 voces
3054 1713 3166 1754 suae
3194 1697 3557 1756 exultationis
3599 1717 3831 1760 accom-

2226 1781 2472 1838 modant.
2505 1783 2682 1842 Simul
2713 1785 2940 1842 laudant
2965 1805 2978 1855 ;
3030 1789 3161 1862 quia
3187 1788 3322 1846 dum
3350 1807 3452 1848 nos
3478 1793 3832 1864 conspiciunt

506 1866 616 1934 Qui
635 1874 770 1926 tunc
787 1868 1061 1928 divinitus
1080 1871 1404 1942 dimittitur,
1427 1875 1646 1948 quando
1666 1891 2010 1950 nequaquam
2033 1879 2113 1935 di.
2140 1864 2189 1925 B
2223 1872 2415 1945 recipi,
2443 1889 2605 1928 suum
2630 1891 2922 1932 numerum
2955 1877 3193 1950 gaudent
3219 1879 3438 1952 repleri.
3471 1880 3580 1948 Qui
3619 1890 3676 1938 et
3707 1882 3834 1939 for-

506 1956 701 2013 stricto
721 1955 938 2030 judicio
960 1959 1282 2033 ignorantia:
1301 1979 1414 2021 suae
1429 1964 1672 2022 tenebris
1699 1965 1949 2038 illigatur
1970 1984 1982 2033 ;
2017 1969 2112 2024 sed

506 2045 742 2119 quadam
772 2047 1024 2106 libertate
1067 2051 1391 2124 perfruitur,
1437 2053 1571 2111 dum
1602 2055 1660 2110 in
1687 2057 1975 2128 praeceptis
2012 2059 2111 2114 Dei

505 2135 709 2193 suiﬁcit
739 2138 827 2194 vel
856 2141 1208 2214 exsequendo
1235 2143 1511 2202 exteriora
1537 2159 1718 2217 agere,
1741 2145 1830 2201 vel
1852 2155 2112 2203 contem-

505 2225 710 2298 plando
739 2226 955 2285 interna
975 2231 1201 2288 sentire.
1234 2232 1322 2289 Ad
1341 2232 1490 2306 quod
1511 2249 1794 2307 nunquam
1817 2243 2004 2292 noster
2029 2236 2112 2292 in-

503 2315 758 2374 tellectus
806 2329 1130 2393 assurgeret,
1184 2321 1231 2377 si
1271 2321 1338 2378 ad
1397 2323 1804 2394 suscipiendam
1857 2333 2108 2384 naturam

503 2415 748 2464 nostram
777 2409 892 2483 ipse
919 2419 1107 2468 noster
1134 2412 1392 2470 conditor
1411 2430 1522 2470 non
1543 2414 1778 2472 veniret.
1812 2417 1919 2484 Qui
1947 2417 2110 2474 aliter

501 2499 780 2569 angularia
809 2500 948 2574 lapis
973 2500 1202 2567 dicitur,
1234 2503 1364 2575 quia
1381 2502 1522 2559 duos
1549 2503 1609 2559 in
1639 2520 1696 2560 se
1727 2507 1960 2578 populos
1980 2505 2108 2578 jun-

501 2585 588 2640 xit
619 2603 632 2652 ;
673 2593 836 2660 atque
863 2588 1044 2658 aliter,
1064 2590 1194 2661 quia
1209 2590 1517 2663 conjuncta
1539 2593 1825 2668 utriusque
1851 2596 2000 2664 vitae,
2022 2613 2110 2653 ac-

503 2673 632 2729 tivae
653 2673 915 2732 videlicet
932 2683 987 2732 et
1006 2678 1471 2750 contemplativa),
1491 2681 1549 2738 in
1568 2697 1624 2738 se
1657 2685 1910 2756 exempla
1938 2702 2108 2742 mon-

503 2761 720 2818 stravit.
744 2762 832 2820 ΑΙ)
853 2764 1036 2822 activa
1063 2766 1214 2823 enim
1243 2767 1359 2825 vita
1387 2770 1546 2843 longe
1565 2774 1995 2846 contemplativa
2023 2775 2105 2832 di-

502 2857 641 2918 stat;
675 2851 771 2908 sed
799 2852 1116 2912 incarnatus
1144 2856 1479 2930 Redemptor
1492 2868 1681 2918 noster
1698 2863 1946 2933 veniens,
1970 2864 2101 2921 dum

498 2947 789 3016 utramque
807 2942 1084 3012 exhibuit,
1104 2945 1162 3001 in
1182 2962 1239 3003 se
1250 2954 1540 3022 utramque
1555 2951 1806 3010 sociavit.
1825 2954 1961 3010 Nam
1975 2971 2102 3012 cum

498 3027 556 3085 in
577 3029 712 3086 urbe
739 3031 1008 3090 miracula
1021 3033 1246 3104 faceret,
1280 3038 1339 3094 in
1367 3046 1554 3096 monte
1583 3057 1716 3098 vero
1745 3043 1955 3100 orando
1975 3060 2101 3101 con-

495 3118 652 3176 tinue
677 3129 1042 3192 pernoctaret,
1070 3127 1390 3200 exemplum
1417 3129 1534 3186 suis
1562 3129 1822 3189 ﬁdelibus
1844 3132 2098 3205 praebuit,

2221 1968 2363 2017 tasse
2397 1962 2522 2018 ideo
2551 1963 2824 2022 matutina
2851 1973 2998 2023 astra
3017 1976 3415 2039 memorantur,
3446 1971 3579 2044 quia
3601 1987 3748 2044 saepe
3763 1972 3830 2028 ad

2221 2050 2598 2110 exhortandos
2631 2053 2886 2112 homines
2905 2057 3059 2114 missi
3080 2067 3212 2115 sunt
3244 2077 3258 2127 ;
3289 2067 3344 2118 et
3371 2059 3505 2116 dum
3529 2069 3829 2118 venturum

2221 2157 2380 2197 mane
2409 2144 2690 2213 nuntiant,
2719 2150 2790 2201 ad
2819 2144 3078 2204 humanis
3105 2147 3367 2206 cordibus
3388 2151 3674 2222 praesentis
3702 2152 3830 2209 vitae

2219 2232 2472 2290 tenebras
2499 2233 2710 2306 fugant.
2744 2235 2849 2292 Sed
2879 2253 3004 2295 ecce
3037 2239 3214 2311 angeli
3241 2239 3491 2296 divinam
3519 2241 3825 2314 potentiam

2219 2320 2467 2390 laudant,
2499 2324 2629 2396 quia
2651 2325 2770 2397 ipsa
2787 2341 2880 2383 eos
2910 2334 3077 2384 tantae
3096 2329 3364 2386 claritatis
3388 2331 3410 2365 ⁸
3441 2329 3586 2387 visio
3606 2331 3821 2388 dilatat.

2215 2411 2327 2468 Nos
2341 2421 2523 2469 autem
2545 2413 2640 2487 qui
2661 2414 3011 2487 redimimnr,
3034 2417 3128 2474 sed
3150 2427 3336 2476 tamen
3357 2421 3716 2494 corruptione
3735 2423 3824 2479 ad-

2217 2499 2328 2558 huc
2353 2503 2536 2560 carnis
2555 2521 2867 2577 gravamur,
2888 2506 3097 2565 donum
3119 2509 3268 2582 quod
3291 2510 3647 2583 percipimus,
3675 2514 3698 2548 ⁶
3717 2529 3822 2586 qua

2215 2591 2424 2650 virtute
2438 2593 2726 2652 laudamus
2739 2596 2766 2652 ?
2781 2597 3070 2665 Quomodo
3086 2599 3236 2656 enim
3248 2600 3456 2657 valebit
3473 2601 3661 2674 lingua
3675 2602 3820 2660 dice-

2215 2697 2292 2752 re,
2311 2683 2460 2756 quod
2478 2699 2591 2741 non
2615 2685 2819 2742 suﬂicit
2848 2702 3004 2743 mens
3029 2695 3219 2744 nostra
3247 2690 3451 2747 sentire
3466 2690 3495 2747 ‘l
3521 2691 3816 2766 Sequitur:

2817 2774 3047 2834 CAPUT
3089 2778 3214 2835 XV.

2283 2864 2421 2922 lam.
2450 2894 2519 2906 —-
2551 2867 2627 2922 Et
2643 2865 2944 2937 jubilarent
2967 2884 3142 2923 omnes
3169 2869 3274 2940 ﬁlii
3293 2869 3418 2926 ‘Dei.

2283 2953 2371 3010 35.
2406 2953 2550 3022 Quid
2575 2956 2646 3012 sit
2677 2954 2955 3025 jubilatio,
2985 2963 3034 3012 et
3071 2975 3169 3014 cur
3203 2961 3435 3016 homines
3480 2961 3676 3027 deceat,
3711 2980 3813 3018 non

2209 3044 2440 3114 angelos.
2471 3073 2544 3086 —
2568 3043 2835 3102 lubilatio
2862 3046 3065 3119 quippe
3085 3047 3292 3106 dicitur
3319 3066 3447 3108 cum
3469 3051 3656 3110 cordis
3681 3053 3813 3110 laeti-

2209 3129 2288 3186 tia
2315 3131 2428 3188 oris
2449 3131 2695 3189 eﬂicacia
2714 3149 2827 3190 non
2851 3136 3139 3208 expletur;
3173 3136 3270 3194 sed
3285 3137 3617 3212 quibusdam
3637 3141 3816 3198 modis

495 3215 560 3266 ut
586 3226 690 3268 nec
735 3214 1222 3286 contemplationis
1257 3216 1444 3275 studio
1484 3220 1868 3292 proximorum
1909 3239 2098 3280 curam
2130 3226 2175 3288 C
2209 3219 2472 3292 gaudium
2512 3221 2714 3293 prodit,
2747 3223 2895 3295 quod
2938 3225 3055 3296 ipse
3095 3227 3193 3300 qui
3230 3227 3450 3300 gaudet,
3493 3246 3598 3288 nec
3636 3239 3816 3303 tegere

495 3298 796 3371 negligant,
823 3316 926 3358 nec
949 3317 1171 3359 rursum
1197 3321 1331 3362 cura
1359 3307 1740 3378 proximorum
1770 3311 2100 3368 immodera-

493 3389 605 3478 tius
632 3390 860 3464 obligati
904 3397 1388 3469 contemplationis
1428 3403 1613 3460 studia
1657 3404 2046 3478 derelinquant
2081 3423 2094 3474 ;

493 3477 588 3534 sed
613 3478 694 3536 sic
723 3479 781 3535 in
819 3481 1106 3558 utriusque
1140 3494 1378 3544 mentem
1416 3491 1706 3562 partiendo
1737 3477 2096 3566 conjungant,

491 3575 762 3640 quatenus
791 3587 894 3630 nec
929 3590 1173 3632 amorem
1200 3577 1300 3634 Dei
1329 3580 1630 3653 prmpediat
1649 3597 1806 3638 amor
1830 3584 2095 3654 proximi,

489 3673 592 3715 nec
605 3675 848 3718 amorem
868 3663 1131 3735 proximi,
1153 3666 1282 3740 quia
1300 3669 1661 3738 transcendit,
1689 3670 1915 3744 abjiciat
1941 3688 2100 3728 amor

488 3747 609 3805 Dei.
646 3748 787 3818 Quia
817 3751 987 3824 igitur
1007 3752 1252 3812 humano
1269 3756 1424 3814 cordi
1451 3757 1586 3830 quid
1605 3766 1788 3830 ageret
1817 3759 2096 3832 ignoranti

487 3836 587 3892 Dei
613 3845 776 3912 atque
805 3840 1050 3900 hominis
1071 3844 1343 3903 Mediator
1368 3847 1644 3920 apparuit,
1675 3849 1772 3922 qui
1801 3859 1857 3907 et
1888 3851 2100 3924 agendo

484 3925 803 3984 transitoria
847 3929 1186 4004 disponeret,
1232 3941 1288 3990 et
1329 3938 1756 4010 contemplanda
1782 3941 2098 3998 ostenderet

483 4015 632 4074 unde
655 4027 856 4078 cuncta
877 4020 1200 4094 penderent,
1251 4031 1397 4082 recte
1436 4026 1646 4086 dicitur
1683 4047 1696 4087 :
1737 4031 1826 4088 Vel
1853 4030 1975 4102 quis
2005 4032 2101 4086 di-

480 4109 630 4163 misit
656 4111 886 4182 lapidem
906 4115 1224 4185 angularem
1247 4115 1362 4187 ejus
1389 4119 1418 4175 i’
1442 4120 1523 4176 Ac
1542 4121 1588 4177 si
1609 4130 1795 4194 aperte
1818 4122 2094 4179 Dominus

482 4195 692 4252 diceret
709 4199 847 4254 :Nisi
861 4202 1083 4272 ego,qui
1102 4203 1330 4260 unicum
1347 4222 1511 4278 quem
1531 4207 1652 4264 sine
1661 4215 1912 4280 tempore
1932 4211 2095 4282 genui

481 4283 1097 4345 servandishominihus
1108 4305 1234 4346 cum
1245 4299 1490 4366 tempore
1501 4296 1802 4365 ostendi,in
1813 4296 1971 4371 cujus
1982 4299 2095 4356 vita

483 4371 784 4430 3discerent
796 4375 962 4432 etiam
976 4375 1196 4436 diversa
1208 4379 1437 4438 vivendi
1452 4383 1750 4441 studianon
1759 4385 2088 4460 discrepare.

2210 3309 2492 3380 prmvalet,
2521 3325 2624 3366 nec
2651 3312 2890 3382 explere.
2941 3313 3193 3371 Laudent
3243 3316 3429 3390 itaque
3473 3320 3677 3391 angeli,
3719 3326 3812 3395 qui

2204 3395 2319 3468 jam
2356 3405 2522 3455 tanta;
2552 3400 2820 3458 claritatis
2847 3403 2867 3438 ⁷
2898 3403 3252 3461 altitudinem
3281 3405 3341 3462 in
3369 3407 3706 3466 sublimibus
3729 3412 3812 3466 vi-

2209 3486 2362 3544 dent.
2388 3487 2636 3546 Jubilent
2660 3505 2792 3548 vero
2820 3490 3094 3562 homines,
3115 3495 3213 3568 qui
3239 3495 3420 3554 adhuc
3446 3497 3504 3554 in
3537 3498 3816 3556 inferiori-

2209 3577 2312 3634 bus
2335 3579 2448 3635 oris
2469 3579 2556 3636 sui
2584 3581 2867 3652 angustias
2899 3583 3198 3641 sustinent.
3230 3585 3363 3654 Quas
3392 3587 3524 3660 quia
3550 3597 3704 3645 certo
3733 3589 3816 3646 fu-

2208 3674 2334 3724 tura
2360 3668 2632 3726 Dominus
2670 3679 2918 3740 noverat,
2965 3688 3077 3728 non
3121 3680 3236 3730 tam
3265 3674 3518 3732 facienda
3544 3677 3813 3748 insinuat,

2209 3773 2373 3830 quam
2403 3757 2545 3816 facta
2571 3765 2777 3816 narrat.
2806 3759 2912 3817 Sed
2937 3761 3072 3835 quid
3091 3762 3326 3836 agimus,
3347 3764 3498 3837 quod
3522 3781 3650 3822 cum
3679 3767 3814 3825 boni

2209 3847 2277 3904 be
2333 3848 2726 3922 redemptionis
2794 3867 2907 3908 suae
2965 3853 3231 3924 mysterio
3293 3852 3538 3926 jubilant
3567 3898 3583 3925 ,
3639 3859 3814 3916 malos

2209 3937 2421 3994 invidia
2441 3939 2746 3996 inﬂammat
2773 3957 2786 4007 ;
2814 3941 2948 4000 dum
2967 3942 3127 4000 electi
3157 3942 3472 4016 proﬁciunt,
3496 3946 3720 4018 reprobi
3743 3949 3811 4004 ad

2207 4027 2415 4084 rabiem
2453 4027 2658 4084 furoris
2691 4029 3026 4098 excitantur,
3074 4039 3130 4087 et
3174 4031 3319 4088 bona
3345 4035 3648 4102 nascentia,
3682 4037 3812 4108 quia

2206 4119 2405 4174 nolunt
2431 4117 2660 4187 imitari,
2687 4129 3091 4194 persequuntur
3120 4123 3148 4178 ?
3175 4123 3281 4180 Sed
3307 4131 3493 4181 tamen
3515 4125 3662 4182 inter
3692 4127 3811 4186 haec

2204 4207 2369 4264 etiam
2399 4207 2495 4280 qui
2531 4207 2784 4276 redemit,
2814 4225 2926 4264 non
2974 4209 3257 4284 relinquit.
3295 4211 3575 4285 Scriptum
3604 4216 3808 4290 quippe

2203 4305 2284 4353 est
2321 4315 2334 4353 :
2370 4298 2566 4354 Fidelis
2585 4303 2762 4354 autem
2789 4298 2950 4368 Deus,
2980 4301 3075 4372 qui
3092 4318 3200 4358 non
3222 4303 3463 4374 patietur
3489 4321 3583 4360 eos
3613 4307 3808 4363 tentari

2201 4406 2367 4466 supra
2395 4409 2556 4466 quam
2589 4388 2828 4463 potestis,
2857 4391 2946 4446 sed
2973 4392 3132 4463 faciet
3182 4395 3342 4451 etiam
3367 4410 3488 4450 cum
3521 4398 3807 4454 tentatiom

480 4459 555 4516 Et
566 4461 878 4562 notandum
897 4464 1043 4538 quod
1059 4480 1186 4524 eum
1208 4485 1322 4526 non
1341 4472 1680 4542 seemisisse,
1702 4475 1798 4532 sed
1817 4459 2091 4537 dimisisse
2195 4459 2527 4553 proventum,
2558 4459 2618 4540 ut
2636 4486 2854 4558 possitis
2881 4459 3136 4545 sustinere
3166 4489 3225 4562 (Ι
3243 4489 3368 4547 Cor.
3401 4507 3458 4559 x,
3488 4491 3605 4564 i3).
3639 4492 3804 4552 Novit

479 4551 693 4622 asserit,
725 4554 856 4628 quia
873 4557 1118 4626 profecto
1139 4559 1436 4619 humanam
1454 4571 1706 4622 naturam
1723 4567 1898 4625 Filius
1916 4572 2084 4629 susci-
2120 4584 2171 4646 ι)
2198 4551 2349 4629 enim
2377 4551 2866 4646 conditor-noster,
2897 4578 3120 4650 quando
3147 4551 3456 4652 exsurgere
3470 4551 3803 4653 persecutio

480 4641 638 4715 piens
655 4643 724 4744 ad
741 4645 853 4702 ima
871 4645 941 4744 de
959 4646 1295 4708 sublimibus
1310 4653 1482 4710 venit.
1501 4653 1674 4728 Cujus
1687 4655 2084 4719 incarnationis
2120 4641 2162 4646 ⁷
2193 4663 2280 4720 nis
2308 4665 2602 4738 procellam
2636 4666 2800 4736 sinat,
2832 4641 3053 4741 quando
3094 4641 3490 4743 exsurgentem
3513 4672 3801 4744 reprimat.

477 4733 805 4834 mysterium
821 4735 954 4834 quia
967 4743 1023 4794 et
1035 4739 1195 4796 electi
1211 4741 1390 4814 angeli
1410 4743 1594 4800 mirati
1610 4753 1760 4834 sunt,
1778 4749 1872 4820 qui
1889 4750 2082 4809 eodem
2190 4733 2358 4810 Novit
2377 4770 2476 4827 pro
2495 4755 2747 4813 custodia
2765 4733 2954 4815 nostra
2970 4733 3298 4833 restringere
3319 4760 3468 4834 quod
3485 4733 3688 4820 contra
3705 4779 3801 4820 nos

477 4822 744 4895 mysterio
772 4824 1042 4901 redempti
1070 4844 1182 4886 non
1210 4837 1360 4898 sunt,
1393 4839 1540 4888 recte
1569 4832 1925 4909 subjungitur
1958 4856 1970 4895 :
2189 4822 2498 4917 egredi-pro
2527 4851 2716 4902 nostra
2735 4849 3132 4906 exercitatione
3147 4822 3440 4924 permittit,
3471 4861 3535 4909 ut
3563 4853 3799 4910 saeviens

901 4945 1132 5006 CAPUT
1156 4947 1291 5006 XIV
1315 4947 1460 5024 [Rec.
1501 4950 1646 5028 VII].

545 5033 718 5093 Vnus.
748 5035 800 5092 7.
836 5065 901 5076 -—
935 5035 1070 5094 Cum
1095 5054 1176 5094 me
1223 5039 1508 5097 laudarent
1531 5042 1692 5098 simul
1717 5049 1871 5100 astra
1896 5053 2082 5104 matu-

475 5119 606 5178 tina.

2189 4954 2292 4996 nos
2309 4938 2488 4996 diluat
2507 4944 2768 5013 procella,
2790 4951 2844 5001 et
2863 4961 2974 5001 non
2999 4954 3227 5019 mergat.
3257 4947 3412 5005 Unde
3431 4955 3487 5005 et
3504 4951 3760 5024 sequitur
3781 4969 3792 5006 :

2436 5029 2665 5090 CAPUT
2693 5035 2825 5092 XVI
2856 5033 2994 5110 [Vet.
3048 5037 3166 5106 XV,
3197 5039 3318 5097 Rec.
3361 5038 3542 5113 VIII].

2259 5120 2428 5180 Vsus.
2461 5121 2515 5178 8.
2533 5152 2604 5165 —
2625 5123 2755 5192 Quis
2773 5126 3025 5182 conclusit
3041 5127 3190 5184 ostiis
3208 5145 3378 5194 mare,
3395 5130 3610 5201 quando
3624 5148 3793 5188 emin-

543 5192 632 5286 ςίξτ.
652 5195 1008 5286 ᾼηθεῑίασινα
1019 5197 1286 5255 matutina
1303 5215 1400 5255 cur
1417 5203 1912 5276 appellati.—Quia
1928 5207 2078 5266 enim
2182 5209 2357 5280 pebat,
2387 5212 2544 5282 quasi
2570 5211 2633 5268 de
2657 5214 2820 5270 vulva
2841 5216 3128 5286 procedens
3157 5217 3187 5274 ?

472 5280 652 5351 prima
666 5282 724 5338 in
753 5291 999 5358 tempore
1026 5285 1251 5344 condita
1269 5297 1464 5347 natura
1482 5293 1898 5352 rationabilium
1920 5298 2079 5370 spiri-
2257 5302 2346 5360 36.
2376 5280 2636 5360 Saeculum
2662 5280 2862 5363 contra
2877 5315 3084 5365 sanctos
3129 5309 3346 5366 serviens
3378 5329 3414 5366 a
3446 5313 3556 5368 Deo
3585 5313 3789 5369 conclu-

471 5376 628 5428 tnum
659 5371 922 5442 creditur,
950 5389 1063 5432 non
1099 5375 1380 5436 immerito
1419 5383 1692 5440 matutina
1715 5391 1862 5442 astra
1888 5387 2070 5458 angeli
2177 5409 2314 5449 sum.
2345 5394 2659 5452 Humiliatis
2682 5397 2902 5453 terrenis
2926 5399 3282 5472 principibus,
3299 5417 3400 5472 per
3413 5419 3499 5456 eos
3525 5402 3789 5458 Dominus

543 5553 560 5626 ξ
589 5552 814 5626 Pratel.,
844 5555 1030 5626 speciei
1055 5558 1382 5616 wternilatis.

541 5623 786 5700 ῗὲξιιιάν
825 5623 984 5700 θάρρη·
1009 5629 1166 5700 quod-

539 5695 560 5774 ?
587 5694 808 5774 Ebroic.
839 5694 1042 5774 aliique
1060 5701 1248 5774 Norm.
1276 5710 1331 5758 et
1355 5703 1552 5774 Laud.,
1579 5706 1953 5764 discernerent.

464 5834 508 5890 ti
537 5766 560 5801 ⁴
587 5766 785 5825 Pratel.
817 5777 872 5826 et
901 5766 1066 5841 Utic.,
1089 5772 1205 5845 ipsa
1234 5775 1444 5848 quippe,
1476 5766 1690 5834 scilicet
1717 5787 1862 5836 astra
1883 5786 2063 5836 matu-

509 5852 602 5890 na.

509 5852 602 5894 na.

2249 5570 2270 5604 ⁵
2328 5569 2627 5648 Sequimur
2677 5573 2830 5648 Mss,
2900 5575 3202 5648 praesertim
3282 5577 3512 5647 Turon.,
3581 5579 3782 5646 Laud,

2176 5639 2435 5715 Ebroic.;
2453 5641 2651 5715 Pratel.
2683 5639 2928 5715 aliosque
2954 5647 3169 5715 Norm.,
3197 5664 3325 5704 cum
3356 5651 3415 5708 in
3445 5639 3687 5710 Excusis
3713 5639 3781 5706 le;

2175 5718 2354 5796 gatur,
2382 5713 2516 5796 visio
2545 5713 2804 5796 delectat._
2829 5713 2890 5796 In
2918 5713 3298 5796 Corb._G'erm.
3333 5723 3536 5796 legitur
3563 5724 3778 5781 dilatat.

2248 5785 2269 5818 ⁶
2304 5782 2498 5852 Laud.,
2525 5786 2681 5854 quasi
2700 5787 2944 5844 virtutem
2975 5790 3275 5846 laudamus.

2246 5855 2265 5888 ⁷
2297 5854 2459 5912 Corb.
2490 5857 2698 5926 Germ.,
2731 5858 2955 5917 Ebroic.
2987 5867 3042 5917 et
3061 5861 3156 5922 alii
3172 5862 3387 5934 Norm.,
3419 5865 3774 5922 latitudinem.
