3920 6376
139 409 231 467 469

804 395 1177 455 MORALIUM
1218 396 1353 453 LIB.
1393 395 1649 453 XXVIII.
1690 423 1763 437 —
1798 395 1868 451 IN
1907 393 2136 452 CAPUT
2176 394 2466 450 XXXVIII
2505 395 2566 449 Β.
2608 395 2749 451 JOB.

3331 375 3436 451 m

141 531 418 594 Ecclesium
445 544 610 599 supra
639 523 826 579 mundi
853 523 1056 579 culmen
1083 522 1270 578 evexit.
1302 551 1374 562 —
1401 521 1546 589 Quid
1572 521 1720 577 enim
1750 521 1801 580 A
1825 537 2072 593 ponerem
2096 519 2283 575 nubem
2314 519 2668 574 vestimentum
2700 518 2839 587 ejus;
2887 528 3010 593 apte
3035 519 3288 576 subdidit
3319 537 3330 574 :
3364 523 3440 578 Et

143 639 276 682 mare
286 619 394 678 nisi
410 617 694 683 saeculum,
714 612 846 687 quid
865 613 1110 678 vulvam,
1134 609 1242 666 nisi
1263 618 1585 682 conceptum
1612 626 1726 666 car-

143 717 270 775 nalis
295 707 649 786 cogitationis
677 703 1022 778 accipimus?
1050 704 1166 760 Hoc
1215 702 1362 759 enim
1393 703 1515 759 loco
1544 701 1728 756 vulva

143 805 352 864 nomine
381 798 601 858 occulta
627 803 681 852 et
709 794 985 850 malitiosa
1013 793 1320 852 carnalium
1350 790 1609 863 cogitatio
1638 790 1726 846 de-

143 897 394 968 signatur.
437 890 570 957 Qua
626 885 795 941 vulva
835 900 945 941 non
989 881 1058 938 ad
1090 879 1471 955 proferendam
1518 881 1727 952 prolem

142 981 370 1054 concipit
389 975 757 1036 substantiam
782 972 1049 1046 corporis,
1071 971 1164 1028 sed
1186 970 1252 1028 ad
1270 970 1596 1042 explendam
1627 986 1696 1026 ne
1710 1000 1729 1010 -

143 1074 360 1149 quitiam
390 1084 609 1126 causam
632 1065 862 1122 doloris.
894 1066 972 1119 De
989 1062 1093 1118 hac
1120 1062 1291 1117 vulva
1309 1061 1491 1118 cordis
1513 1060 1727 1133 iniquo-

142 1148 252 1222 rum
281 1160 413 1218 alias
442 1155 681 1214 dicitur:
713 1153 958 1226 Concepit
978 1153 1235 1218 dolorem,
1253 1156 1301 1205 et
1315 1151 1518 1222 peperit
1537 1148 1727 1219 iniqui-

147 1264 286 1314 tatem
316 1254 488 1328 (Psal.
508 1269 607 1318 vn,
635 1248 747 1321 I5).
787 1248 888 1304 Per
918 1245 1062 1302 hanc
1090 1245 1315 1301 vulvam
1347 1244 1503 1316 pravi
1533 1241 1730 1300 conci-

145 1348 308 1421 piunt,
338 1360 463 1400 cum
500 1341 644 1398 mala
658 1338 924 1411 cogitant.
947 1337 1050 1392 Per
1077 1334 1222 1392 hanc
1242 1334 1466 1390 vulvam
1485 1333 1728 1406 pariunt,

142 1454 255 1495 cum
285 1435 424 1492 mala
454 1449 578 1506 qua
623 1427 989 1502 cogitaverint
1033 1433 1347 1497 operantur.
1395 1422 1731 1496 Erumpebat

141 1543 257 1599 ergo
281 1538 427 1580 mare
445 1518 606 1595 quasi
626 1518 694 1574 de
712 1517 881 1573 vulva
899 1513 1222 1587 procedens,
1257 1515 1273 1547 ¹
1294 1529 1420 1569 cum
1452 1512 1729 1568 minarum

141 1613 470 1673 saecularium
497 1611 696 1667 ﬂuctus
715 1607 783 1664 de
810 1604 1046 1664 carnalis
1065 1603 1418 1676 cogitationis
1437 1601 1730 1674 iniquitate

141 1702 398 1776 concepti,
418 1701 476 1757 in
503 1708 704 1757 saneta
720 1695 982 1754 Ecclesia
1003 1694 1292 1750 interitum
1324 1692 1602 1748 savirent.
1624 1690 1730 1746 Sed

142 1801 346 1852 auctore
375 1794 512 1858 Deo,
563 1787 720 1845 ostiis
767 1786 874 1841 hoc
913 1799 1062 1840 mare
1098 1783 1422 1839 conclusum
1467 1788 1570 1849 est,
1603 1779 1731 1853 quia

142 1892 318 1942 contra
344 1892 593 1939 tumores
613 1874 1059 1950 persequentium
1088 1871 1263 1928 sancti
1285 1870 1393 1926 viri
1411 1871 1564 1944 quasi
1586 1886 1728 1943 qua-
1765 1890 1812 1950 Β
1913 1865 2187 1921 Terminis
2205 1865 2320 1921 suis
2335 1863 2606 1920 Dominus
2637 1877 2784 1917 mare
2814 1861 3145 1928 circumdat,
3177 1861 3308 1934 quia
3335 1861 3446 1916 iras
3549 1927 3554 1932 _

143 1975 254 2031 dam
283 1972 424 2030 ostia
450 1968 696 2043 oppositi
727 1973 881 2032 sunt,
912 1974 974 2021 ut
1019 1980 1208 2020 eorum
1258 1961 1540 2019 miraculis
1573 1968 1733 2032 atque

142 2061 432 2121 reverentia
473 2060 573 2116 ira
616 2054 1060 2130 persequentium
1090 2054 1492 2124 frangerentur.
1528 2050 1735 2106 Humi-

143 2154 277 2210 liatis
304 2152 512 2226 quippe
541 2147 808 2205 Dominus
838 2145 1074 2200 terrenis
1102 2140 1472 2215 principibus,
1507 2155 1602 2211 per
1642 2154 1734 2194 eos

145 2251 373 2302 sanctam
403 2239 714 2298 Ecclesiam
763 2251 927 2308 supra
954 2233 1150 2290 mundi
1195 2232 1414 2289 culmen
1445 2229 1650 2297 evexit,
1681 2237 1737 2285 et

145 2335 408 2392 savientis
455 2329 630 2387 maris
676 2329 936 2400 impetus,
979 2333 1159 2381 erecta
1199 2320 1443 2395 ejusdem
1475 2318 1735 2377 Ecclesia

147 2429 417 2498 potestate,
479 2417 747 2477 coercuit.
795 2414 901 2472 Sed
955 2413 1089 2469 huic
1133 2410 1386 2468 savienti
1415 2408 1556 2466 mari
1600 2407 1734 2482 quid

145 2513 401 2571 Dominus
430 2508 650 2567 fecerit.
684 2506 995 2563 audiamus.
1032 2501 1292 2575 Sequitur
1325 2517 1336 2555 :

552 2615 780 2675 CAPUT
810 2613 967 2670 xvn
999 2608 1145 2684 [ηερ.
1180 2608 1314 2683 IX].

206 2711 371 2769 Vnus.
395 2711 450 2767 9.
486 2739 558 2750 —
579 2711 668 2779 91
682 2712 718 2766 1
757 2704 890 2760 Cum
905 2717 1155 2773 ponerem
1174 2699 1360 2754 nubem
1380 2695 1737 2751 vestimentum

147 2808 264 2878 ejus,
278 2815 325 2864 et
341 2805 571 2877 caligine
586 2803 724 2859 illud
748 2801 903 2872 quasi
921 2800 1116 2870 pannis
1133 2795 1377 2867 infantia
1391 2794 1733 2849 obvolverem.

208 2897 288 2954 37.
310 2897 719 2952 Persecutorum
737 2889 1001 2945 malitiam
1015 2888 1156 2943 Deus
1171 2883 1488 2940 constrinxit
1501 2880 1659 2953 pueri
1665 2881 1738 2934 lia

149 2987 439 3059 sapientem.
473 3014 546 3024 —
571 2983 718 3038 Mare
749 2977 980 3036 saviens
1008 2975 1153 3032 nube
1177 2973 1448 3037 induitur,
1469 2970 1598 3044 quia
1617 2986 1738 3025 cru-

149 3057 329 3130 delitas
353 3068 805 3145 persequentium
828 3065 1076 3122 stultitia
1107 3079 1218 3119 sua
1234 3061 1545 3118 velamento
1577 3057 1736 3112 vesti-

149 3171 246 3218 tur.
277 3159 610 3233 Interposita
629 3156 777 3212 enim
808 3153 1042 3227 caligine
1071 3150 1416 3208 inﬁdelitatis
1455 3166 1588 3217 sua,
1621 3163 1736 3220 per-

1834 611 2058 682 caligine
2071 609 2208 665 illud
2226 608 2381 679 quasi
2391 608 2586 679 pannis
2606 607 2851 678 infantia
2870 609 3214 665 obvolverem.
3231 609 3438 666 Pannis

1837 699 2037 773 quippe
2082 698 2331 754 infantia
2379 697 2542 770 pedes
2588 714 2652 753 ac
2692 696 2919 753 brachia
2963 699 3436 773 constringuntur,

1838 790 1860 822 ‘
1890 804 1957 842 ne
1989 787 2097 843 huc
2135 796 2300 860 atque
2348 786 2482 842 illuc
2534 786 2804 844 dissoluta
2846 785 3100 842 libertate
3137 786 3435 857 jactentur.

1837 877 1979 944 Quia
2007 893 2134 949 ergo
2164 884 2540 948 persecutores
2563 883 2764 931 sancta
2793 875 3054 932 Ecclesia
3077 874 3440 932 instabilitate

1837 966 2018 1025 cordis
2047 965 2308 1038 inquieti,
2339 973 2503 1039 atque
2533 964 2667 1020 huic
2695 964 2897 1020 saculo
2927 964 3121 1033 dediti,
3153 980 3264 1020 non
3286 981 3442 1037 gran-

1838 1056 2014 1123 dava,
2043 1055 2138 1112 sed
2171 1056 2407 1128 puerilia
2453 1055 2698 1126 sapiunt,
2729 1053 2826 1128 qui
2854 1053 3078 1127 quidem
3110 1053 3442 1111 obscuritate

1837 1155 2000 1220 atque
2015 1145 2390 1218 caligine,non
2407 1145 2691 1200 intellectu
2711 1145 2935 1217 superni
2950 1143 3153 1216 judicii
3170 1144 3442 1200 constrin-

1840 1244 2063 1309 guntur,
2086 1253 2154 1293 ne
2177 1243 2394 1292 tantum
2413 1234 2665 1308 persequi
2694 1235 2913 1291 valeant
2931 1242 3200 1308 quantum
3222 1235 3440 1304 volunt,

1839 1327 2035 1400 pannis
2050 1326 2298 1382 infantiae
2314 1325 2628 1382 referuntur
2637 1323 2886 1381 obvoluti
2898 1323 3214 1397 ,quia,sicut
3231 1323 3443 1382 dictum

1839 1425 1940 1485 est,
1964 1416 2199 1489 puerilia
2219 1415 2441 1488 quidem
2459 1413 2802 1487 sapiunt,sed
2817 1413 3013 1469 divina
3035 1413 3443 1486 dispensatione

1837 1505 2123 1562 constricti
2133 1521 2262 1578 ,quo
2279 1505 2475 1561 volunt
2489 1503 2718 1562 brachia
2731 1519 2843 1559 non
2857 1503 3246 1572 extendunt,et
3260 1503 3442 1560 sicun-

1838 1606 1926 1654 cta
1936 1598 2079 1654 mala
2089 1597 2283 1653 leviter
2291 1604 2600 1669 perpetrare
2611 1602 3245 1668 appetunt,nequaquam
3259 1602 3443 1652 tamen

1840 1688 2068 1760 implere
2087 1694 2287 1744 cuncta
2302 1703 2423 1760 qua
2439 1693 2705 1758 appetunt
2719 1684 3136 1757 permittuntur.
3161 1685 3438 1758 Sequitur:

1911 1778 2084 1835 Vnus.
2117 1777 2280 1834 IO.—
2311 1775 2645 1833 Circumdedi
2671 1775 2810 1829 illud
2840 1773 3076 1828 terminis
3117 1774 3265 1829 meis.

1842 1954 2311 2028 persequentium,
2336 1951 2676 2024 jndiciorum
2706 1966 2931 2006 suorum
2983 1951 3003 1984 ⁸
3034 1949 3446 2022 dispensatione

1845 2044 2148 2112 modiﬁcat,
2171 2053 2232 2100 ut
2249 2042 2427 2099 insani
2444 2040 2659 2098 tumida
2676 2039 2824 2097 unda
2837 2040 3072 2096 fervoris
3095 2039 3260 2112 plano
3281 2039 3446 2095 fran-

1845 2142 2002 2208 gatur
2034 2133 2218 2190 littore
2242 2135 2263 2169 ⁶
2293 2133 2524 2190 occulta
2555 2129 3004 2203 dispensationis.
3037 2128 3296 2202 Sequitur
3329 2145 3340 2184 :

2237 2241 2465 2299 CAPUT
2501 2240 2683 2298 xvm
2715 2239 2853 2314 [Vet.
2891 2236 3064 2311 XVI].

1915 2332 2088 2390 Vens.
2124 2331 2211 2401 10,
2247 2332 2331 2388 11.
2363 2362 2433 2373 -
2458 2332 2532 2387 Et
2550 2331 2708 2402 posui
2727 2335 2917 2385 vectem
2945 2335 2993 2384 et
3020 2327 3177 2396 ostia,
3207 2333 3254 2383 et
3283 2326 3400 2381 dixi
3434 2343 3445 2382 :

1845 2425 2124 2494 Huc-usque
2149 2423 2342 2491 venies,
2377 2428 2423 2476 et
2449 2438 2554 2476 non
2584 2421 2833 2492 procedes
2863 2419 3117 2490 amplius,
3148 2424 3197 2473 et
3224 2416 3305 2472 hic
3333 2433 3450 2472 con-

1844 2511 2044 2584 fringes
2075 2518 2320 2568 tumentes
2348 2514 2538 2582 ﬂuctus
2570 2517 2706 2567 tuos.

1917 2603 2005 2661 38.
2041 2604 2221 2662 Sancti
2256 2602 2636 2676 pradicatores
2667 2607 2918 2672 tanquam
2947 2597 3085 2654 ostia
3103 2596 3247 2653 mari
3273 2595 3454 2651 saculi

1846 2693 2080 2748 savienti
2107 2694 2370 2766 opposita,
2404 2692 2555 2748 tundi
2580 2690 2843 2763 ﬂuctibus,
2873 2707 2980 2745 non
3027 2687 3238 2758 effringi
3272 2692 3451 2757 potue-

1849 2789 1994 2848 runt,
2003 2783 2214 2839 Christo
2227 2801 2310 2838 eos
2322 2782 2750 2838 roborante.Hac
2761 2780 2930 2836 hostia
2945 2778 3229 2835 humilibus
3244 2781 3454 2848 aperta,

1847 2878 1895 2927 et
1911 2871 2148 2943 superbis
2168 2874 2370 2927 clausa.
2389 2901 2461 2912 —
2479 2869 2625 2937 Quid
2649 2885 2745 2941 per
2765 2869 2904 2924 ostia
2933 2867 3039 2923 nisi
3069 2865 3454 2939 pradicatores

1849 2960 2046 3029 sancti,
2069 2959 2202 3032 quid
2226 2976 2320 3031 per
2342 2967 2554 3015 vectem
2576 2958 2684 3014 nisi
2716 2959 3034 3013 incarnatus
3051 2955 3324 3012 Dominus
3349 2953 3454 3008 de-

1849 3049 2137 3122 signatur?
2175 3047 2280 3116 Qui
2312 3048 2430 3104 hac
2475 3045 2736 3102 videlicet
2777 3045 2918 3100 ostia
2953 3051 3144 3099 contra
3176 3040 3456 3098 savientis

1851 3139 2016 3195 maris
2054 3139 2322 3209 impetum
2354 3143 2506 3191 tanto
2551 3133 2858 3190 valentiora
2887 3135 2907 3168 7
2938 3130 3216 3205 opposuit,
3248 3138 3454 3203 quanto

149 3252 377 3324 spicuam
409 3221 662 3307 veritatis
716 3248 895 3304 lucem
940 3244 1129 3300 videre
1169 3258 1278 3298 non
1331 3239 1566 3297 suﬂicit:
1605 3248 1657 3294 et
1684 3238 1741 3294 id
1772 3252 1816 3311 ρ
1848 3246 1910 3284 ea
1939 3245 2036 3285 sua
2056 3225 2436 3282 observatione
2464 3224 2764 3280 roboravit.
2797 3222 2937 3291 Quia
2965 3221 3238 3277 enimista
3253 3226 3454 3275 sancta

151 3341 284 3413 quod
315 3342 428 3413 agit
482 3356 578 3413 per
624 3335 970 3396 crudelitatis
1010 3333 1437 3406 impulsum,per
1482 3328 1744 3386 cacitatis

151 3446 249 3486 sua
268 3431 528 3488 meritum
547 3445 659 3485 non
680 3425 946 3500 agnoscit.
972 3425 1113 3481 Nam
1129 3422 1176 3477 si
1191 3420 1566 3494 cognovissent,
1587 3425 1648 3473 ut
1669 3417 1745 3472 ait

152 3520 452 3591 Apostolus,
489 3533 764 3589 nunquam
799 3513 1088 3572 Dominum
1131 3511 1321 3583 gloria
1361 3507 1749 3579 cruciﬁaissent

153 3610 207 3672 (Ι
236 3611 355 3666 Cor.
386 3627 450 3679 ιι,
503 3609 586 3680 8).
623 3608 750 3664 Hac
775 3605 951 3662 nubes
980 3619 1093 3660 non
1119 3602 1299 3658 solum
1329 3599 1468 3656 solet
1497 3596 1746 3653 inﬁdeles

155 3707 297 3754 extra
323 3700 538 3772 positos
564 3712 830 3769 premere,
862 3694 957 3750 sed
987 3692 1256 3765 quosdam
1301 3689 1465 3744 etiam
1497 3686 1746 3741 viventes

154 3788 427 3844 carnaliter
486 3788 634 3844 intra
671 3785 974 3842 Ecclesiam
1016 3779 1321 3836 tenebrare.
1374 3775 1529 3832 Unde
1571 3773 1745 3830 sancti

156 3874 272 3944 viri,
303 3879 396 3950 qui
423 3877 598 3934 etiam
629 3875 828 3931 aliena
859 3869 1207 3944 negligentia
1237 3866 1668 3938 compatiuntur,
1693 3870 1747 3918 et

155 3967 330 4036 sepati
371 3966 652 4025 astimant
707 3961 856 4037 quod
910 3958 1119 4033 perpeti
1168 3955 1305 4013 alios
1334 3954 1602 4021 sentiunt,
1633 3954 1745 4008 Deo

157 4065 356 4114 orantes
383 4057 585 4114 dicunt
616 4071 628 4108 :
669 4051 974 4125 Opposuisti
1002 4049 1206 4114 nubem,
1230 4062 1293 4100 ne
1317 4048 1554 4100 transeat
1573 4041 1746 4096 oratio

160 4141 364 4212 (Thren.
399 4164 489 4214 ιιι,
521 4144 638 4214 44).
675 4145 756 4199 Ac
779 4141 824 4197 si
869 4148 1052 4212 aperte
1081 4137 1268 4193 dicant
1300 4151 1312 4190 :
1344 4132 1516 4189 Menti
1544 4138 1746 4186 nostra

157 4233 372 4290 terrenis
422 4231 809 4305 voluptatibus
865 4234 1093 4285 assueta
1138 4225 1158 4258 ³
1202 4239 1460 4281 curarum
1521 4235 1743 4276 suarum

163 4321 531 4391 phantasmata
544 4323 696 4396 justo
711 4319 927 4393 judicio
953 4316 1169 4389 objicis,
1202 4314 1405 4388 quibus
1418 4328 1537 4368 eam
1553 4311 1612 4366 in
1630 4311 1746 4382 ipsa

161 4413 410 4473 orationis
428 4432 544 4473 sua
574 4411 881 4469 intentione
910 4405 1238 4473 confundis;
1259 4413 1312 4460 et
1339 4419 1502 4476 quam
1541 4403 1562 4436 ³
1591 4399 1746 4456 desi-

163 4498 316 4560 deriis
338 4505 550 4561 inﬁmis
570 4502 814 4560 deditam
845 4515 957 4556 non
979 4499 1219 4570 ignoras,
1240 4501 1381 4551 recte
1401 4498 1654 4550 cacatam
1677 4489 1745 4544 ab

163 4587 410 4652 intuenda
439 4592 584 4651 lucis
612 4600 720 4648 tua
747 4587 1136 4663 perspicuitate
1167 4583 1500 4649 reverberas,
1532 4587 1594 4635 ut
1617 4596 1743 4636 cum
1776 4610 1824 4668 D

165 4673 275 4734 inte
291 4681 617 4750 intenditur,
638 4681 758 4753 ipso
778 4695 810 4733 a
827 4686 881 4734 te
901 4675 1298 4749 cogitationum
1314 4687 1538 4728 suarum
1553 4669 1747 4726 nubilo

168 4765 494 4840 reﬂectatur;
530 4765 584 4827 et
613 4786 734 4844 qua
763 4776 980 4824 terrena
1009 4765 1130 4821 hac
1157 4761 1374 4818 assidue
1389 4761 1594 4832 cogitat
1622 4759 1752 4832 quia

167 4855 295 4924 vult.
323 4858 439 4917 hac
466 4859 635 4916 etiam
665 4858 862 4913 toleret
905 4856 963 4910 in
989 4852 1240 4909 oratione
1282 4866 1411 4908 cum
1465 4865 1576 4905 non
1606 4849 1746 4903 vult.

169 4941 296 5008 Quia
321 4947 487 5020 igitur
515 4949 635 5020 ipsa
661 4951 1070 5019 persecutornm
1118 4939 1369 5013 nequitia
1409 4954 1646 5010 superna
1671 4936 1750 4992 di-

170 5042 496 5106 spensatione
543 5038 962 5112 constringitur,
1004 5051 1074 5092 ne
1103 5041 1297 5092 contra
1344 5038 1562 5088 sanctos
1604 5031 1754 5088 viros

174 5123 482 5200 inquantum
511 5133 754 5190 voluerit
780 5131 1100 5197 eﬁ‘renetur,
1113 5133 1404 5200 postquam
1417 5123 1595 5179 dixit:
1621 5125 1756 5180 Cum

244 5355 432 5436 {Unus
461 5362 706 5436 Anglic.,
734 5377 854 5416 cum
892 5375 1166 5436 cura-rum:
1201 5354 1394 5436 Qateri
1443 5369 1569 5436 cum
1619 5353 1748 5410 Mss.

175 5431 384 5512 nostris,
412 5452 529 5490 cum
554 5425 868 5490 "minarum.
904 5431 1056 5488 Edit.
1115 5427 1293 5487 Vatic.
1327 5433 1381 5482 et
1427 5425 1596 5499 plur.,
1638 5441 1754 5480 cum

175 5510 519 5562 muariarum.

242 5570 261 5643 ἲ
286 5567 432 5633 Unus
467 5595 537 5635 ex
566 5577 814 5643 Ebroic.,
845 5590 1100 5630 curarum
1129 5587 1354 5628 suarum
1396 5569 1751 5625 sacularium.

242 5642 261 5718 ξ’
291 5643 532 5718 Becent.,
563 5642 839 5704 desideriis
866 5645 1115 5718 infirmis.
1197 5715 1241 5718 __
1273 5714 1283 5718 _
1474 5663 1484 5672 ·

179 5712 481 5838 “lasani,
512 5712 674 5778 Corb.
708 5712 1164 5785 Germ.,'Pratel.,
1197 5714 1361 5780 Utic.,
1394 5730 1457 5769 ne
1485 5714 1579 5768 hac
1604 5717 1758 5782 atque

245 5855 264 5889 δ
294 5856 494 5921 Turon.
526 5870 582 5919 et
607 5861 781 5919 Laud.
791 5903 808 5932 ,
837 5857 1224 5933 dispensatione
1250 5857 1540 5930 molliﬁcat.

1852 3317 2112 3374 Ecclesia
2132 3316 2271 3372 ostia
2287 3313 2460 3370 vectis
2471 3312 2636 3384 hujus
2666 3311 3013 3384 oppositione
3043 3309 3275 3366 solidata
3303 3315 3454 3374 sunt,

1854 3412 2152 3480 potuerunt
2171 3403 2393 3478 quidem
2415 3402 2575 3458 tundi
2589 3401 2872 3470 ﬂuctibus,
2900 3399 2994 3457 sed
3015 3396 3233 3469 effringi
3250 3397 3458 3470 nequi-

1857 3503 2076 3565 verunt,
2102 3504 2164 3552 ut
2192 3511 2255 3551 ea
2281 3493 2529 3551 exterius
2558 3493 2706 3549 unda
2749 3488 3151 3564 persecutionis
3193 3486 3454 3554 illideret,

1855 3586 1950 3642 sed
1978 3600 2324 3658 nequaquam
2355 3581 2538 3640 cordis
2561 3597 2752 3637 eorum
2774 3580 2993 3636 interna
3012 3583 3340 3649 penetraret.
3387 3576 3458 3629 Et

1855 3676 1987 3749 quia
2015 3675 2267 3732 doctores
2294 3672 2470 3730 sancti
2503 3673 2524 3707 ⁸
2549 3671 2938 3744 pradicatione
2967 3666 3190 3741 quidem
3221 3680 3448 3737 sequen-

1855 3766 2005 3821 tibus
2031 3764 2208 3836 aperti
2233 3771 2384 3830 sunt,
2435 3759 2763 3819 auctoritate
2792 3765 2977 3816 autem
3007 3772 3107 3812 sua
3136 3757 3282 3816 912
3311 3751 3458 3808 resi-

1855 3864 2128 3922 stentibus
2153 3862 2348 3931 clausi,
2370 3877 2481 3918 non
2511 3859 2789 3916 immerito
2818 3857 2959 3915 ostia
2978 3861 3268 3921 vocantur,
3290 3849 3346 3907 id
3376 3858 3459 3906 est

1857 3956 1878 3991 9
1909 3960 2096 4026 aperta
2125 3949 2534 4008 conversationi
2564 3947 2889 4014 humilium,
2923 3953 2978 4002 et
3004 3945 3190 4000 clausa
3219 3938 3458 3996 terrori—

1853 4043 1958 4100 bus
1983 4040 2366 4114 superborum.
2384 4039 2504 4095 Non
2524 4035 2804 4092 immerito
2833 4034 2974 4091 ostia
3001 4038 3294 4089 vocantur.
3329 4027 3460 4101 quia

1855 4140 1908 4188 et
1939 4133 2243 4203 ingressum
2269 4127 2527 4184 ﬁdelibus
2551 4124 2828 4199 aperiunt,
2853 4131 2907 4180 et
2931 4138 3148 4179 rursum
3168 4135 3283 4176 sese
3299 4119 3456 4191 perti-

1856 4220 1944 4276 dis
1964 4235 2032 4275 ne
2054 4217 2440 4290 ingrediantur
2455 4221 2762 4288 opponunt.
2776 4214 3076 4269 Pensemus
3091 4210 3252 4283 quale
3272 4207 3457 4265 Eccle-

1854 4309 1950 4365 sia
1982 4308 2186 4364 ostium
2217 4307 2406 4362 existit
2454 4306 2668 4371 Petrus,
2700 4302 2795 4376 qni
2839 4299 3262 4371 investigantem
3294 4295 3458 4352 fidem

1855 4397 2173 4456 Cornelium
2185 4402 2411 4467 recep-t,
2451 4393 2626 4467 pretio
2645 4398 2977 4466 quarentem
3002 4387 3267 4444 miracula
3287 4385 3459 4443 Simo-

1854 4505 1981 4544 nem
2011 4487 2232 4559 repulit.
2252 4487 2340 4542 Illi
2365 4485 2554 4542 dicens
2579 4500 2590 4539 :
2618 4485 2684 4539 In
2701 4482 2919 4537 veritate
2937 4495 3168 4550 comperi
3208 4474 3461 4546 quo-niam

1853 4594 1955 4632 non
1973 4582 2050 4632 est
2060 4592 2413 4648 personarum
2432 4577 2671 4644 acceptor
2690 4571 2831 4627 Deus
2854 4569 2995 4642 (Act.
3027 4583 3086 4635 χ,
3109 4565 3226 4638 34),
3257 4569 3463 4620 secreta

1855 4665 2009 4736 regni
2037 4664 2272 4737 benigne
2301 4661 2534 4735 aperuit.
2581 4659 2723 4716 Huic
2752 4657 3010 4731 inquiens
3051 4671 3062 4709 :
3093 4652 3326 4710 Pecunia
3372 4657 3463 4704 tua

1861 4760 2022 4809 tecum
2049 4753 2120 4808 sit
2137 4753 2194 4808 in
2211 4752 2560 4824 perditionem
2591 4748 2732 4820 (Act.
2765 4764 2892 4812 VIII,
2921 4745 3040 4816 20),
3070 4757 3166 4815 per
3195 4738 3463 4796 districta

1860 4842 2234 4900 damnationis
2247 4838 2575 4897 sententiam
2592 4835 2829 4893 calestis
2844 4834 2983 4891 aula
2999 4831 3211 4889 aditum
3233 4828 3461 4895 claudit,

1861 4931 2006 4998 Quid
2034 4931 2222 4987 cuncti
2250 4929 2484 5002 apostoli
2516 4926 2623 4983 nisi
2652 4933 2854 4982 sancta
2874 4921 3134 4979 Ecclesia
3160 4917 3302 4974 ostia
3323 4915 3458 4971 exi-

1862 5026 2037 5088 stunt,
2064 5036 2190 5075 cum
2220 5034 2356 5074 voce
2382 5015 2762 5087 Redemptoris
2790 5012 2877 5069 sui
2917 5009 3155 5066 audiunt
3187 5021 3200 5059 :
3233 5003 3465 5075 Accipite

1864 5109 2127 5182 Spiritum
2139 5113 2418 5171 sanctum;
2445 5121 2673 5177 quorum
2700 5099 3008 5158 remiseritis
3023 5101 3258 5170 peccata,
3286 5093 3464 5149 remit-

1935 5350 1955 5382 ⁶
2005 5343 2266 5412 Vindoc.,
2297 5342 2459 5400 Corb.
2492 5341 2704 5406 Germ.,
2753 5333 2974 5394 Ebroic.
3021 5339 3076 5390 et
3106 5329 3203 5388 alii
3246 5331 3462 5397 Norm.,

1863 5420 2074 5475 occulta
2103 5414 2488 5488 dispositionis.

1938 5493 1957 5525 ⁷
1991 5485 2202 5555 Laud;
2220 5485 2492 5560 apposuit,

1938 5563 1958 5597 ⁸
1994 5545 2271 5628 Ῑῖίῐιὰὸοέ
2293 5545 2527 5615 'Ebroic.
2568 5553 2773 5628 aliique
2798 5553 3086 5621 Norman.,
3114 5545 3468 5628 praedicatio-

1865 5652 1980 5690 nem
2017 5632 2224 5705 quidem
2248 5621 2576 5705 sequentibus
2597 5621 2770 5699 aperti
2797 5631 2938 5693 sunt,
2969 5621 3465 5680 auctoritatiautem

1867 5723 1976 5761 sua
2002 5700 2356 5760 resistentibus
2384 5700 2574 5757 clausi.

1942 5780 1962 5812 9
1997 5776 2256 5843 Vindoc.,
2286 5773 2511 5841 Pratel.,
2543 5769 2713 5840 Utic.,
2742 5773 2930 5844 aperta
2958 5762 3303 5822 conversioni.
