3920 6376
448 332 549 390 471

1658 329 1906 388 SANCTI
1946 329 2283 388 GREGORII
2319 330 2546 388 MAGNI

3663 323 3778 382 472

447 462 632 513 tantur
658 458 732 514 eis
749 463 1071 528 ;etquorunt
1095 459 1444 525 retinueritis,
1477 465 1674 514 retenta
1707 464 1828 512 sunt
1863 457 2044 528 (Joan.
2075 457 2127 518 Α
2155 457 2324 512 omnis
2351 457 2444 528 qui
2473 456 2664 512 viderit
2707 456 2979 513 mulierem
3018 455 3092 512 ad
3134 455 3605 527 concupiscendum
3631 471 3776 530 eam,

446 561 546 613 xx,
575 543 670 615 22)
695 543 726 601 τ
765 545 850 603 Ac
875 545 922 602 si
952 545 1066 604 illis
1092 555 1280 622 aperte
1321 547 1598 605 diceretur
1631 565 1642 603 :
1676 547 1779 603 Per
1824 562 1922 602 vos
1951 545 2049 602 in-
2149 545 2269 616 jam
2296 548 2577 603 moechatus
2595 553 2670 602 est
2697 563 2810 603 eam
2829 545 2887 601 in
2913 545 3068 602 corde
3092 562 3190 601 suo
3213 545 3430 618 (Matth.
3450 561 3511 611 ν,
3534 544 3630 613 27,
3653 543 3773 617 28).

447 632 768 708 gredientur
804 634 873 692 ad
903 651 992 692 me
1026 635 1085 692 hi
1129 637 1332 712 quibus
1378 637 1742 710 vosmetipsos
1767 634 2045 708 panditis;

443 733 500 784 et
556 726 894 800 repellentur
943 726 1144 802 quibus
1201 728 1484 786 obseratis.
1519 728 1694 800 Igitur
1722 725 1855 783 dum
1901 741 2050 783 mare

446 815 628 884 suevit,
657 816 930 874 Dominus
960 824 1173 875 vectem
1221 825 1277 874 et
1305 817 1447 874 ostia
1492 819 1509 852 ί
1543 816 1794 890 opponit,
1825 816 1957 890 quia
1983 815 2052 872 ab

447 905 650 964 amaris
678 911 732 962 et
762 904 988 978 perﬁdis
1033 905 1294 962 cordibus
1322 906 1454 964 dum
1484 906 1883 980 persecutionis
1915 921 2054 979 pro—

448 995 588 1053 cella
615 1011 672 1052 se
701 994 895 1051 dilatat
916 993 973 1050 in
1000 995 1230 1065 mundo,
1251 997 1397 1053 Deus
1423 996 1695 1070 unigeniti
1713 996 1798 1054 sui
1821 995 2052 1070 gloriam

447 1083 978 1160 praedicatorumque
1005 1082 1126 1156 ejus
1153 1086 1520 1142 reverentiam
1551 1087 1757 1142 exaltat
1785 1103 1797 1142 :
1827 1092 1881 1142 et
1910 1085 2046 1142 dum

451 1173 750 1230 innotescit
790 1173 1057 1246 mysteria
1097 1171 1304 1232 divinat
1355 1173 1726 1245 fortitudinis,
1758 1174 1966 1250 frangit
1995 1173 2052 1230 in

453 1261 640 1337 impiis
665 1261 867 1320 ﬂuctus
895 1261 1121 1322 furoris.

522 1378 613 1438 39.
643 1377 841 1438 Divina
867 1378 1208 1453 providentia
1257 1378 1638 1452 persecutionis
1672 1379 1914 1452 procella
1962 1385 2058 1436 aut

443 1470 685 1548 prosilit,
713 1475 809 1528 aut
839 1470 1171 1542 conquiescit.
1201 1500 1274 1513 —
1297 1470 1443 1532 Bene
1470 1477 1654 1528 autem
1683 1469 1924 1527 dicitur:
1947 1471 2056 1528 Hu-

447 1578 639 1634 cusque
666 1559 858 1630 venies,
884 1566 932 1616 et
957 1576 1066 1616 non
1085 1559 1336 1634 procedes
1367 1559 1623 1632 amplius.
1657 1560 1678 1596 ²
1707 1559 1849 1629 Quia
1878 1558 2059 1616 nimi-

450 1666 577 1709 rum
599 1647 800 1724 judicii
830 1649 1037 1708 occulti
1066 1656 1444 1718 mensuravest,
1463 1655 1518 1704 et
1547 1647 1767 1722 quando
1793 1665 2058 1722 persecu-
2101 1651 2113 1661 '

451 1739 624 1797 tionis
653 1738 894 1813 procella
921 1738 1194 1814 prosiliat,
1225 1746 1279 1795 et
1324 1737 1544 1812 quando
1585 1738 1958 1813 conquiescat,
1989 1755 2058 1795 ne

2159 636 2505 710 Rursumque
2541 635 2747 693 dicitur
2779 653 2792 692 :
2824 635 3068 692 Audistis
3093 634 3223 707 quia
3251 634 3449 692 dictum
3477 639 3551 690 est
3586 652 3598 690 :
3633 634 3779 692 Dili-

2157 742 2242 796 ges
2264 727 2575 800 proximum
2604 731 2771 794 tuum,
2799 732 2848 780 et
2875 725 2996 782 odio
3040 723 3249 780 habebis
3275 723 3550 780 inimicum
3580 729 3736 778 tuum
3759 741 3775 790 ;

2160 833 2248 888 ego
2275 823 2450 872 autent
2476 816 2591 870 dico
2620 816 2782 883 vobis,
2813 815 3016 888 diligite
3046 814 3288 870 inimicos
3317 820 3542 880 vestros,
3565 819 3614 869 et
3629 813 3777 869 bene-

2161 905 2320 976 facite
2348 905 2428 960 his
2454 905 2546 976 qui
2563 904 2789 959 oderunt
2815 921 2904 959 vos
2924 903 3096 974 (Ibid.
3119 920 3176 972 v,
3198 901 3290 972 43,
3322 901 3440 974 bl).
3472 901 3581 970 Qui
3604 901 3780 976 igitur

2162 997 2316 1070 prius
2337 995 2614 1069 nequitias
2633 994 2814 1067 operis
2832 993 3110 1066 prohibet,
3141 1000 3195 1048 et
3211 990 3566 1065 postmodum
3583 991 3780 1064 culpas

2163 1086 2347 1143 cordis
2376 1084 2655 1145 exhaurit.
2692 1083 2961 1141 nimirum
2993 1083 3231 1140 tumenti
3253 1082 3415 1151 mari,
3437 1097 3506 1137 ne
3534 1081 3776 1139 circum-

2162 1173 2330 1232 ducta
2353 1173 2587 1248 justitiat
2617 1172 2806 1231 littora
2831 1179 3094 1241 transeat,
3127 1169 3215 1228 bis
3241 1171 3381 1227 ostia
3411 1169 3678 1244 imponit.

2236 1289 2610 1368 [Vet.XVII.]
2632 1289 2930 1349 “Mundo
2975 1305 3086 1346 sua:
3126 1287 3328 1361 origini
3372 1289 3548 1345 adhuc
3575 1287 3774 1358 vicina,

2167 1383 2296 1456 leges
2319 1383 2527 1463 posita.
2559 1381 2662 1440 Cui
2691 1388 2864 1438 tamen
2903 1381 3046 1438 Deus
3082 1381 3320 1436 nondum
3348 1381 3631 1437 illuxerat.
3669 1379 3776 1437 Sub

2169 1473 2357 1530 littera:
2384 1472 2609 1544 caligine
2635 1471 2790 1542 quasi
2811 1470 3010 1544 pannis
3042 1469 3290 1540 infantia:
3315 1470 3595 1528 obvolutus
3621 1486 3776 1527 utun-

2165 1563 2284 1620 dus.
2307 1561 2471 1621 Prius
2493 1562 2678 1618 timore
2699 1561 2914 1634 ligatus,
2934 1565 3119 1634 postea
3140 1560 3434 1618 libertatem
3447 1567 3772 1618 consecutus.

2166 1654 2279 1710 Lex
2299 1659 2442 1708 vetus
2471 1651 2776 1724 imperfecta
2804 1657 2851 1706 et
2879 1651 3118 1723 infirma.
3150 1681 3222 1694 —
3253 1650 3399 1708 Bene
3431 1657 3618 1708 autem
3645 1667 3773 1711 cum

2167 1743 2376 1802 diceret
2408 1759 2419 1797 :
2457 1741 2586 1811 Quis
2614 1741 2870 1796 conclusit
2895 1739 3045 1798 ostiis
3088 1755 3257 1796 mare.
3288 1739 3449 1797 Illico
3473 1745 3530 1794 et
3556 1745 3776 1812 tempus

449 1835 548 1886 aut
571 1843 685 1884 non
703 1826 980 1900 exagitata
1004 1827 1210 1884 electos
1237 1843 1351 1885 non
1379 1835 1656 1897 exerceat,
1687 1835 1782 1884 aut
1811 1844 1925 1885 non
1944 1844 2056 1884 mo-
2083 1824 2132 1886 B
2166 1833 2445 1906 adiunxit,
2463 1831 2654 1888 dicens
2687 1847 2700 1886 :
2733 1829 2962 1900 Quando
2987 1829 3310 1903 erumpebat,
3335 1828 3492 1901 quasi
3526 1829 3590 1884 de
3615 1830 3778 1886 vulva

456 1915 644 1974 derata
673 1915 732 1974 in
761 1914 1100 1990 profundum
1123 1923 1349 1990 mergat.
1383 1915 1522 1975 Cum
1543 1933 1675 1975 vero
1704 1916 1907 1975 notitia
1927 1917 2058 1974 ﬁdei

453 2022 632 2082 usque
659 2005 728 2064 ad
757 2013 1144 2080 persequentes
1167 2007 1508 2079 extenditur,
1537 2007 1746 2066 turbati
1777 2007 1948 2065 maris
1975 2015 2058 2065 tu-

457 2111 581 2154 mor
607 2094 830 2154 sedatur
850 2113 866 2165 ;
889 2093 1076 2170 ibique
1105 2093 1306 2153 fluctus
1332 2112 1462 2154 suos
1491 2111 1642 2152 mare
1671 2095 1899 2168 frangit,
1931 2095 2061 2169 quia

456 2185 528 2244 ad
561 2185 935 2260 cognitionem
955 2185 1208 2244 veritatis
1229 2185 1479 2255 veniens,
1501 2201 1665 2242 omne
1693 2184 1840 2258 quod
1869 2183 2060 2258 nequi-

458 2282 543 2331 ter
561 2274 672 2348 egit
699 2274 1192 2334 erubescit.Fracta
1212 2275 1416 2352 quippe
1441 2276 1591 2333 unda
1609 2274 1669 2332 in
1698 2290 1755 2332 se
1783 2272 2058 2342 reliditur,

459 2363 590 2437 quia
609 2362 757 2421 victa
775 2364 1024 2438 nequitia
1050 2365 1218 2422 etiam
1249 2381 1346 2439 per
1365 2364 1760 2437 cogitationem
1773 2362 1859 2420 sui
1879 2361 2062 2419 cordis

457 2461 777 2524 accusatur;
809 2461 864 2512 et
891 2455 1046 2529 quasi
1073 2455 1248 2528 ipsam
1279 2454 1394 2510 vim
1425 2471 1589 2529 quam
1621 2453 1882 2510 intulerat
1925 2451 2060 2510 reci-

457 2543 563 2616 pit,
592 2543 724 2617 quia
751 2543 819 2601 de
847 2544 1119 2617 pravitate
1150 2559 1315 2617 quam
1347 2551 1587 2617 gesserat
1626 2549 1811 2600 reatus
1837 2542 1923 2600 sui
1953 2542 2062 2599 sti-

459 2632 640 2688 mulos
667 2632 856 2688 sentit.
890 2631 1046 2688 Unde
1075 2631 1408 2706 quibusdam
1435 2648 1532 2706 per
1560 2633 1790 2690 Paulum
1821 2633 2058 2690 dicitur:

464 2722 625 2789 Quem
651 2736 772 2792 ergo
798 2719 1038 2792 fructum
1065 2720 1327 2777 habuistis
1373 2727 1495 2777 tunc
1538 2722 1593 2778 in
1620 2722 1734 2779 illis
1773 2721 1829 2778 in
1874 2723 2066 2795 quibus

461 2831 602 2870 nunc
645 2813 948 2870 erubescitis
1003 2813 1180 2885 (Rom.
1233 2829 1315 2885 vr,
1345 2815 1438 2888 21)
1463 2815 1492 2872 ἳ
1518 2815 1600 2872 Ac
1646 2815 1693 2870 si
1741 2813 2061 2873 diceretur:

462 2903 607 2972 Quid
637 2919 693 2961 se
723 2904 780 2960 in
815 2904 990 2960 altum
1037 2903 1238 2962 ﬂuctus
1267 2912 1460 2962 vestra)
1508 2905 1796 2979 pravitatis
1841 2906 2070 2963 extule-

463 3001 616 3063 runt,
649 2993 742 3068 qui
772 3010 922 3054 nunc
949 2993 1007 3050 in
1037 2993 1348 3070 semetipsis
1393 2995 1578 3066 fracti,
1611 2994 1758 3052 unde
1783 3013 2070 3068 perversos

461 3099 560 3140 vos
589 3081 938 3154 inﬂaverant,
979 3100 1276 3143 conversos
1321 3083 1451 3142 inde
1478 3083 1880 3143 confundunt?
1906 3085 2071 3142 Recte

2161 1928 2468 2002 procedens.
2501 1925 2641 1994 Quia
2687 1923 2948 1982 videlicet
2976 1933 3114 1982 tunc
3142 1922 3391 1982 humano
3423 1921 3610 1995 generi
3639 1937 3777 1994 pra-

2167 2019 2340 2093 ceptis
2369 2019 2503 2092 legis
2517 2016 2786 2086 obviavit,
2812 2015 3032 2092 quando
3047 2015 3230 2075 adhuc
3243 2015 3508 2074 caculam
3527 2030 3640 2072 suae
3653 2014 3778 2070 ori-

2169 2109 2286 2184 gini
2325 2109 2598 2179 vicinum,
2630 2109 2787 2181 quasi
2841 2107 2911 2166 ab
2957 2115 3084 2165 ortu
3115 2104 3338 2180 proprio
3366 2103 3434 2162 ad
3465 2103 3777 2180 profectum

2169 2201 2299 2257 vita
2326 2200 2563 2258 carnalis
2592 2199 2800 2256 exibat.
2833 2200 2911 2256 De
2933 2199 3100 2254 vulva
3137 2196 3341 2272 quippe
3369 2195 3668 2270 procedere
3695 2202 3780 2252 est

2169 2292 2228 2349 in
2259 2293 2380 2349 luce
2409 2289 2694 2364 praesentis
2716 2289 2905 2362 gloria:
2939 2288 3234 2347 carnaliter
3249 2287 3612 2361 apparere.Et
3631 2292 3776 2343 recte

2168 2383 2525 2458 subjungitur
2557 2401 2569 2439 :
2602 2383 2737 2440 Cum
2759 2399 3012 2456 ponerem
3037 2382 3226 2437 nubem
3255 2379 3616 2437 vestimentum
3638 2376 3770 2447 ejus.

2171 2474 2314 2542 Quia
2329 2473 2594 2530 nimirum
2614 2474 2762 2530 Deus
2776 2470 3102 2528 hominibus
3117 2486 3228 2526 non
3243 2477 3380 2526 tunc
3398 2476 3588 2544 aperta
3598 2475 3774 2526 osten-

2171 2565 2328 2621 sione
2347 2580 2404 2620 se
2425 2563 2641 2631 intulit,
2671 2560 2766 2618 sed
2787 2560 2922 2618 dum
2951 2577 3046 2617 eos
3067 2560 3139 2617 ab
3169 2575 3356 2618 errore
3392 2559 3637 2632 perﬁdiae
3657 2561 3776 2616 eri-

2173 2656 2314 2730 puit,
2333 2671 2433 2713 nec
2447 2660 2632 2710 tamen
2663 2652 2777 2710 illis
2809 2651 3114 2709 claritatem
3135 2653 3223 2708 sui
3239 2651 3472 2710 luminis
3499 2650 3771 2725 patefecit,

2174 2743 2332 2818 quasi
2361 2759 2430 2799 ex
2460 2741 2704 2798 tenebris
2732 2757 2824 2797 eos
2843 2740 3095 2808 abstulit,
3118 2739 3216 2796 sed
3236 2738 3418 2796 adhuc
3444 2739 3592 2796 nube
3614 2738 3774 2795 vesti-

2176 2833 2278 2902 vit,
2311 2839 2375 2889 ut
2408 2840 2462 2888 et
2509 2830 2743 2904 pristina
2773 2829 3062 2902 pravitatis
3108 2837 3231 2886 acta
3272 2828 3674 2904 relinquerent,
3725 2837 3774 2886 et

2177 2931 2361 2980 tamen
2419 2929 2653 2980 ventura
2687 2921 2835 2978 bona
2879 2919 3062 2976 adhuc
3098 2919 3306 2978 certius
3352 2936 3463 2977 non
3503 2919 3772 2978 viderent.

2180 3013 2334 3072 Unde
2362 3021 2418 3070 et
2443 3021 2567 3087 apte
2589 3011 2883 3070 subditur:
2908 3013 2982 3069 Et
3009 3011 3233 3084 caligine
3252 3011 3391 3068 illud
3409 3012 3566 3084 quasi
3579 3014 3777 3086 pannis

2180 3105 2426 3178 infantia:
2453 3107 2796 3164 absolverem.
2827 3107 2972 3162 Dum
3003 3104 3153 3162 enim
3199 3103 3364 3160 rudes
3393 3105 3625 3178 populos
3665 3121 3774 3162 non

463 3173 650 3270 {mille
678 3173 887 3270 dicm}?
905 3191 917 3230 τ
935 3176 1013 3270 βε
1031 3174 1421 3270 Ῐιίοσοηίνίηθω
1443 3181 1692 3270 iumen?”
1710 3177 2059 3270 ﬂuc‘m_i“°§-
2099 3187 2142 3250 C
2170 3173 2358 3270 aperta
2386 3195 2618 3270 spiritus
2633 3192 3025 3268 praedicatione
3040 3192 3286 3262 edocuit,
3315 3173 3411 3250 sed
3432 3173 3667 3265 ﬁgurata
3701 3193 3776 3249 lo-

461 3267 620 3337 Quod
663 3283 792 3324 vero
832 3266 891 3323 in
938 3266 1045 3324 hac
1090 3267 1446 3325 conclusione
1504 3267 1672 3324 maris
1707 3267 1952 3325 secundo
1997 3267 2065 3325 de

463 3356 620 3413 ostiis
664 3355 892 3424 dicitur,
938 3371 1091 3412 more
1127 3355 1272 3414 sacri
1300 3354 1532 3430 eloquii,
1579 3371 1668 3415 res
1713 3356 1880 3413 semel
1919 3355 2066 3416 dicta

464 3461 564 3518 pro
591 3442 1013 3502 conﬁrmatione
1042 3445 1364 3519 replicatur.

534 3559 624 3618 40.
647 3562 754 3618 Per
770 3577 920 3617 mare
942 3559 1168 3634 intelligi
1175 3567 1346 3633 potest
1359 3563 1631 3633 saeuiunt,
1654 3563 1742 3620 cui
1768 3563 1910 3621 Deus
1928 3565 2066 3622 ostia

465 3649 730 3724 opposuit,
757 3649 883 3722 legis
902 3655 951 3706 et
977 3650 1116 3708 Novi
1151 3651 1751 3725 Testamentiprtecepta.
1781 3683 1854 3696 -—
1871 3653 1929 3712 Si
1956 3669 2066 3711 au-

463 3746 576 3795 tem
605 3737 715 3796 hoc
740 3739 801 3796 in
830 3738 954 3796 loco
1005 3754 1154 3796 mare
1195 3739 1441 3813 accipere
1469 3757 1584 3800 non
1615 3742 1926 3815 specialiter
1951 3751 2069 3801 tur-

465 3827 593 3884 bam
621 3828 1091 3902 persequentium,
1120 3829 1215 3888 sed
1255 3831 1588 3903 generaliter
1615 3833 1878 3890 saeculum
1907 3832 2068 3890 debe-

466 3935 619 3989 mus,
643 3917 888 3976 secundo
917 3925 1111 3976 contra
1137 3918 1245 3978 hoc
1264 3936 1414 3978 mare
1432 3922 1706 3980 Dominus
1740 3923 1884 3982 ostia
1900 3938 2066 3995 oppo-

465 4009 600 4080 suit,
630 4009 762 4084 quia
789 4017 844 4066 et
870 4009 1028 4083 prius
1057 4009 1302 4070 humano
1338 4013 1524 4086 generi
1540 4021 1810 4087 precepts.
1828 4013 1983 4086 legis,
2014 4022 2068 4070 et

465 4099 816 4171 postmodum
834 4115 994 4157 novat
1012 4101 1198 4174 gratim
1215 4111 1603 4162 testamentum
1635 4103 2067 4163 dedit.Secundo

467 4185 696 4260 objectis
713 4188 872 4246 ostiis
885 4187 1054 4263 hujus
1083 4191 1250 4250 maris
1269 4192 1540 4266 impetum
1570 4193 1792 4264 clausit,
1819 4191 1953 4268 quia
1975 4208 2068 4249 eos

468 4294 606 4352 quos
631 4278 700 4336 ad
729 4278 1055 4354 obsequium
1084 4281 1170 4338 sui
1189 4281 1374 4340 cultus
1396 4282 1715 4355 assumpsit,
1743 4290 1800 4340 et
1819 4281 1976 4356 prius
1999 4279 2069 4338 ab

467 4364 634 4424 idolis
661 4366 791 4425 data
823 4368 939 4442 lege
984 4369 1249 4440 coercuit,
1280 4377 1334 4428 et
1361 4377 1485 4444 post
1526 4368 1595 4426 ab
1624 4369 1913 4428 intellectu
1938 4384 2070 4428 car-

467 4455 582 4513 nali
615 4457 789 4530 gratia
828 4459 1069 4518 revelata
1109 4459 1378 4519 correxit.
1427 4458 1683 4516 Secundo
1731 4474 1883 4516 mare
1927 4459 2070 4517 ostia

2173 3287 2396 3345 cutione
2431 3283 2718 3360 praceptis
2765 3282 2961 3340 litterae
2993 3281 3275 3352 astrinxit,
3319 3281 3502 3340 adhuc
3558 3282 3777 3339 inﬁrma

2174 3379 2449 3451 sapientes
2496 3375 2793 3433 verborum
2840 3389 3066 3431 suorum
3113 3373 3349 3447 caligine
3396 3374 3552 3447 quasi
3582 3374 3778 3448 pannis

2176 3467 2426 3524 infantiae
2468 3465 2742 3534 obvolvit,
2793 3471 2857 3522 ut
2901 3463 3175 3522 mandatis
3214 3463 3584 3538 grossioribus
3625 3464 3779 3537 ligati

2174 3563 2504 3624 crescerent,
2536 3572 2605 3614 ne
2634 3556 2778 3613 male
2802 3556 2966 3614 liberi
2997 3556 3057 3612 in
3085 3555 3201 3614 suis
3229 3555 3611 3628 voluptatibus
3639 3556 3781 3629 peri-

2177 3655 2318 3706 rent.
2352 3647 2502 3715 Quos
2529 3646 2600 3704 ad
2629 3645 2778 3702 viam
2807 3643 3041 3718 justitiat
3071 3645 3204 3702 dum
3234 3661 3346 3702 non
3371 3644 3486 3718 jam
3515 3645 3780 3714 charitas,

2175 3741 2269 3798 sed
2305 3739 2489 3798 adhuc
2533 3739 2702 3796 timor
2745 3737 3107 3810 astringeret,
3138 3739 3160 3773 ³
3207 3737 3400 3794 divina
3441 3735 3784 3809 dispensatio

2184 3831 2341 3906 quasi
2373 3830 2571 3903 pressit
2598 3837 2662 3890 ut
2696 3827 2954 3885 nutriret.
2987 3827 3249 3885 Inﬁrmus
3277 3843 3514 3902 namque
3543 3829 3785 3901 populus

2175 3937 2300 3978 cum
2331 3927 2730 3994 praeceptorum
2762 3934 2974 3992 pannos
3021 3919 3217 3976 nolens
3245 3919 3491 3991 pertulit,
3523 3917 3594 3974 ad
3624 3919 3646 3952 ⁸
3678 3918 3786 3974 ﬁr-

2177 4010 2408 4066 miorem
2428 4015 2631 4065 statum
2663 4024 2732 4064 ex
2771 4008 2891 4080 ipsa
2915 4024 3015 4064 sua
3048 4008 3308 4081 ligatione
3338 4008 3608 4080 pervenit.
3643 4007 3784 4076 Quia

2175 4100 2324 4156 enim
2345 4098 2512 4156 timor
2530 4115 2655 4156 eum
2686 4099 2840 4171 prius
2867 4114 2900 4154 a
2916 4099 3081 4173 culpa
3103 4097 3368 4168 coercuit,
3407 4105 3786 4172 competenter

2177 4189 2527 4265 postmodum
2545 4189 2604 4247 in
2620 4189 2930 4247 libertatem
2965 4189 3195 4262 spiritus
3214 4189 3418 4246 exivit.
3437 4188 3548 4246 Hos
3567 4205 3785 4262 pannos

2179 4282 2451 4351 infantiae,
2480 4297 2622 4355 quos
2643 4279 3039 4338 inchoantibus
3065 4279 3242 4350 dedit,
3274 4279 3391 4354 ipse
3419 4297 3518 4354 per
3546 4280 3783 4354 prophe-

2176 4379 2288 4428 tam
2319 4370 2589 4428 Dominus
2605 4369 2978 4444 reprehendit,
3000 4369 3222 4429 diceus:
3252 4370 3384 4428 Dedi
3409 4371 3484 4427 eis
3514 4378 3786 4445 pracepta

2176 4478 2284 4518 non
2310 4461 2446 4517 bona
2477 4459 2694 4532 (Ezech.
2717 4477 2816 4529 xx,
2833 4459 2950 4533 25).
2983 4461 3126 4519 Mala
3143 4461 3296 4518 enim
3327 4462 3484 4536 quasi
3507 4462 3654 4518 mala
3672 4479 3792 4520 esse

467 4548 694 4622 accepit,
713 4549 844 4624 quia
877 4548 1186 4608 humanum
1214 4565 1388 4623 genus
1415 4549 1568 4622 prius
1605 4550 1752 4607 Deus
1780 4548 1848 4606 ab
1876 4549 2068 4622 cperi-
2099 4557 2151 4618 D
2181 4550 2444 4609 desinunt
2471 4550 2878 4624 comparatione
2908 4549 3182 4624 peiorum,
3210 4558 3266 4608 et
3281 4550 3428 4609 bona
3454 4551 3610 4626 quasi
3641 4550 3794 4608 bona

466 4633 572 4694 bus
600 4635 914 4712 iniquitatis
941 4636 1250 4711 prohibuit,
1295 4637 1650 4711 postmodum
1681 4654 1814 4695 vero
1845 4637 2011 4698 etiam
2039 4657 2074 4700 a

466 4723 818 4799 cogitationis
836 4728 999 4800 culpa
1013 4726 1371 4786 constrinxit.
1396 4727 1700 4786 Videamus
1717 4728 2068 4802 quemadmo-

466 4813 600 4874 dum
627 4816 808 4892 prima
843 4815 1082 4876 tumenti
1115 4815 1255 4875 mari
1283 4816 1556 4876 Dominus
1601 4818 1745 4876 ostia
1800 4817 2067 4892 imponat.

467 4903 608 4962 Ecce
637 4905 786 4963 enim
826 4921 923 4979 per
957 4909 1103 4970 913
1151 4905 1350 4978 Legem
1399 4905 1607 4963 dicitur
1639 4922 1651 4961 :
1685 4906 1810 4964 Non
1849 4907 2068 4978 occides,

467 5018 574 5060 non
598 5005 956 5072 moechaberts,
992 5021 1103 5062 non
1127 5003 1339 5076 furtum
1352 5003 1538 5075 facies,
1563 5023 1670 5062 non
1687 5005 1889 5078 falsum
1918 5005 2071 5063 testi-

469 5093 703 5152 monium
727 5094 864 5153 dices
887 5093 1099 5166 (Exod.
1149 5109 1249 5163 xx,
1281 5093 1490 5166 13-16).
1523 5093 1824 5154 Videamus
1863 5111 2069 5170 quem-

467 5181 765 5241 admodum
788 5181 1046 5241 secundis
1063 5181 1172 5240 hoc
1191 5198 1340 5239 mare
1355 5183 1626 5241 Dominus
1645 5183 1803 5242 ostiis
1821 5183 2064 5243 claudat.

467 5269 611 5328 Ecce
625 5271 685 5328 in
703 5270 1008 5344 Evangelia
1027 5271 1166 5328 dicit
1189 5287 1200 5327 :
1219 5272 1464 5329 Audistis
1491 5275 1618 5347 quia
1638 5275 1836 5331 dictum
1862 5280 1940 5330 est
1963 5293 2069 5332 att-

471 5362 632 5435 tiquis
657 5380 668 5419 :
693 5364 816 5422 Non
829 5362 1182 5432 mehebeﬁs;
1197 5381 1285 5436 ego
1302 5370 1477 5421 autem
1495 5366 1613 5423 dico
1625 5367 1792 5434 vobis,
1814 5365 2072 5438 quoniam

549 5595 564 5667 ξ
597 5593 1098 5667 Turop.,_apponit.

547 5665 569 5700 ³
597 5667 680 5724 Ita
708 5665 968 5747 Y‘indoci,
994 5667 1298 5747 _No_rman.,
1327 5668 1528 5747 haud,
1557 5669 1790 5747 Longip.
1840 5677 1894 5726 et
1918 5669 2015 5746 alii
2031 5686 2071 5747 _a

475 5735 875 5816 _Gussanv_illzno
904 5739 1006 5816 visi
1035 5757 1048 5806 ;
1084 5740 1223 5797 hanc
1275 5735 1422 5796 enim
1461 5735 1754 5816 lectionem
1783 5740 2012 5816 annotat
2029 5742 2072 5797 it

474 5810 530 5862 in
560 5810 838 5882 margine:
874 5819 928 5868 at
963 5812 1017 5868 in
1052 5819 1206 5868 textu
1235 5829 1360 5870 cum
1394 5813 1604 5868 ceteris
1635 5813 1853 5868 excusis
1883 5811 2068 5880 habet,

2179 4659 2293 4700 non
2322 4649 2454 4700 sunt
2480 4641 2892 4715 comparatione
2938 4642 3253 4699 meliorum.
3284 4641 3423 4699 Nam
3453 4642 3600 4700 sicut
3630 4641 3792 4714 pejus

2179 4731 2523 4806 deliuquenti
2550 4730 2752 4790 Judaeat
2779 4729 2846 4788 de
2873 4731 3113 4789 Sodoma
3155 4739 3323 4807 atque
3367 4731 3617 4790 Samaria
3652 4731 3791 4790 dici-

2177 4830 2270 4881 tur
2301 4841 2314 4880 :
2345 4821 2661 4896 Justiﬁcasti
2683 4839 2893 4880 sorores
2924 4828 3044 4880 tuas
3067 4823 3124 4879 in
3145 4823 3388 4880 omnibus
3417 4821 3792 4880 abominatio-

2177 4913 2334 4969 nibus
2364 4911 2488 4978 tuis,
2519 4928 2654 4984 quas
2683 4918 2904 4985 operata
2931 4929 2984 4969 es
3017 4913 3234 4984 (Ezech.
3258 4929 3382 4982 xvr,
3409 4913 3532 4984 51),
3565 4911 3645 4968 ita
3675 4929 3790 4971 me~

2177 5001 2410 5060 lioribus
2452 5003 2593 5062 Novi
2625 4999 2957 5062 Testamenti
2988 5003 3274 5077 praeceptis
3323 5001 3794 5078 subsequentibus

2177 5103 2448 5170 praecepta
2475 5095 2622 5154 bona
2639 5112 2761 5170 qua)
2789 5094 3028 5154 rudibus
3053 5096 3184 5154 data
3209 5103 3340 5154 sunt
3362 5112 3476 5153 non
3495 5097 3644 5154 bona
3670 5112 3792 5154 esse

2179 5193 2574 5244 memorantur.
2598 5187 2785 5261 Neque
2817 5188 2966 5244 enim
2997 5195 3209 5245 mentes
3237 5187 3362 5245 usui
3394 5187 3525 5243 vitae
3545 5186 3794 5244 carnalis

2179 5275 2510 5334 inhaerentes
2555 5277 2717 5334 evehi
2746 5276 2815 5333 ab
2857 5276 3067 5335 inﬁmis
3095 5286 3338 5351 possent,
3369 5275 3480 5333 nisi
3511 5275 3789 5350 gradatim

2179 5365 2344 5424 ducta
2359 5365 2746 5440 praedicatione
2767 5365 3115 5440 proﬁcereut.
3138 5367 3280 5424 Hinc
3299 5367 3502 5440 quippe
3523 5374 3608 5422 est
3637 5365 3790 5440 quod

2180 5597 2347 5654 divini
2366 5596 2562 5667 judicii
2582 5599 2786 5653 occulta
2816 5567 3064 5654 mbnsura
3092 5604 3188 5655 est.

2255 5673 2274 5703 ³
2305 5668 2716 5742 Laud.,_di_vina
2734 5669 3131 5742 dispensatione
3157 5668 3313 5740 quasi
3327 5670 3546 5742 pressit.

2257 5742 2274 5775 ³
2308 5740 2454 5796 Idem
2487 5739 2646 5808 (Σαὼ,
2674 5741 2746 5794 ad
2769 5739 3073 5812 ﬁt‘ntiorunt
3103 5739 3316 5796 statum.
