3920 6378
141 361 244 420 473

823 365 1198 425 MORALIUM
1235 369 1372 427 LIB.
1416 371 1674 432 XXVIII.
1714 404 1786 420 -—
1821 378 1892 435 IN
1932 378 2159 440 CAPUT
2196 384 2488 446 XXXVIII
2527 392 2590 448 Β.
2630 394 2772 451 JOB.

3349 406 3454 465 474

143 492 196 547 in
229 489 474 564 zEgypto
505 491 698 564 positis
726 493 820 566 pio
842 492 1105 568 justoque
1143 496 1518 555 moderamine
1550 500 1744 560 latenti
1775 508 1827 570 Α
1855 509 2018 580 perit,
2059 511 2315 570 elationis
2342 531 2455 573 sum
2481 517 2752 590 impetum
2791 523 2974 598 fregit,
3003 537 3057 585 et
3085 533 3322 591 transire
3339 551 3451 592 non

142 596 318 636 eorum
352 582 816 654 concupiscentiae
839 583 1323 657 condescenditur,
1345 595 1400 644 et
1426 590 1740 652 vicinorum

142 684 357 725 suorum
394 670 544 726 vasis
575 672 754 728 aureis
784 676 1164 749 argenteisque
1181 677 1438 748 sublatis,
1462 681 1741 740 discedere

132 757 390 830 jubentur
413 759 620 830 (Exod.
655 779 745 829 In,
772 763 890 835 22).
919 765 1024 832 Qui
1055 766 1123 823 ad
1143 768 1535 828 Sinamontem
1563 772 1736 842 ducti,

141 855 348 919 accepta
400 847 542 920 lege,
599 867 729 908 mox
773 853 1046 912 audiunt:
1098 859 1222 913 Non
1268 861 1593 934 concupisces
1628 880 1740 919 rem

136 935 366 1009 prox-imi
397 938 479 992 tui
503 939 715 1009 (Exod.
749 958 848 1011 xx,
882 945 994 1016 17).
1025 945 1098 1002 Et
1138 945 1268 1004 hinc
1298 957 1378 1004 est
1410 955 1556 1014 914
1591 952 1738 1025 quod

141 1035 192 1091 in
219 1035 405 1092 eadem
439 1037 556 1108 lege
588 1040 811 1096 oculum
844 1057 947 1114 pro
978 1045 1162 1112 oculo,
1195 1046 1410 1104 dentem
1445 1066 1545 1122 pro
1573 1050 1737 1107 dente

139 1124 532 1202 praecipiuntur
559 1126 780 1199 exigere
808 1129 1013 1200 (Exod.
1037 1149 1158 1202 xxr,
1177 1133 1296 1205 24),
1323 1142 1378 1191 et
1405 1136 1734 1210 quandoque

138 1220 327 1281 tamen,
362 1215 608 1272 revelata
655 1217 849 1288 gratia,
895 1223 1138 1292 percussi
1185 1225 1474 1282 maxillam
1505 1227 1732 1284 alteram

132 1301 386 1374 jubentur
420 1304 664 1376 praebere
713 1307 926 1378 (Matth.
963 1328 1020 1380 ν,
1073 1311 1188 1384 39).
1237 1314 1378 1382 Quia
1420 1315 1568 1372 enim
1609 1317 1733 1389 plus

136 1406 336 1462 semper
375 1391 459 1447 ira
490 1393 549 1448 in
582 1395 833 1452 vindicta
869 1398 1042 1471 exigit
1071 1417 1233 1474 quam
1267 1401 1474 1474 injuria
1501 1406 1729 1478 accepit,

137 1479 256 1535 dum
286 1479 512 1539 discunt
541 1484 685 1540 mala
733 1502 846 1543 non
876 1489 1244 1562 multiplicius
1273 1492 1520 1563 reddere,
1549 1510 1733 1568 quan-

135 1569 300 1645 doque
328 1573 611 1632 discerent
639 1592 702 1632 ea
733 1585 786 1634 et
835 1579 1203 1652 multiplicata
1253 1592 1446 1656 sponte
1477 1586 1727 1646 tolerare.

135 1660 266 1719 Hinc
284 1669 365 1718 est
385 1663 540 1736 quod
569 1666 822 1723 eumdem
851 1668 1044 1726 rudem
1063 1673 1328 1743 populum
1351 1691 1382 1730 a
1400 1676 1730 1750 quibusdam

134 1753 430 1825 prohibuit,
466 1757 726 1829 quaedam
759 1775 890 1816 vero
919 1761 970 1817 ei
1001 1760 1059 1817 in
1088 1779 1250 1820 usum
1282 1765 1577 1838 pristinum
1607 1785 1732 1826 ser-

1851 600 2049 669 valuit,
2083 603 2103 637 ἰ
2131 603 2261 675 quia
2288 603 2409 676 ejus
2437 606 2769 668 fortitudine
2795 613 2999 673 furoris
3025 621 3110 676 sui
3149 626 3448 684 terminum

1851 688 2098 746 clausum
2128 691 2364 750 invenit.
2396 695 2548 754 Unde
2576 707 2722 757 recte
2751 717 2848 774 per
2861 703 3189 778 Prophetam
3207 713 3444 773 dicitur:

1848 778 2000 836 Mare
2027 781 2182 850 vidit,
2203 790 2251 840 et
2265 783 2407 858 fugit
2422 788 2602 857 (Psal.
2623 807 2779 860 cxnr,
2804 793 2884 866 3).
2909 794 3145 856 Possunt
3169 803 3334 860 etiam
3352 823 3450 878 per

1847 874 1988 930 ostia
2017 884 2216 947 apertae
2245 879 2524 950 passiones
2555 881 2674 954 ejus
2702 901 2814 942 non
2860 887 3316 952 inconvenienter
3352 874 3449 952 in—

1847 964 2042 1036 telligi.
2065 966 2286 1057 Quibus
2312 986 2382 1026 ex
2410 973 2628 1029 occulto
2652 983 2864 1034 vectem
2886 981 3088 1051 posuit,
3114 984 3246 1057 quia
3267 1001 3357 1042 eas
3381 1003 3449 1044 ex

1845 1054 2118 1113 invisibili
2149 1057 2442 1117 divinitate
2485 1063 2788 1125 roboravit.
2837 1068 3043 1128 Contra
3070 1054 3206 1147 quas
3251 1078 3448 1135 mundi

1845 1143 2046 1202 ﬂuctus
2087 1149 2341 1218 veniunt,
2369 1151 2464 1208 sed
2506 1153 2665 1211 fracti
2709 1156 3017 1231 dissiliunt,
3059 1143 3190 1237 quia
3221 1167 3447 1240 superbi

1846 1235 1868 1268 ⁵
1900 1251 1990 1292 eas
2017 1235 2258 1296 videndo
2283 1239 2614 1313 despiciunt,
2649 1247 2744 1303 sed
2772 1264 2960 1308 earum
2983 1235 3130 1312 vires
3160 1235 3446 1329 experien-

1843 1324 1914 1381 do
1939 1328 2354 1399 pertimescunt.
2385 1334 2520 1390 Nam
2554 1335 2687 1394 dum
2717 1342 2997 1412 passiones
3025 1324 3301 1419 unigeniti
3331 1349 3448 1406 hu-

1842 1431 2067 1475 manum
2114 1435 2285 1493 genus
2331 1424 2485 1496 prius
2532 1425 2729 1497 irrisit,
2772 1435 3123 1504 postmodum
3174 1439 3437 1511 expavit;

1841 1508 1998 1579 quasi
2025 1517 2219 1566 contra
2246 1515 2497 1586 opposita
2521 1517 2680 1587 ostia,
2714 1537 2865 1578 more
2897 1523 3141 1583 elidendi
3174 1508 3361 1597 maris,
3388 1536 3443 1586 et

1840 1604 2056 1657 tumore
2083 1601 2288 1659 elatum
2316 1605 2488 1676 venit,
2521 1615 2575 1663 et
2596 1608 2830 1667 fractum
2863 1613 3071 1672 virtute
3101 1616 3368 1675 dissiluit.

1912 1689 2016 1745 Sed
2045 1691 2174 1763 quia
2198 1692 2404 1751 idcirco
2431 1696 2538 1754 hoc
2565 1697 2636 1752 ad
2664 1699 2885 1758 beatum
2914 1703 3018 1759 Job
3045 1704 3275 1776 dicitur,
3293 1716 3355 1764 ut
3373 1708 3444 1765 de

1839 1783 1924 1834 tot
1952 1777 2254 1837 virtutibus
2279 1784 2462 1842 cordis
2490 1784 2608 1857 ejus
2635 1788 2812 1859 gloria
2842 1801 3203 1863 premeretur,
3229 1813 3297 1852 ne
3331 1796 3439 1855 sibi

135 1843 292 1912 νδνίῐ,
325 1844 420 1902 sed
451 1845 576 1905 haec
605 1847 724 1920 ipsa
771 1856 955 1905 tamen
987 1852 1046 1908 in
1090 1853 1338 1910 melioris
1385 1856 1513 1913 Vitae
1555 1857 1732 1930 ﬁgura
1768 1877 1813 1939 Β
1841 1867 2068 1928 fortasse
2096 1871 2304 1930 tribuat
2328 1876 2349 1910 θ
2378 1875 2525 1949 quod
2555 1893 2612 1933 se
2642 1885 2784 1934 stare
2813 1843 3128 1940 sublimiter
3158 1900 3269 1939 non
3292 1886 3443 1958 igno-

135 1935 423 1958 ΛΑανισιΑΑ-ει
482 1937 647 1958 Π..--Α-
675 1954 703 1958 _.
722 1955 793 1958 -d-
816 1956 874 1958 ﬁ”
894 1957 903 1958 κ
968 1957 987 1958 ,,
1008 1941 1018 1952 ⁸
1119 1942 1154 1958 1ο
1225 1943 1235 1954 ί
1258 1944 1273 1958 1
1318 1945 1353 1958 1ο
1407 1946 1417 1955 ο
1510 1948 1553 1958 ν·-
1679 1955 1687 1958 .

133 1935 447 2004 composuit.
481 1937 656 1994 Bruta
675 1954 914 2013 namque
929 1941 1193 1999 animalia
1221 1943 1385 2001 idolis
1403 1946 1460 2001 in
1487 1948 1730 2020 rEgypto

133 2023 448 2095 mactabant,
492 2026 655 2102 eique
700 2029 758 2084 in
806 2046 968 2086 usum
1007 2033 1359 2104 postmodum
1403 2036 1728 2092 animalium

132 2113 511 2171 mactationem
543 2115 794 2174 retinuit.
827 2119 923 2176 sed
954 2119 1228 2180 idolorum
1260 2125 1474 2182 cultum
1495 2125 1726 2194 vetavit,

133 2209 186 2257 ut
211 2201 341 2261 dum
371 2204 440 2262 de
469 2222 580 2264 usu
625 2222 726 2264 suo
773 2207 986 2282 aliquid
1025 2213 1319 2283 amitteret,
1353 2216 1729 2272 consolaretur

133 2289 235 2363 ejus
265 2293 568 2352 inﬁrmitas
597 2313 694 2370 per
730 2297 836 2356 hoc
856 2299 1006 2373 quod
1032 2300 1100 2358 de
1129 2319 1234 2359 usu
1262 2321 1361 2362 suo
1391 2307 1602 2379 aliquid
1631 2307 1727 2363 ha-

133 2379 284 2439 beret.
320 2385 336 2418 ¹
358 2385 504 2442 Mira
538 2394 723 2444 autem
754 2387 1166 2462 dispensatione
1213 2394 1454 2465 consilii,
1487 2395 1634 2470 quod
1677 2395 1727 2452 ei

132 2475 386 2533 Dominus
415 2476 485 2533 de
537 2479 936 2537 consuetudine
981 2485 1188 2540 carnali
1239 2485 1491 2556 retinuit,
1533 2486 1639 2544 hoc
1668 2488 1726 2544 in

133 2564 344 2636 ﬁguram
370 2566 608 2639 spiritus
637 2570 918 2641 potentius
950 2573 1138 2631 vertit.
1180 2573 1326 2642 Quid
1356 2577 1505 2632 enim
1545 2578 1726 2634 sacri-

133 2653 240 2711 ﬁcia
269 2655 497 2713 illorum
529 2658 854 2716 animalium
888 2661 995 2717 nisi
1025 2663 1299 2735 unigeniti
1328 2675 1559 2723 mortem
1587 2668 1722 2725 desi-

134 2743 326 2810 gnant?
354 2744 508 2812 Quid
538 2746 810 2805 sacriﬁcia
847 2748 1073 2806 illorum
1120 2753 1448 2808 animalium
1479 2755 1588 2812 nisi
1617 2773 1726 2812 ex-

133 2828 473 2888 stinctionem
501 2835 739 2892 carnalis
767 2844 968 2894 nostra:
1007 2840 1136 2895 vitae
1177 2842 1536 2913 signiﬁcant?
1571 2846 1724 2902 Unde

133 2935 241 2992 ergo
265 2921 642 2980 imbecillitati
676 2926 868 2998 populi
897 2927 1052 2985 rudis
1081 2929 1563 3003 condescenditur,
1595 2935 1724 2991 inde

131 3009 186 3064 ei
196 3026 286 3082 per
314 3011 677 3069 obumbratas
705 3015 1091 3088 allegoriarum
1122 3022 1329 3093 species
1359 3021 1536 3095 major
1569 3024 1723 3081 forti-

132 3097 247 3153 tudo
289 3100 526 3172 spiritus
573 3103 883 3161 nuntiatur.
935 3108 1100 3164 Recte
1147 3109 1334 3182 itaque
1378 3111 1614 3169 dicitur:
1652 3115 1725 3170 Et

130 3189 331 3261 caligine
359 3190 502 3246 illud
532 3193 689 3262 quasi
709 3195 908 3264 pannis
945 3196 1192 3268 infantia:
1216 3201 1561 3268 obvolverem,
1593 3204 1723 3277 quia

131 3275 258 3334 unde
285 3277 401 3351 ejus
429 3281 827 3339 teneritudinis
857 3284 1079 3342 infirma
1103 3290 1352 3359 pertulit,
1373 3290 1395 3324 ³
1411 3290 1539 3347 inde
1554 3275 1718 3350 altam

131 3363 580 3436 signiﬁcationum
612 3371 948 3444 spiritalium
977 3376 1180 3433 nubem
1210 3378 1362 3438 fecit.

193 3493 323 3568 [Vel.
357 3500 603 3574 XVIII.]
633 3500 724 3558 42.
757 3505 1130 3561 Immoderat-is
1165 3507 1335 3563 animi
1361 3510 1588 3566 motibus
1619 3529 1724 3584 op-

127 3584 284 3652 posita
315 3605 461 3644 novre
491 3590 614 3646 vitae
641 3601 905 3664 prwcepta
933 3598 1185 3668 exemplis
1219 3599 1420 3654 Christi
1444 3602 1719 3660 roborata.

131 3701 190 3713 —
216 3675 380 3742 Quem
409 3680 547 3752 quia
587 3689 982 3754 praeceptorum
1030 3685 1207 3742 limite
1248 3688 1316 3744 ab
1348 3689 1725 3757 immoderatis

132 3764 284 3822 animi
303 3770 726 3842 evagationibus
740 3772 942 3842 cinxit,
965 3783 1110 3832 recte
1123 3775 1240 3848 subj
1250 3777 1365 3833 icit:
1391 3779 1726 3838 Circumdedi

134 3851 253 3910 illud
279 3861 520 3916 terminis
553 3862 701 3918 meis.
755 3864 827 3917 Et
869 3865 996 3936 quia
1040 3865 1208 3937 hujus
1249 3867 1478 3924 humani
1515 3873 1728 3943 generis

135 3953 298 4003 motus
324 3949 498 4007 misso
519 3951 820 4008 Mediatore
843 3955 1108 4023 coercuit,
1140 3965 1264 4028 apte
1303 3957 1624 4032 subjungit:
1653 3965 1728 4018 Et

129 4035 268 4100 posui
300 4045 482 4095 vectem
511 4046 559 4095 et
576 4042 733 4096 ostia.
767 4042 992 4100 Vectem
1025 4046 1228 4118 quippe
1256 4054 1310 4103 et
1349 4049 1488 4104 ostia
1518 4051 1720 4121 posuit,

135 4122 248 4192 quia
273 4127 636 4202 Redemptore
657 4139 845 4187 nostro
865 4141 1056 4189 contra
1071 4137 1260 4208 culpas
1279 4137 1721 4211 delinquentium

135 4211 305 4284 misso,
350 4235 513 4276 novat
555 4221 685 4277 vitae
739 4223 1168 4295 praedicamenta
1212 4226 1476 4284 ﬁrmavit.
1527 4229 1726 4286 Clausa

135 4315 349 4377 namque
368 4309 513 4365 ostia
527 4309 779 4382 opposito
800 4320 955 4370 vecte
975 4314 1327 4373 roborantur.
1350 4319 1575 4375 Vectem
1597 4338 1724 4394 ergo

137 4388 262 4447 Deus
289 4398 566 4469 opposuit,
599 4400 731 4472 quia
759 4409 953 4458 contra
995 4403 1231 4460 lascivos
1279 4414 1463 4463 motus
1493 4407 1722 4466 humani

138 4482 328 4546 generis
372 4488 727 4560 unigenitum
777 4489 954 4558 misit,
985 4493 1081 4564 qui
1116 4503 1388 4567 praecepta
1428 4498 1720 4569 spiritalia,

1841 1971 1941 2030 rat,
1966 1980 2092 2020 cum
2125 1973 2328 2038 quanta
2356 1966 2474 2039 ejus
2504 1968 2866 2028 aediﬁcatione
2896 1973 3009 2030 sint
3036 1973 3185 2032 dicta
3214 1993 3442 2051 perpen-

1839 2049 2042 2121 dimus,
2089 2058 2234 2118 915
2271 2057 2317 2112 si
2370 2056 2488 2114 haec
2533 2059 2699 2116 etiam
2748 2062 3034 2119 moraliter
3075 2049 3436 2126 disseramus.

1838 2149 1997 2208 Dicat
2018 2151 2202 2226 itaque
2228 2171 2240 2209 :

2429 2243 2656 2304 CAPUT
2695 2248 2848 2305 XIX.

1909 2329 2080 2388 Vnus.
2106 2333 2161 2390 8.
2191 2363 2263 2375 —
2293 2334 2424 2402 Quis
2452 2337 2707 2394 conclusit
2731 2339 2879 2396 ostiis
2905 2343 3103 2398 mare?

1907 2419 1996 2477 43.
2033 2422 2140 2479 Cor
2167 2423 2456 2481 humanum
2484 2442 2630 2482 mare
2671 2427 2898 2498 fervens,
2942 2429 3084 2502 quod
3111 2432 3252 2487 Deus
3297 2434 3445 2488 solus

1835 2513 1976 2568 valet
1991 2529 2240 2570 coercere.
2257 2544 2329 2557 -
2349 2514 2495 2584 Quid
2523 2523 2606 2573 est
2634 2533 2803 2587 mare,
2825 2519 2933 2576 nisi
2962 2537 3058 2577 cor
3077 2529 3328 2578 nostrum
3352 2521 3437 2578 fu-

1836 2618 1960 2659 rore
1975 2603 2281 2674 turbidum,
2295 2605 2436 2663 rixis
2451 2623 2721 2678 amarum,
2738 2609 2974 2667 elatione
2987 2611 3259 2684 superbiae
3275 2611 3440 2668 tumi-

1835 2692 1989 2762 dum,
2012 2694 2205 2752 fraude
2225 2697 2449 2754 malitiae
2471 2697 2766 2756 obscurum
2780 2700 2808 2756 7
2828 2700 2982 2768 Quod
3005 2717 3154 2757 mare
3169 2709 3440 2774 quantum

1834 2779 2047 2852 saeviat,
2081 2786 2316 2842 attendit
2347 2788 2598 2861 quisquis
2627 2790 2646 2823 ⁷
2667 2789 2738 2844 in
2768 2805 2825 2845 se
2861 2792 3105 2848 occultas
3136 2792 3442 2864 cogitatio-

1835 2888 1969 2926 num
1992 2875 2323 2932 tentationes
2352 2877 2632 2949 intelligit.
2662 2880 2807 2936 Ecce
2853 2881 3003 2938 enim
3026 2881 3144 2954 jam
3172 2899 3444 2955 perversa

1835 2962 2223 3035 relinquimus,
2250 2965 2366 3038 jam
2401 2966 2692 3023 desideriis
2735 2970 2900 3026 rectis
2934 2970 3291 3039 inhaeremus,
3319 2972 3437 3043 jam

1837 3069 2005 3124 prava
2033 3069 2197 3126 opera
2224 3055 2363 3111 foris
2390 3055 2768 3115 abscindimus
2791 3075 2804 3124 ;
2841 3060 2937 3115 sed
2981 3067 3167 3116 tamen
3200 3063 3436 3119 latenter

1835 3142 1986 3200 intus
2011 3161 2073 3200 ea
2103 3161 2229 3202 cum
2256 3162 2364 3218 qua
2392 3146 2502 3203 huc
2535 3147 2792 3204 venimus
2821 3149 2950 3206 vitae
2972 3150 3165 3207 viteris
3198 3153 3443 3224 procella

1735 3231 1796 3305 ἀ
1833 3232 2148 3306 fatigamur,
2166 3250 2331 3307 quam
2346 3236 2455 3292 nisi
2478 3244 2727 3308 respectu
2738 3236 2939 3309 judicii
2955 3247 3009 3295 et
3025 3241 3219 3297 aeterni
3241 3257 3446 3313 pavore

1831 3324 2094 3379 tormenti
2140 3323 2398 3381 immensi
2449 3325 2663 3381 timoris
2707 3327 2948 3384 claustra
2975 3329 3438 3412 constringerent,

1831 3422 2032 3471 cuncta
2059 3415 2119 3470 in
2150 3415 2310 3471 nobis
2341 3416 2563 3489 penitus
2593 3417 3012 3490 supersediﬁcati
3038 3421 3222 3494 operis
3249 3422 3443 3478 funda-

1834 3515 2018 3563 menta
2045 3508 2402 3565 corruissent.
2433 3510 2488 3566 Si
2529 3511 2679 3567 enim
2723 3511 2870 3585 quod
2907 3529 3004 3585 per
3032 3515 3440 3588 suggestionem

1832 3597 1990 3652 saevit
2015 3598 2370 3669 intrinsecus,
2409 3617 2505 3672 per
2534 3600 2987 3660 deliberationem
3017 3604 3164 3661 foras
3192 3621 3441 3678 erumpe-

1834 3693 1936 3754 ret,
1963 3687 2093 3744 vitaa
2125 3698 2326 3746 nostrae
2355 3689 2563 3746 fabrica
2591 3691 2844 3749 funditus
2859 3708 3052 3749 eversa
3067 3692 3352 3765 jacuisset.
3380 3697 3438 3752 In

1836 3775 2128 3848 iniquitate
2154 3795 2392 3851 namque
2419 3781 2696 3852 concepti,
2717 3791 2769 3838 et
2791 3783 2846 3838 in
2867 3783 3072 3840 delicto
3103 3783 3238 3840 editi
3261 3784 3435 3856 (Psal.

1836 3884 1886 3933 1.,
1921 3867 2000 3938 7),
2033 3883 2128 3939 per
2167 3868 2348 3924 insitae
2377 3869 2748 3941 corruptionis
2771 3873 3048 3928 molestias
3079 3890 3316 3946 pugnam
3338 3891 3436 3930 no-

1835 3955 2048 4011 biscum
2080 3955 2191 4012 huc
2219 3956 2538 4026 deferimus,
2569 3975 2730 4032 quam
2753 3977 2880 4016 cum
2911 3961 3096 4018 labore
3122 3962 3434 4019 vincamus.

1835 4044 1988 4100 Unde
2018 4052 2072 4100 et
2093 4053 2240 4102 recte
2264 4045 2331 4101 de
2361 4045 2466 4104 hoc
2500 4048 2636 4102 mari
2666 4047 2902 4104 dicitur:
2935 4050 3162 4117 Quando
3197 4067 3430 4122 erumpe.

1835 4134 1939 4201 bat,
1967 4134 2124 4205 quasi
2142 4135 2204 4191 de
2230 4136 2389 4190 vulva
2413 4138 2718 4208 procedens.
2744 4139 2926 4195 Vulva
2956 4139 3104 4195 enim
3136 4156 3316 4212 pravae
3345 4157 3433 4198 co-

1833 4223 2115 4295 gitationis
2150 4224 2517 4282 adolescentia
2545 4234 2644 4283 est.
2685 4229 2763 4284 De
2806 4245 2913 4301 qua
2951 4245 3046 4302 per
3073 4231 3301 4303 Moysen
3330 4233 3436 4288 Do-

1834 4313 2018 4370 minus
2045 4313 2213 4370 dicit:
2249 4316 2442 4371 Sensus
2474 4316 2611 4371 enim
2637 4323 2686 4372 et
2713 4317 2955 4389 cogitatio
3000 4320 3218 4375 humani
3257 4323 3434 4378 cordis

1827 4419 2006 4473 prona
2031 4408 2106 4458 est
2132 4403 2190 4458 in
2226 4406 2427 4460 malum
2456 4406 2523 4460 ab
2551 4407 2904 4463 adolescentia
2931 4425 3030 4464 sua
3063 4409 3272 4481 (Genes.
3304 4427 3428 4478 vm,

1833 4493 1947 4564 21).
1981 4493 2365 4566 Corruptionis
2381 4511 2618 4568 namque
2640 4497 2870 4566 malum,
2887 4498 3038 4570 quod
3051 4499 3432 4573 unusquisque

138 4580 242 4636 quae
262 4571 534 4647 loquendo
559 4576 772 4646 docuit,
804 4579 1013 4651 agendo
1042 4581 1325 4639 solidavit.
1360 4585 1506 4643 Bene
1535 4596 1718 4644 autem
1755 4603 1803 4663 ι)
1831 4591 2082 4639 nostrum
2131 4583 2199 4640 ab
2227 4592 2352 4640 ortu
2397 4585 2799 4642 desideriorum
2829 4587 3132 4643 carnalium
3170 4571 3425 4661 sumpsit,

139 4654 402 4719 subditur:
435 4667 512 4722 Et
537 4665 687 4721 dimi:
729 4667 1009 4739 Hucusque
1038 4671 1228 4738 venies,
1260 4678 1440 4728 etnon
1471 4678 1721 4746 procedes

139 4749 365 4821 amplius,
395 4761 443 4810 et
475 4755 562 4811 hic
587 4753 888 4827 confringes
933 4763 1182 4814 tumentes
1208 4763 1399 4830 ﬂuctus
1444 4771 1576 4820 tuos.
1607 4767 1722 4823 Hoc

140 4832 320 4924 quippe
347 4856 493 4898 mare
520 4842 663 4898 ostia
681 4842 866 4916 priora
883 4848 1318 4919 transcenderat,
1335 4852 1466 4924 quia
1485 4853 1723 4910 claustra

141 4916 259 4992 legis
289 4932 546 5003 opposita
575 4931 807 4990 humani
847 4935 1082 4991 tumoris
1120 4938 1270 4995 unda
1299 4916 1321 4975 5
1348 4916 1716 5001 transiliebat.

141 5008 204 5064 At
221 5024 498 5091 postquam
527 5021 770 5080 mundus
797 5024 1117 5097 oppositum
1137 5027 1244 5084 sibi
1266 5030 1618 5102 unigenitum
1640 5050 1720 5090 re-

142 5211 468 5331 m‘ﬂ'gurom,
491 5219 767 5290 Laudun.,
799 5222 1026 5294 Pratel.,
1059 5225 1302 5283 miri.....
1335 5227 1722 5301 dispensatione

249 5302 328 5331 111

193 5287 345 5342 milii.
751 5287 760 5290 '
1010 5287 1023 5294 '
1416 5287 1433 5301 ‘

203 5352 500 5436 fyindoc”
531 5365 756 5423 Ebroic.
789 5374 841 5423 et
870 5368 966 5424 alii
998 5370 1214 5436 Norm.,
1246 5370 1366 5426 inde
1395 5374 1638 5430 alteram.

204 5424 222 5511 ξ
248 5424 500 5511 'Yindoc.,
531 5437 731 5511 Laud_.,
762 5437 924 5511 Corb.
962 5424 1712 5511 Germ;’Prateliv,"saliebat.

206 5495 736 5584 ‘_Turon.h'et_Corbl.
770 5509 932 5584 Germ
943 5495 989 5584 .7,
1017 5495 1146 5582 quia
1158 5495 1713 5584 leiusﬁj‘briitudinem.

144 5560 318 5689 gate].
358 5582 412 5629 et
440 5560 830 5637 Cdrbtvilerm.
881 5560 1086 5639 habeiit
1114 5560 1336 5641 clausus,
1357 5586 1572 5656 invenit,
1606 5606 1716 5645 non

157 5672 162 5680 ι
218 5653 375 5698 usum.

535 5723 956 5803 Germ‘._,ﬁlf_aud._
973 5726 1276 5803 etAcodices
1304 5729 1372 5803 ad
1396 5747 1533 5803 quos
1560 5731 1716 5803 factae

143 5786 644 5870 gq9i_nuii.__paris.
690 5786 826 5870 1495
851 5805 904 5870 et
938 5797 1094 5867 1518,
1124 5814 1186 5856 ac
1228 5786 1426 5870 easn,‘
1454 5786 1716 5860 4514.Ἰῇ

143 5845 293 5912 cum.
320 5866 373 5916 et
399 5845 1556 5942 amisisse'a'agnﬁs'animata:
1569 5845 1712 5933 illi;

1835 4673 1854 4707 ⁸
1877 4673 1932 4728 in
1950 4680 2211 4745 provectu
2233 4673 2408 4730 aetatis
2421 4683 2670 4743 exercet;
2704 4682 2759 4732 et
2775 4675 2884 4734 nisi
2907 4676 3014 4734 hoc
3037 4676 3202 4734 citius
3224 4677 3430 4734 divinae

1830 4762 2146 4820 formidinis
2185 4779 2382 4820 manus
2411 4765 2696 4836 reprimat,
2735 4783 2898 4822 omne
2941 4767 3178 4824 conditae
3215 4776 3427 4824 natura:

1830 4851 2037 4907 bonum
2068 4861 2289 4924 repente
2316 4854 2477 4926 culpa
2499 4855 2554 4909 in
2575 4854 2910 4927 profundum
2933 4863 3108 4911 vorat.
3135 4857 3306 4913 Nemo
3327 4856 3426 4929 igi-

1829 4947 1921 4995 tur
1948 4940 2053 4996 sibi
2070 4941 2464 5012 cogitationum
2486 4957 2709 4999 suarum
2737 4943 3027 5000 victoriam
3049 4943 3276 5012 tribuat,
3298 4961 3426 5001 cum

1830 5029 2048 5086 Veritas
2093 5030 2276 5087 dicat:
2332 5032 2462 5100 Quis
2503 5033 2757 5090 conclusit
2796 5032 2946 5088 ostiis
2995 5049 3164 5098 mare,
3212 5034 3426 5103 quando

1828 5232 2052 5320 Prata!”
2082 5233 2235 5320 Utic.
2266 5233 2497 5320 aliisque
2521 5235 2709 5320 lieni}.
2998 5313 3008 5320 _
3201 5308 3214 5320 ,
3236 5307 3271 5320 υ
3336 5309 3345 5320 ,

1900 5306 1921 5339 ⁶
1951 5305 2155 5361 Turon.
2189 5315 2243 5362 et
2289 5305 2486 5375 Laud.,
2533 5307 2688 5374 Quod
2729 5323 2780 5361 se
2825 5323 2931 5362 non
2963 5313 3104 5362 stare
3131 5307 3427 5366 sublimiter

1829 5393 1935 5460 non
1974 5377 2204 5460 ignorat.
2245 5378 2576 5460 ‘Lectioneqr
2611 5386 2876 5446 nostram,
2908 5388 3145 5460 qumﬂest
3169 5382 3424 5460 omnium

1827 5447 2143 5523 Editorum,
2173 5449 2376 5523 habent
2399 5450 2494 5523 alii
2523 5451 2677 5517 Mss.,
2701 5447 3003 5523 praesertim
3021 5450 3185 5508 Corb.
3211 5452 3420 5523 Germ.,

1828 5519 2372 5597 Pratel._,_caet_erique
2397 5522 2584 5597 Ngrm.
2604 5519 2739 5597 Eam
2764 5522 3056 5597 conﬁrmat
3071 5523 3220 5597 quod
3236 5524 3293 5580 in
3315 5519 3425 5583 ﬁne

1829 5589 1994 5666 hujus
2024 5591 2150 5646 libri
2177 5589 2407 5664 legitur:
2441 5594 2638 5650 Beatus
2668 5593 2830 5666 igitur
2857 5595 2974 5663 Job,
3005 5612 3068 5651 ne
3088 5589 3198 5652 sibi
3225 5597 3425 5653 tribuat

1827 5663 1967 5732 quod
1994 5670 2178 5738 contra
2204 5663 2466 5738 procellas
2494 5666 2670 5722 cordis
2689 5663 2910 5737 fortiter
2935 5674 3060 5724 stat.
3092 5669 3226 5738 Quae
3254 5669 3422 5726 verba

1827 5742 2082 5790 evertunt
2107 5736 2398 5793 lectionem
2429 5739 2556 5793 Mss.
2589 5739 2759 5795 Laud.
2793 5747 2847 5794 et
2884 5741 3092 5796 Turon.

1899 5808 1919 5891 ξ
1951 5807 2121 5891 .
2134 5852 2146 5875 ,
2178 5810 2412 5891 occultas.
2435 5810 2787 5891 cogitationes.
2988 5889 2994 5891 _
3362 5881 3371 5891 ο

1899 5878 1920 5912 ⁸
1959 5878 2219 5949 Vindoc.,
2245 5881 2467 5940 Ebroic.
2495 5878 2548 5939 et
2577 5883 2674 5952 al.,
2708 5885 2762 5938 in
2783 5889 3124 5956 provectu....
3147 5900 3200 5941 sc
3224 5881 3412 5938 exerit.
