  <div class='ocr_page' id='page_1' title='image "/cluster/home/n/w/nwhite01/storage/ocr_20150623/76/umn.31951002477369g/245.png"; bbox 0 0 3920 6380; ppageno 0'>
   <div class='ocr_carea' id='block_1_1' title="bbox 492 384 600 443">
    <p class='ocr_par' dir='ltr' id='par_1_1' title="bbox 492 384 600 443">
     <span class='ocr_line' id='line_1_1' title="bbox 492 384 600 443; baseline -0.019 0"><span class='ocrx_word' id='word_1_1' title='bbox 492 384 600 443; x_wconf 67' lang='grc'><strong>475</strong></span> 
     </span>
    </p>
   </div>
   <div class='ocr_carea' id='block_1_2' title="bbox 1697 376 2594 436">
    <p class='ocr_par' dir='ltr' id='par_1_2' title="bbox 1697 376 2594 436">
     <span class='ocr_line' id='line_1_2' title="bbox 1697 376 2594 436; baseline -0.002 0"><span class='ocrx_word' id='word_1_2' title='bbox 1697 377 1947 436; x_wconf 80' lang='lat' dir='ltr'><strong>SANCTI</strong></span> <span class='ocrx_word' id='word_1_3' title='bbox 1991 376 2330 435; x_wconf 81' lang='lat' dir='ltr'><strong>GBEGORII</strong></span> <span class='ocrx_word' id='word_1_4' title='bbox 2367 377 2594 434; x_wconf 79' lang='lat' dir='ltr'><strong>MAGNI</strong></span> 
     </span>
    </p>
   </div>
   <div class='ocr_carea' id='block_1_3' title="bbox 3706 374 3818 432">
    <p class='ocr_par' dir='ltr' id='par_1_3' title="bbox 3706 374 3818 432">
     <span class='ocr_line' id='line_1_3' title="bbox 3706 374 3818 432; baseline 0 0"><span class='ocrx_word' id='word_1_5' title='bbox 3706 374 3818 432; x_wconf 69' lang='grc'>476</span> 
     </span>
    </p>
   </div>
   <div class='ocr_carea' id='block_1_4' title="bbox 492 499 3818 578">
    <p class='ocr_par' dir='ltr' id='par_1_4' title="bbox 492 499 3818 578">
     <span class='ocr_line' id='line_1_4' title="bbox 492 499 3818 578; baseline -0.002 -14"><span class='ocrx_word' id='word_1_6' title='bbox 492 505 814 578; x_wconf 77' lang='lat' dir='ltr'><strong>erumpebat,</strong></span> <span class='ocrx_word' id='word_1_7' title='bbox 862 505 1018 577; x_wconf 83' lang='lat' dir='ltr'><strong>quasi</strong></span> <span class='ocrx_word' id='word_1_8' title='bbox 1067 505 1130 560; x_wconf 84' lang='lat' dir='ltr'><strong>de</strong></span> <span class='ocrx_word' id='word_1_9' title='bbox 1169 505 1330 561; x_wconf 87' lang='lat' dir='ltr'><strong>vulva</strong></span> <span class='ocrx_word' id='word_1_10' title='bbox 1355 504 1686 578; x_wconf 75' lang='lat' dir='ltr'><strong>procedens?</strong></span> <span class='ocrx_word' id='word_1_11' title='bbox 1727 501 1868 572; x_wconf 89' lang='lat' dir='ltr'><strong>Quia</strong></span> <span class='ocrx_word' id='word_1_12' title='bbox 1895 501 2002 558; x_wconf 82' lang='lat' dir='ltr'>nisi</span> <span class='ocrx_word' id='word_1_13' title='bbox 2032 501 2102 558; x_wconf 85' lang='lat' dir='ltr'><strong>ab</strong></span> <span class='ocrx_word' id='word_1_14' title='bbox 2127 505 2178 564; x_wconf 82' lang='grc' dir='ltr'>Α</span> <span class='ocrx_word' id='word_1_15' title='bbox 2205 500 2316 570; x_wconf 89' lang='lat' dir='ltr'><strong>bet,</strong></span> <span class='ocrx_word' id='word_1_16' title='bbox 2349 502 2408 558; x_wconf 93' lang='lat' dir='ltr'><strong>in</strong></span> <span class='ocrx_word' id='word_1_17' title='bbox 2436 499 2765 577; x_wconf 84' lang='lat' dir='ltr'><strong>quibusdam</strong></span> <span class='ocrx_word' id='word_1_18' title='bbox 2796 515 2928 556; x_wconf 91' lang='lat' dir='ltr'><strong>vero</strong></span> <span class='ocrx_word' id='word_1_19' title='bbox 2975 499 3102 558; x_wconf 88' lang='lat' dir='ltr'><strong>illos</strong></span> <span class='ocrx_word' id='word_1_20' title='bbox 3145 500 3312 557; x_wconf 88' lang='lat' dir='ltr'><strong>etiam</strong></span> <span class='ocrx_word' id='word_1_21' title='bbox 3361 517 3394 556; x_wconf 83' lang='grc' dir='ltr'><strong>ιι</strong></span> <span class='ocrx_word' id='word_1_22' title='bbox 3437 499 3818 558; x_wconf 87' lang='lat' dir='ltr'><strong>delectatione</strong></span> 
     </span>
    </p>
   </div>
   <div class='ocr_carea' id='block_1_5' title="bbox 493 592 2098 670">
    <p class='ocr_par' dir='ltr' id='par_1_5' title="bbox 493 592 2098 670">
     <span class='ocr_line' id='line_1_5' title="bbox 493 592 2098 670; baseline -0.003 -17"><span class='ocrx_word' id='word_1_23' title='bbox 493 596 614 669; x_wconf 83' lang='lat' dir='ltr'><strong>ipso</strong></span> <span class='ocrx_word' id='word_1_24' title='bbox 666 594 1019 670; x_wconf 88' lang='lat' dir='ltr'><strong>cogitationis</strong></span> <span class='ocrx_word' id='word_1_25' title='bbox 1074 594 1380 670; x_wconf 89' lang='lat' dir='ltr'><strong>primordio</strong></span> <span class='ocrx_word' id='word_1_26' title='bbox 1425 595 1612 654; x_wconf 91' lang='lat' dir='ltr'><strong>cordis</strong></span> <span class='ocrx_word' id='word_1_27' title='bbox 1665 592 1866 651; x_wconf 83' lang='lat' dir='ltr'><strong>ﬂuctus</strong></span> <span class='ocrx_word' id='word_1_28' title='bbox 1922 593 2098 666; x_wconf 88' lang='lat' dir='ltr'><strong>gratia</strong></span> 
     </span>
    </p>
   </div>
   <div class='ocr_carea' id='block_1_6' title="bbox 492 680 2095 757">
    <p class='ocr_par' dir='ltr' id='par_1_6' title="bbox 492 680 2095 757">
     <span class='ocr_line' id='line_1_6' title="bbox 492 680 2095 757; baseline -0.001 -17"><span class='ocrx_word' id='word_1_29' title='bbox 492 682 688 741; x_wconf 81' lang='lat' dir='ltr'><strong>divina</strong></span> <span class='ocrx_word' id='word_1_30' title='bbox 715 683 998 754; x_wconf 84' lang='lat' dir='ltr'><strong>retineret,</strong></span> <span class='ocrx_word' id='word_1_31' title='bbox 1019 684 1391 742; x_wconf 87' lang='lat' dir='ltr'><strong>tentationum</strong></span> <span class='ocrx_word' id='word_1_32' title='bbox 1407 683 1665 757; x_wconf 84' lang='lat' dir='ltr'><strong>procellis</strong></span> <span class='ocrx_word' id='word_1_33' title='bbox 1691 697 1840 738; x_wconf 91' lang='lat' dir='ltr'><strong>mare</strong></span> <span class='ocrx_word' id='word_1_34' title='bbox 1860 680 2095 738; x_wconf 63' lang='lat' dir='ltr'><strong>serviens</strong></span> 
     </span>
    </p>
   </div>
   <div class='ocr_carea' id='block_1_7' title="bbox 491 770 2098 845">
    <p class='ocr_par' dir='ltr' id='par_1_7' title="bbox 491 770 2098 845">
     <span class='ocr_line' id='line_1_7' title="bbox 491 770 2098 845; baseline -0.001 -16"><span class='ocrx_word' id='word_1_35' title='bbox 491 779 693 829; x_wconf 81' lang='lat' dir='ltr'><strong>terram</strong></span> <span class='ocrx_word' id='word_1_36' title='bbox 724 773 916 845; x_wconf 88' lang='lat' dir='ltr'><strong>procul</strong></span> <span class='ocrx_word' id='word_1_37' title='bbox 944 773 1116 830; x_wconf 88' lang='lat' dir='ltr'><strong>dubio</strong></span> <span class='ocrx_word' id='word_1_38' title='bbox 1162 773 1417 830; x_wconf 69' lang='lat' dir='ltr'><strong>humana</strong></span> <span class='ocrx_word' id='word_1_39' title='bbox 1459 771 1661 828; x_wconf 89' lang='lat' dir='ltr'><strong>mentis</strong></span> <span class='ocrx_word' id='word_1_40' title='bbox 1700 770 1995 840; x_wconf 84' lang='lat' dir='ltr'><strong>obruisset,</strong></span> <span class='ocrx_word' id='word_1_41' title='bbox 2035 778 2098 827; x_wconf 89' lang='lat' dir='ltr'><strong>ut</strong></span> 
     </span>
    </p>
   </div>
   <div class='ocr_carea' id='block_1_8' title="bbox 492 859 2097 936">
    <p class='ocr_par' dir='ltr' id='par_1_8' title="bbox 492 859 2097 936">
     <span class='ocr_line' id='line_1_8' title="bbox 492 859 2097 936; baseline -0.002 -16"><span class='ocrx_word' id='word_1_42' title='bbox 492 859 653 920; x_wconf 88' lang='lat' dir='ltr'><strong>salsis</strong></span> <span class='ocrx_word' id='word_1_43' title='bbox 682 859 941 918; x_wconf 80' lang='lat' dir='ltr'><strong>ﬂuctibus</strong></span> <span class='ocrx_word' id='word_1_44' title='bbox 968 861 1190 936; x_wconf 80' lang='lat' dir='ltr'><strong>perfusa</strong></span> <span class='ocrx_word' id='word_1_45' title='bbox 1233 867 1520 929; x_wconf 89' lang='lat' dir='ltr'><strong>aresceret,</strong></span> <span class='ocrx_word' id='word_1_46' title='bbox 1552 859 1610 916; x_wconf 89' lang='lat' dir='ltr'><strong>id</strong></span> <span class='ocrx_word' id='word_1_47' title='bbox 1657 867 1740 916; x_wconf 89' lang='lat' dir='ltr'><strong>est</strong></span> <span class='ocrx_word' id='word_1_48' title='bbox 1769 859 2097 934; x_wconf 84' lang='lat' dir='ltr'><strong>perniciosis</strong></span> 
     </span>
    </p>
   </div>
   <div class='ocr_carea' id='block_1_9' title="bbox 491 949 2097 1024">
    <p class='ocr_par' dir='ltr' id='par_1_9' title="bbox 491 949 2097 1024">
     <span class='ocr_line' id='line_1_9' title="bbox 491 949 2097 1024; baseline -0.002 -14"><span class='ocrx_word' id='word_1_49' title='bbox 491 951 677 1010; x_wconf 85' lang='lat' dir='ltr'><strong>carnis</strong></span> <span class='ocrx_word' id='word_1_50' title='bbox 705 949 1086 1024; x_wconf 84' lang='lat' dir='ltr'><strong>voluptatibus</strong></span> <span class='ocrx_word' id='word_1_51' title='bbox 1120 951 1390 1008; x_wconf 74' lang='lat' dir='ltr'><strong>delectata</strong></span> <span class='ocrx_word' id='word_1_52' title='bbox 1429 949 1726 1024; x_wconf 87' lang='lat' dir='ltr'><strong>deperiret.</strong></span> <span class='ocrx_word' id='word_1_53' title='bbox 1776 949 1940 1008; x_wconf 89' lang='lat' dir='ltr'><strong>Solus</strong></span> <span class='ocrx_word' id='word_1_54' title='bbox 1968 967 2097 1023; x_wconf 91' lang='lat' dir='ltr'><strong>ergo</strong></span> 
     </span>
    </p>
   </div>
   <div class='ocr_carea' id='block_1_10' title="bbox 490 1038 2099 1114">
    <p class='ocr_par' dir='ltr' id='par_1_10' title="bbox 490 1038 2099 1114">
     <span class='ocr_line' id='line_1_10' title="bbox 490 1038 2099 1114; baseline -0.001 -16"><span class='ocrx_word' id='word_1_55' title='bbox 490 1039 767 1098; x_wconf 86' lang='lat' dir='ltr'><strong>Dominus</strong></span> <span class='ocrx_word' id='word_1_56' title='bbox 797 1039 958 1098; x_wconf 88' lang='lat' dir='ltr'><strong>ostiis</strong></span> <span class='ocrx_word' id='word_1_57' title='bbox 984 1057 1135 1098; x_wconf 91' lang='lat' dir='ltr'><strong>mare</strong></span> <span class='ocrx_word' id='word_1_58' title='bbox 1161 1039 1467 1109; x_wconf 89' lang='lat' dir='ltr'><strong>concludit,</strong></span> <span class='ocrx_word' id='word_1_59' title='bbox 1511 1039 1607 1114; x_wconf 86' lang='lat' dir='ltr'><strong>qui</strong></span> <span class='ocrx_word' id='word_1_60' title='bbox 1639 1039 1826 1113; x_wconf 82' lang='lat' dir='ltr'><strong>pravis</strong></span> <span class='ocrx_word' id='word_1_61' title='bbox 1856 1038 2099 1097; x_wconf 86' lang='lat' dir='ltr'><strong>motibus</strong></span> 
     </span>
    </p>
   </div>
   <div class='ocr_carea' id='block_1_11' title="bbox 492 1129 2100 1206">
    <p class='ocr_par' dir='ltr' id='par_1_11' title="bbox 492 1129 2100 1206">
     <span class='ocr_line' id='line_1_11' title="bbox 492 1129 2100 1206; baseline -0.001 -19"><span class='ocrx_word' id='word_1_62' title='bbox 492 1129 678 1188; x_wconf 87' lang='lat' dir='ltr'><strong>cordis</strong></span> <span class='ocrx_word' id='word_1_63' title='bbox 720 1131 959 1190; x_wconf 85' lang='lat' dir='ltr'><strong>claustra</strong></span> <span class='ocrx_word' id='word_1_64' title='bbox 1005 1131 1287 1206; x_wconf 64' lang='lat' dir='ltr'><strong>inspirata</strong></span> <span class='ocrx_word' id='word_1_65' title='bbox 1330 1130 1648 1188; x_wconf 83' lang='lat' dir='ltr'><strong>formidinis</strong></span> <span class='ocrx_word' id='word_1_66' title='bbox 1693 1130 1908 1203; x_wconf 90' lang='lat' dir='ltr'><strong>objicit.</strong></span> <span class='ocrx_word' id='word_1_67' title='bbox 1958 1130 2100 1199; x_wconf 83' lang='lat' dir='ltr'><strong>Quia</strong></span> 
     </span>
    </p>
   </div>
   <div class='ocr_carea' id='block_1_12' title="bbox 498 1219 2100 1295">
    <p class='ocr_par' dir='ltr' id='par_1_12' title="bbox 498 1219 2100 1295">
     <span class='ocr_line' id='line_1_12' title="bbox 498 1219 2100 1295; baseline -0.001 -18"><span class='ocrx_word' id='word_1_68' title='bbox 498 1237 632 1279; x_wconf 87' lang='lat' dir='ltr'><strong>vero</strong></span> <span class='ocrx_word' id='word_1_69' title='bbox 661 1236 726 1278; x_wconf 89' lang='lat' dir='ltr'><strong>ea</strong></span> <span class='ocrx_word' id='word_1_70' title='bbox 769 1237 892 1295; x_wconf 65' lang='lat' dir='ltr'><strong>qua</strong></span> <span class='ocrx_word' id='word_1_71' title='bbox 942 1220 1225 1279; x_wconf 89' lang='lat' dir='ltr'><strong>cernimus</strong></span> <span class='ocrx_word' id='word_1_72' title='bbox 1265 1222 1422 1295; x_wconf 84' lang='lat' dir='ltr'><strong>sequi</strong></span> <span class='ocrx_word' id='word_1_73' title='bbox 1467 1219 1850 1295; x_wconf 86' lang='lat' dir='ltr'><strong>prohibemur,</strong></span> <span class='ocrx_word' id='word_1_74' title='bbox 1895 1220 2026 1294; x_wconf 85' lang='lat' dir='ltr'><strong>quia</strong></span> <span class='ocrx_word' id='word_1_75' title='bbox 2067 1235 2100 1276; x_wconf 90' lang='lat' dir='ltr'><strong>a</strong></span> 
     </span>
    </p>
   </div>
   <div class='ocr_carea' id='block_1_13' title="bbox 491 1309 2100 1386">
    <p class='ocr_par' dir='ltr' id='par_1_13' title="bbox 491 1309 2100 1386">
     <span class='ocr_line' id='line_1_13' title="bbox 491 1309 2100 1386; baseline -0.004 -14"><span class='ocrx_word' id='word_1_76' title='bbox 491 1326 879 1386; x_wconf 88' lang='lat' dir='ltr'><strong>corporearum</strong></span> <span class='ocrx_word' id='word_1_77' title='bbox 899 1329 1084 1371; x_wconf 91' lang='lat' dir='ltr'><strong>rerum</strong></span> <span class='ocrx_word' id='word_1_78' title='bbox 1113 1311 1479 1370; x_wconf 84' lang='lat' dir='ltr'><strong>delectatione</strong></span> <span class='ocrx_word' id='word_1_79' title='bbox 1507 1310 1880 1378; x_wconf 91' lang='lat' dir='ltr'><strong>retundimur,</strong></span> <span class='ocrx_word' id='word_1_80' title='bbox 1915 1311 1929 1344; x_wconf 77' lang='grc'>⁸</span> <span class='ocrx_word' id='word_1_81' title='bbox 1965 1309 2100 1366; x_wconf 91' lang='lat' dir='ltr'><strong>libet</strong></span> 
     </span>
    </p>
   </div>
   <div class='ocr_carea' id='block_1_14' title="bbox 492 1399 2099 1472">
    <p class='ocr_par' dir='ltr' id='par_1_14' title="bbox 492 1399 2099 1472">
     <span class='ocr_line' id='line_1_14' title="bbox 492 1399 2099 1472; baseline -0.002 -14"><span class='ocrx_word' id='word_1_82' title='bbox 492 1400 658 1458; x_wconf 89' lang='lat' dir='ltr'><strong>etiam</strong></span> <span class='ocrx_word' id='word_1_83' title='bbox 691 1400 762 1458; x_wconf 89' lang='lat' dir='ltr'><strong>ad</strong></span> <span class='ocrx_word' id='word_1_84' title='bbox 806 1400 1120 1459; x_wconf 87' lang='lat' dir='ltr'><strong>invisibilia</strong></span> <span class='ocrx_word' id='word_1_85' title='bbox 1163 1401 1354 1459; x_wconf 92' lang='lat' dir='ltr'><strong>oculos</strong></span> <span class='ocrx_word' id='word_1_86' title='bbox 1384 1399 1587 1457; x_wconf 87' lang='lat' dir='ltr'><strong>mentis</strong></span> <span class='ocrx_word' id='word_1_87' title='bbox 1631 1399 1905 1468; x_wconf 82' lang='lat' dir='ltr'><strong>attollere,</strong></span> <span class='ocrx_word' id='word_1_88' title='bbox 1935 1405 2099 1472; x_wconf 88' lang='lat' dir='ltr'><strong>atque</strong></span> 
     </span>
    </p>
   </div>
   <div class='ocr_carea' id='block_1_15' title="bbox 492 1485 2102 1564">
    <p class='ocr_par' dir='ltr' id='par_1_15' title="bbox 492 1485 2102 1564">
     <span class='ocr_line' id='line_1_15' title="bbox 492 1485 2102 1564; baseline -0.002 -18"><span class='ocrx_word' id='word_1_89' title='bbox 492 1488 613 1547; x_wconf 63' lang='lat' dir='ltr'><strong>huic</strong></span> <span class='ocrx_word' id='word_1_90' title='bbox 637 1489 758 1564; x_wconf 89' lang='lat' dir='ltr'><strong>ipsa</strong></span> <span class='ocrx_word' id='word_1_91' title='bbox 798 1507 921 1564; x_wconf 72' lang='lat' dir='ltr'><strong>qum</strong></span> <span class='ocrx_word' id='word_1_92' title='bbox 963 1489 1119 1564; x_wconf 91' lang='lat' dir='ltr'><strong>sequi</strong></span> <span class='ocrx_word' id='word_1_93' title='bbox 1165 1489 1518 1564; x_wconf 59' lang='lat' dir='ltr'><strong>praecipimur</strong></span> <span class='ocrx_word' id='word_1_94' title='bbox 1561 1487 1768 1545; x_wconf 85' lang='lat' dir='ltr'><strong>videre.</strong></span> <span class='ocrx_word' id='word_1_95' title='bbox 1816 1486 1923 1545; x_wconf 91' lang='lat' dir='ltr'><strong>Sed</strong></span> <span class='ocrx_word' id='word_1_96' title='bbox 1964 1485 2102 1560; x_wconf 92' lang='lat' dir='ltr'><strong>quid</strong></span> 
     </span>
    </p>
   </div>
   <div class='ocr_carea' id='block_1_16' title="bbox 491 1577 2100 1652">
    <p class='ocr_par' dir='ltr' id='par_1_16' title="bbox 491 1577 2100 1652">
     <span class='ocr_line' id='line_1_16' title="bbox 491 1577 2100 1652; baseline -0.001 -17"><span class='ocrx_word' id='word_1_97' title='bbox 491 1577 707 1652; x_wconf 78' lang='lat' dir='ltr'><strong>agimus</strong></span> <span class='ocrx_word' id='word_1_98' title='bbox 721 1579 751 1636; x_wconf 78' lang='lat'><strong>?</strong></span> <span class='ocrx_word' id='word_1_99' title='bbox 779 1579 1022 1638; x_wconf 86' lang='lat' dir='ltr'><strong>Inﬁrmis</strong></span> <span class='ocrx_word' id='word_1_100' title='bbox 1051 1579 1148 1637; x_wconf 87' lang='lat' dir='ltr'><strong>illa</strong></span> <span class='ocrx_word' id='word_1_101' title='bbox 1165 1579 1452 1637; x_wconf 90' lang='lat' dir='ltr'><strong>obtutibus</strong></span> <span class='ocrx_word' id='word_1_102' title='bbox 1470 1577 1708 1636; x_wconf 88' lang='lat' dir='ltr'><strong>necdum</strong></span> <span class='ocrx_word' id='word_1_103' title='bbox 1728 1583 1936 1651; x_wconf 88' lang='lat' dir='ltr'><strong>patent.</strong></span> <span class='ocrx_word' id='word_1_104' title='bbox 1958 1577 2100 1634; x_wconf 85' lang='lat' dir='ltr'><strong>Ecce</strong></span> 
     </span>
    </p>
   </div>
   <div class='ocr_carea' id='block_1_17' title="bbox 491 1667 2100 1738">
    <p class='ocr_par' dir='ltr' id='par_1_17' title="bbox 491 1667 2100 1738">
     <span class='ocr_line' id='line_1_17' title="bbox 491 1667 2100 1738; baseline -0.003 -11"><span class='ocrx_word' id='word_1_105' title='bbox 491 1667 564 1727; x_wconf 82' lang='lat' dir='ltr'><strong>ad</strong></span> <span class='ocrx_word' id='word_1_106' title='bbox 591 1685 783 1727; x_wconf 91' lang='lat' dir='ltr'><strong>eorum</strong></span> <span class='ocrx_word' id='word_1_107' title='bbox 825 1686 1068 1728; x_wconf 90' lang='lat' dir='ltr'><strong>amorem</strong></span> <span class='ocrx_word' id='word_1_108' title='bbox 1107 1686 1394 1738; x_wconf 89' lang='lat' dir='ltr'><strong>vocamur,</strong></span> <span class='ocrx_word' id='word_1_109' title='bbox 1445 1669 1540 1726; x_wconf 88' lang='lat' dir='ltr'><strong>sed</strong></span> <span class='ocrx_word' id='word_1_110' title='bbox 1583 1676 1769 1726; x_wconf 87' lang='lat' dir='ltr'><strong>tamen</strong></span> <span class='ocrx_word' id='word_1_111' title='bbox 1807 1684 1839 1724; x_wconf 89' lang='lat' dir='ltr'><strong>a</strong></span> <span class='ocrx_word' id='word_1_112' title='bbox 1885 1667 2100 1724; x_wconf 90' lang='lat' dir='ltr'><strong>visione</strong></span> 
     </span>
    </p>
   </div>
   <div class='ocr_carea' id='block_1_18' title="bbox 492 1753 2102 1831">
    <p class='ocr_par' dir='ltr' id='par_1_18' title="bbox 492 1753 2102 1831">
     <span class='ocr_line' id='line_1_18' title="bbox 492 1753 2102 1831; baseline -0.002 -19"><span class='ocrx_word' id='word_1_113' title='bbox 492 1756 900 1829; x_wconf 88' lang='lat' dir='ltr'><strong>restringimur,</strong></span> <span class='ocrx_word' id='word_1_114' title='bbox 933 1757 1064 1831; x_wconf 87' lang='lat' dir='ltr'><strong>quia</strong></span> <span class='ocrx_word' id='word_1_115' title='bbox 1092 1765 1147 1814; x_wconf 90' lang='lat' dir='ltr'><strong>et</strong></span> <span class='ocrx_word' id='word_1_116' title='bbox 1173 1759 1222 1814; x_wconf 87' lang='lat' dir='ltr'><strong>si</strong></span> <span class='ocrx_word' id='word_1_117' title='bbox 1251 1755 1472 1830; x_wconf 87' lang='lat' dir='ltr'><strong>quando</strong></span> <span class='ocrx_word' id='word_1_118' title='bbox 1508 1754 1725 1830; x_wconf 90' lang='lat' dir='ltr'><strong>aliquid</strong></span> <span class='ocrx_word' id='word_1_119' title='bbox 1769 1753 1965 1811; x_wconf 85' lang='lat' dir='ltr'><strong>furtim</strong></span> <span class='ocrx_word' id='word_1_120' title='bbox 1995 1769 2102 1826; x_wconf 87' lang='lat' dir='ltr'><strong>pa-</strong></span> 
     </span>
    </p>
   </div>
   <div class='ocr_carea' id='block_1_19' title="bbox 494 1843 2101 1920">
    <p class='ocr_par' dir='ltr' id='par_1_19' title="bbox 494 1843 2101 1920">
     <span class='ocr_line' id='line_1_19' title="bbox 494 1843 2101 1920; baseline -0.001 -18"><span class='ocrx_word' id='word_1_121' title='bbox 494 1860 732 1920; x_wconf 90' lang='lat' dir='ltr'><strong>rumque</strong></span> <span class='ocrx_word' id='word_1_122' title='bbox 761 1847 1086 1920; x_wconf 88' lang='lat' dir='ltr'><strong>aspicimus,</strong></span> <span class='ocrx_word' id='word_1_123' title='bbox 1135 1847 1238 1905; x_wconf 87' lang='lat' dir='ltr'><strong>sub</strong></span> <span class='ocrx_word' id='word_1_124' title='bbox 1284 1847 1499 1904; x_wconf 89' lang='lat' dir='ltr'><strong>incerto</strong></span> <span class='ocrx_word' id='word_1_125' title='bbox 1555 1845 1724 1902; x_wconf 89' lang='lat' dir='ltr'><strong>nimis</strong></span> <span class='ocrx_word' id='word_1_126' title='bbox 1764 1843 1947 1902; x_wconf 85' lang='lat' dir='ltr'><strong>adhuc</strong></span> <span class='ocrx_word' id='word_1_127' title='bbox 1975 1843 2101 1900; x_wconf 91' lang='lat' dir='ltr'><strong>visu</strong></span> 
     </span>
    </p>
   </div>
   <div class='ocr_carea' id='block_1_20' title="bbox 495 1933 1568 2010">
    <p class='ocr_par' dir='ltr' id='par_1_20' title="bbox 495 1933 1568 2010">
     <span class='ocr_line' id='line_1_20' title="bbox 495 1933 1568 2010; baseline -0.001 -17"><span class='ocrx_word' id='word_1_128' title='bbox 495 1933 816 2007; x_wconf 85' lang='lat' dir='ltr'><strong>caligamus.</strong></span> <span class='ocrx_word' id='word_1_129' title='bbox 849 1935 1004 1993; x_wconf 91' lang='lat' dir='ltr'><strong>Unde</strong></span> <span class='ocrx_word' id='word_1_130' title='bbox 1025 1942 1150 2010; x_wconf 87' lang='lat' dir='ltr'><strong>apte</strong></span> <span class='ocrx_word' id='word_1_131' title='bbox 1173 1935 1530 2009; x_wconf 89' lang='lat' dir='ltr'><strong>subjungitur</strong></span> <span class='ocrx_word' id='word_1_132' title='bbox 1555 1953 1568 1992; x_wconf 89' lang='lat'>:</span> 
     </span>
    </p>
   </div>
   <div class='ocr_carea' id='block_1_21' title="bbox 931 2050 1666 2127">
    <p class='ocr_par' dir='ltr' id='par_1_21' title="bbox 931 2050 1666 2127">
     <span class='ocr_line' id='line_1_21' title="bbox 931 2050 1666 2127; baseline -0.003 -17"><span class='ocrx_word' id='word_1_133' title='bbox 931 2050 1159 2110; x_wconf 82' lang='lat' dir='ltr'><strong>CAPUT</strong></span> <span class='ocrx_word' id='word_1_134' title='bbox 1184 2053 1291 2109; x_wconf 86' lang='lat' dir='ltr'><strong>xx</strong></span> <span class='ocrx_word' id='word_1_135' title='bbox 1323 2051 1462 2127; x_wconf 71' lang='grc' dir='ltr'><strong>[νει.</strong></span> <span class='ocrx_word' id='word_1_136' title='bbox 1486 2050 1666 2127; x_wconf 80' lang='lat' dir='ltr'><strong>XIX].</strong></span> 
     </span>
    </p>
   </div>
   <div class='ocr_carea' id='block_1_22' title="bbox 568 2137 2100 2216">
    <p class='ocr_par' dir='ltr' id='par_1_22' title="bbox 568 2137 2100 2216">
     <span class='ocr_line' id='line_1_22' title="bbox 568 2137 2100 2216; baseline 0.001 -22"><span class='ocrx_word' id='word_1_137' title='bbox 568 2137 738 2197; x_wconf 67' lang='lat' dir='ltr'><strong>Vens.</strong></span> <span class='ocrx_word' id='word_1_138' title='bbox 761 2141 816 2198; x_wconf 88' lang='lat'><strong>9.</strong></span> <span class='ocrx_word' id='word_1_139' title='bbox 837 2171 910 2184; x_wconf 90' lang='lat'><strong><em>—</em></strong></span> <span class='ocrx_word' id='word_1_140' title='bbox 941 2143 1074 2200; x_wconf 84' lang='lat' dir='ltr'><strong>Cum</strong></span> <span class='ocrx_word' id='word_1_141' title='bbox 1097 2159 1345 2216; x_wconf 89' lang='lat' dir='ltr'><strong>ponerem</strong></span> <span class='ocrx_word' id='word_1_142' title='bbox 1371 2143 1559 2198; x_wconf 87' lang='lat' dir='ltr'><strong>nubem</strong></span> <span class='ocrx_word' id='word_1_143' title='bbox 1586 2140 1945 2198; x_wconf 77' lang='lat' dir='ltr'><strong>vestimentum</strong></span> <span class='ocrx_word' id='word_1_144' title='bbox 1963 2141 2100 2211; x_wconf 87' lang='lat' dir='ltr'><strong>ejus,</strong></span> 
     </span>
    </p>
   </div>
   <div class='ocr_carea' id='block_1_23' title="bbox 493 2229 1988 2307">
    <p class='ocr_par' dir='ltr' id='par_1_23' title="bbox 493 2229 1988 2307">
     <span class='ocr_line' id='line_1_23' title="bbox 493 2229 1988 2307; baseline 0.001 -21"><span class='ocrx_word' id='word_1_145' title='bbox 493 2234 545 2286; x_wconf 81' lang='lat' dir='ltr'><strong>et</strong></span> <span class='ocrx_word' id='word_1_146' title='bbox 569 2229 792 2302; x_wconf 73' lang='lat' dir='ltr'><strong>caligine</strong></span> <span class='ocrx_word' id='word_1_147' title='bbox 818 2231 957 2288; x_wconf 86' lang='lat' dir='ltr'><strong>illud</strong></span> <span class='ocrx_word' id='word_1_148' title='bbox 983 2233 1140 2304; x_wconf 86' lang='lat' dir='ltr'><strong>quasi</strong></span> <span class='ocrx_word' id='word_1_149' title='bbox 1160 2233 1359 2307; x_wconf 88' lang='lat' dir='ltr'><strong>pannis</strong></span> <span class='ocrx_word' id='word_1_150' title='bbox 1382 2231 1628 2303; x_wconf 65' lang='lat' dir='ltr'><strong>infantia;</strong></span> <span class='ocrx_word' id='word_1_151' title='bbox 1645 2231 1988 2288; x_wconf 86' lang='lat' dir='ltr'><strong>obvolverem.</strong></span> 
     </span>
    </p>
   </div>
   <div class='ocr_carea' id='block_1_24' title="bbox 566 2319 2101 2395">
    <p class='ocr_par' dir='ltr' id='par_1_24' title="bbox 566 2319 2101 2395">
     <span class='ocr_line' id='line_1_24' title="bbox 566 2319 2101 2395; baseline 0.001 -19"><span class='ocrx_word' id='word_1_152' title='bbox 566 2319 655 2376; x_wconf 71' lang='grc'><strong>44.</strong></span> <span class='ocrx_word' id='word_1_153' title='bbox 687 2321 798 2376; x_wconf 86' lang='lat' dir='ltr'><strong>Hoc</strong></span> <span class='ocrx_word' id='word_1_154' title='bbox 823 2339 972 2379; x_wconf 86' lang='lat' dir='ltr'><strong>mare</strong></span> <span class='ocrx_word' id='word_1_155' title='bbox 991 2324 1216 2380; x_wconf 77' lang='lat' dir='ltr'><strong>tenebris</strong></span> <span class='ocrx_word' id='word_1_156' title='bbox 1240 2331 1290 2380; x_wconf 90' lang='lat' dir='ltr'><strong>et</strong></span> <span class='ocrx_word' id='word_1_157' title='bbox 1313 2323 1538 2395; x_wconf 78' lang='lat' dir='ltr'><strong>caligine</strong></span> <span class='ocrx_word' id='word_1_158' title='bbox 1564 2322 1966 2378; x_wconf 85' lang='lat' dir='ltr'><strong>obvolvitur.—-</strong></span> <span class='ocrx_word' id='word_1_159' title='bbox 1985 2322 2101 2378; x_wconf 82' lang='lat' dir='ltr'><strong>Hoc</strong></span> 
     </span>
    </p>
   </div>
   <div class='ocr_carea' id='block_1_25' title="bbox 496 2409 2102 2485">
    <p class='ocr_par' dir='ltr' id='par_1_25' title="bbox 496 2409 2102 2485">
     <span class='ocr_line' id='line_1_25' title="bbox 496 2409 2102 2485; baseline 0.001 -20"><span class='ocrx_word' id='word_1_160' title='bbox 496 2425 645 2466; x_wconf 90' lang='lat' dir='ltr'><strong>mare</strong></span> <span class='ocrx_word' id='word_1_161' title='bbox 672 2411 1102 2482; x_wconf 88' lang='lat' dir='ltr'><strong>tumultuosum,</strong></span> <span class='ocrx_word' id='word_1_162' title='bbox 1145 2412 1410 2470; x_wconf 86' lang='lat' dir='ltr'><strong>videlicet</strong></span> <span class='ocrx_word' id='word_1_163' title='bbox 1453 2411 1886 2485; x_wconf 77' lang='lat' dir='ltr'><strong>cogitationibus</strong></span> <span class='ocrx_word' id='word_1_164' title='bbox 1919 2411 1941 2446; x_wconf 83' lang='grc'>³</span> <span class='ocrx_word' id='word_1_165' title='bbox 1985 2409 2102 2466; x_wconf 81' lang='lat' dir='ltr'><strong>ﬂu-</strong></span> 
     </span>
    </p>
   </div>
   <div class='ocr_carea' id='block_1_26' title="bbox 493 2501 2098 2576">
    <p class='ocr_par' dir='ltr' id='par_1_26' title="bbox 493 2501 2098 2576">
     <span class='ocr_line' id='line_1_26' title="bbox 493 2501 2098 2576; baseline 0 -20"><span class='ocrx_word' id='word_1_166' title='bbox 493 2505 689 2556; x_wconf 88' lang='lat' dir='ltr'><strong>ctuans</strong></span> <span class='ocrx_word' id='word_1_167' title='bbox 721 2517 817 2557; x_wconf 90' lang='lat' dir='ltr'><strong>cor</strong></span> <span class='ocrx_word' id='word_1_168' title='bbox 844 2510 1097 2560; x_wconf 88' lang='lat' dir='ltr'><strong>nostrum</strong></span> <span class='ocrx_word' id='word_1_169' title='bbox 1126 2501 1275 2559; x_wconf 90' lang='lat' dir='ltr'><strong>nube</strong></span> <span class='ocrx_word' id='word_1_170' title='bbox 1303 2501 1560 2571; x_wconf 90' lang='lat' dir='ltr'><strong>vestitur,</strong></span> <span class='ocrx_word' id='word_1_171' title='bbox 1581 2501 1710 2576; x_wconf 88' lang='lat' dir='ltr'><strong>quia</strong></span> <span class='ocrx_word' id='word_1_172' title='bbox 1727 2517 1796 2558; x_wconf 92' lang='lat' dir='ltr'><strong>ne</strong></span> <span class='ocrx_word' id='word_1_173' title='bbox 1825 2501 2098 2557; x_wconf 89' lang='lat' dir='ltr'><strong>internam</strong></span> 
     </span>
    </p>
   </div>
   <div class='ocr_carea' id='block_1_27' title="bbox 494 2587 2100 2664">
    <p class='ocr_par' dir='ltr' id='par_1_27' title="bbox 494 2587 2100 2664">
     <span class='ocr_line' id='line_1_27' title="bbox 494 2587 2100 2664; baseline 0.002 -21"><span class='ocrx_word' id='word_1_174' title='bbox 494 2587 734 2660; x_wconf 89' lang='lat' dir='ltr'><strong>quietem</strong></span> <span class='ocrx_word' id='word_1_175' title='bbox 763 2606 902 2662; x_wconf 89' lang='lat' dir='ltr'><strong>pure</strong></span> <span class='ocrx_word' id='word_1_176' title='bbox 930 2591 1256 2664; x_wconf 86' lang='lat' dir='ltr'><strong>conspiciat,</strong></span> <span class='ocrx_word' id='word_1_177' title='bbox 1289 2589 1696 2664; x_wconf 89' lang='lat' dir='ltr'><strong>inquietudinis</strong></span> <span class='ocrx_word' id='word_1_178' title='bbox 1735 2606 1848 2646; x_wconf 67' lang='lat' dir='ltr'><strong>suae</strong></span> <span class='ocrx_word' id='word_1_179' title='bbox 1891 2590 2100 2647; x_wconf 89' lang='lat' dir='ltr'><strong>confu-</strong></span> 
     </span>
    </p>
   </div>
   <div class='ocr_carea' id='block_1_28' title="bbox 496 2676 2098 2754">
    <p class='ocr_par' dir='ltr' id='par_1_28' title="bbox 496 2676 2098 2754">
     <span class='ocr_line' id='line_1_28' title="bbox 496 2676 2098 2754; baseline 0.001 -22"><span class='ocrx_word' id='word_1_180' title='bbox 496 2676 654 2734; x_wconf 89' lang='lat' dir='ltr'><strong>sione</strong></span> <span class='ocrx_word' id='word_1_181' title='bbox 681 2680 1020 2738; x_wconf 88' lang='lat' dir='ltr'><strong>tenehratnr.</strong></span> <span class='ocrx_word' id='word_1_182' title='bbox 1053 2682 1172 2739; x_wconf 89' lang='lat' dir='ltr'><strong>Hoc</strong></span> <span class='ocrx_word' id='word_1_183' title='bbox 1187 2697 1336 2738; x_wconf 88' lang='lat' dir='ltr'><strong>mare</strong></span> <span class='ocrx_word' id='word_1_184' title='bbox 1363 2681 1598 2754; x_wconf 86' lang='lat' dir='ltr'><strong>caligine</strong></span> <span class='ocrx_word' id='word_1_185' title='bbox 1617 2680 1772 2754; x_wconf 89' lang='lat' dir='ltr'><strong>quasi</strong></span> <span class='ocrx_word' id='word_1_186' title='bbox 1795 2679 1992 2753; x_wconf 90' lang='lat' dir='ltr'><strong>pannis</strong></span> <span class='ocrx_word' id='word_1_187' title='bbox 2016 2679 2098 2735; x_wconf 88' lang='lat' dir='ltr'><strong>in-</strong></span> 
     </span>
    </p>
   </div>
   <div class='ocr_carea' id='block_1_29' title="bbox 495 2767 2099 2844">
    <p class='ocr_par' dir='ltr' id='par_1_29' title="bbox 495 2767 2099 2844">
     <span class='ocr_line' id='line_1_29' title="bbox 495 2767 2099 2844; baseline -0.001 -17"><span class='ocrx_word' id='word_1_188' title='bbox 495 2767 684 2827; x_wconf 66' lang='lat' dir='ltr'><strong>fantia</strong></span> <span class='ocrx_word' id='word_1_189' title='bbox 713 2768 1058 2840; x_wconf 87' lang='lat' dir='ltr'><strong>obvolvitur,</strong></span> <span class='ocrx_word' id='word_1_190' title='bbox 1089 2771 1218 2844; x_wconf 89' lang='lat' dir='ltr'><strong>quia</strong></span> <span class='ocrx_word' id='word_1_191' title='bbox 1236 2788 1269 2828; x_wconf 94' lang='lat' dir='ltr'><strong>a</strong></span> <span class='ocrx_word' id='word_1_192' title='bbox 1295 2769 1738 2842; x_wconf 88' lang='lat' dir='ltr'><strong>contemplandis</strong></span> <span class='ocrx_word' id='word_1_193' title='bbox 1765 2768 2099 2826; x_wconf 86' lang='lat' dir='ltr'><strong>sublimibus</strong></span> 
     </span>
    </p>
   </div>
   <div class='ocr_carea' id='block_1_30' title="bbox 493 2856 2100 2932">
    <p class='ocr_par' dir='ltr' id='par_1_30' title="bbox 493 2856 2100 2932">
     <span class='ocr_line' id='line_1_30' title="bbox 493 2856 2100 2932; baseline 0.001 -19"><span class='ocrx_word' id='word_1_194' title='bbox 493 2856 677 2914; x_wconf 87' lang='lat' dir='ltr'><strong>adhuc</strong></span> <span class='ocrx_word' id='word_1_195' title='bbox 704 2860 910 2916; x_wconf 90' lang='lat' dir='ltr'><strong>teneris</strong></span> <span class='ocrx_word' id='word_1_196' title='bbox 939 2860 1191 2918; x_wconf 89' lang='lat' dir='ltr'><strong>sensibus</strong></span> <span class='ocrx_word' id='word_1_197' title='bbox 1218 2877 1330 2918; x_wconf 67' lang='lat' dir='ltr'><strong>sua</strong></span> <span class='ocrx_word' id='word_1_198' title='bbox 1362 2859 1703 2917; x_wconf 88' lang='lat' dir='ltr'><strong>inﬁrmitatis</strong></span> <span class='ocrx_word' id='word_1_199' title='bbox 1731 2859 1952 2932; x_wconf 89' lang='lat' dir='ltr'><strong>ligatur.</strong></span> <span class='ocrx_word' id='word_1_200' title='bbox 1989 2858 2100 2915; x_wconf 87' lang='lat' dir='ltr'><strong>Vi-</strong></span> 
     </span>
    </p>
   </div>
   <div class='ocr_carea' id='block_1_31' title="bbox 495 2944 2097 3023">
    <p class='ocr_par' dir='ltr' id='par_1_31' title="bbox 495 2944 2097 3023">
     <span class='ocr_line' id='line_1_31' title="bbox 495 2944 2097 3023; baseline 0.001 -21"><span class='ocrx_word' id='word_1_201' title='bbox 495 2944 720 3005; x_wconf 86' lang='lat' dir='ltr'><strong>deamus</strong></span> <span class='ocrx_word' id='word_1_202' title='bbox 749 2949 980 3006; x_wconf 88' lang='lat' dir='ltr'><strong>Paulum</strong></span> <span class='ocrx_word' id='word_1_203' title='bbox 1007 2949 1243 3022; x_wconf 88' lang='lat' dir='ltr'><strong>quadam</strong></span> <span class='ocrx_word' id='word_1_204' title='bbox 1265 2950 1500 3022; x_wconf 87' lang='lat' dir='ltr'><strong>caligine</strong></span> <span class='ocrx_word' id='word_1_205' title='bbox 1520 2949 1674 3023; x_wconf 90' lang='lat' dir='ltr'><strong>quasi</strong></span> <span class='ocrx_word' id='word_1_206' title='bbox 1701 2947 1951 3004; x_wconf 65' lang='lat' dir='ltr'><strong>infantiae</strong></span> <span class='ocrx_word' id='word_1_207' title='bbox 1967 2962 2097 3020; x_wconf 87' lang='lat' dir='ltr'><strong>pan-</strong></span> 
     </span>
    </p>
   </div>
   <div class='ocr_carea' id='block_1_32' title="bbox 491 3037 2101 3110">
    <p class='ocr_par' dir='ltr' id='par_1_32' title="bbox 491 3037 2101 3110">
     <span class='ocr_line' id='line_1_32' title="bbox 491 3037 2101 3110; baseline 0.001 -17"><span class='ocrx_word' id='word_1_208' title='bbox 491 3037 580 3094; x_wconf 88' lang='lat' dir='ltr'><strong>nis</strong></span> <span class='ocrx_word' id='word_1_209' title='bbox 609 3038 959 3108; x_wconf 88' lang='lat' dir='ltr'><strong>obvolutum,</strong></span> <span class='ocrx_word' id='word_1_210' title='bbox 977 3040 1111 3098; x_wconf 91' lang='lat' dir='ltr'><strong>dum</strong></span> <span class='ocrx_word' id='word_1_211' title='bbox 1140 3041 1250 3097; x_wconf 88' lang='lat' dir='ltr'><strong>ait:</strong></span> <span class='ocrx_word' id='word_1_212' title='bbox 1291 3040 1535 3101; x_wconf 78' lang='lat' dir='ltr'><strong>Videmus</strong></span> <span class='ocrx_word' id='word_1_213' title='bbox 1553 3055 1694 3094; x_wconf 88' lang='lat' dir='ltr'><strong>nunc</strong></span> <span class='ocrx_word' id='word_1_214' title='bbox 1715 3039 2101 3110; x_wconf 85' lang='lat' dir='ltr'><strong>perspeculum</strong></span> 
     </span>
    </p>
   </div>
   <div class='ocr_carea' id='block_1_33' title="bbox 490 3125 2100 3202">
    <p class='ocr_par' dir='ltr' id='par_1_33' title="bbox 490 3125 2100 3202">
     <span class='ocr_line' id='line_1_33' title="bbox 490 3125 2100 3202; baseline -0.001 -20"><span class='ocrx_word' id='word_1_215' title='bbox 490 3125 548 3182; x_wconf 87' lang='lat' dir='ltr'><strong>in</strong></span> <span class='ocrx_word' id='word_1_216' title='bbox 570 3129 866 3202; x_wconf 70' lang='lat' dir='ltr'><strong>anigmate,</strong></span> <span class='ocrx_word' id='word_1_217' title='bbox 915 3136 1038 3187; x_wconf 87' lang='lat' dir='ltr'><strong>tunc</strong></span> <span class='ocrx_word' id='word_1_218' title='bbox 1079 3137 1255 3187; x_wconf 84' lang='lat' dir='ltr'><strong>autem</strong></span> <span class='ocrx_word' id='word_1_219' title='bbox 1282 3130 1420 3201; x_wconf 87' lang='lat' dir='ltr'><strong>facie</strong></span> <span class='ocrx_word' id='word_1_220' title='bbox 1461 3130 1536 3185; x_wconf 86' lang='lat' dir='ltr'><strong>ad</strong></span> <span class='ocrx_word' id='word_1_221' title='bbox 1575 3129 1786 3201; x_wconf 84' lang='lat' dir='ltr'><strong>faciem.</strong></span> <span class='ocrx_word' id='word_1_222' title='bbox 1822 3129 1978 3186; x_wconf 82' lang='lat' dir='ltr'><strong>Nunc</strong></span> <span class='ocrx_word' id='word_1_223' title='bbox 2003 3143 2100 3180; x_wconf 92' lang='lat' dir='ltr'><strong>co—</strong></span> 
     </span>
    </p>
   </div>
   <div class='ocr_carea' id='block_1_34' title="bbox 487 3216 2090 3290">
    <p class='ocr_par' dir='ltr' id='par_1_34' title="bbox 487 3216 2090 3290">
     <span class='ocr_line' id='line_1_34' title="bbox 487 3216 2090 3290; baseline -0.002 -17"><span class='ocrx_word' id='word_1_224' title='bbox 487 3233 674 3287; x_wconf 83' lang='lat' dir='ltr'><strong>gnosco</strong></span> <span class='ocrx_word' id='word_1_225' title='bbox 713 3236 779 3273; x_wconf 76' lang='lat' dir='ltr'><strong>ea:</strong></span> <span class='ocrx_word' id='word_1_226' title='bbox 801 3226 979 3290; x_wconf 83' lang='lat' dir='ltr'><strong>parte,</strong></span> <span class='ocrx_word' id='word_1_227' title='bbox 1013 3225 1133 3274; x_wconf 88' lang='lat' dir='ltr'><strong>tunc</strong></span> <span class='ocrx_word' id='word_1_228' title='bbox 1159 3225 1337 3275; x_wconf 91' lang='lat' dir='ltr'><strong>autem</strong></span> <span class='ocrx_word' id='word_1_229' title='bbox 1362 3234 1667 3290; x_wconf 85' lang='lat' dir='ltr'><strong>cognoscam</strong></span> <span class='ocrx_word' id='word_1_230' title='bbox 1703 3217 1839 3272; x_wconf 81' lang='lat' dir='ltr'><strong>sicut</strong></span> <span class='ocrx_word' id='word_1_231' title='bbox 1855 3222 1904 3270; x_wconf 88' lang='lat' dir='ltr'><strong>et</strong></span> <span class='ocrx_word' id='word_1_232' title='bbox 1923 3216 2090 3286; x_wconf 82' lang='lat' dir='ltr'><strong>cogni-</strong></span> 
     </span>
    </p>
   </div>
   <div class='ocr_carea' id='block_1_35' title="bbox 491 3305 2094 3380">
    <p class='ocr_par' dir='ltr' id='par_1_35' title="bbox 491 3305 2094 3380">
     <span class='ocr_line' id='line_1_35' title="bbox 491 3305 2094 3380; baseline -0.001 -19"><span class='ocrx_word' id='word_1_233' title='bbox 491 3312 574 3362; x_wconf 82' lang='lat' dir='ltr'><strong>tus</strong></span> <span class='ocrx_word' id='word_1_234' title='bbox 601 3325 720 3363; x_wconf 87' lang='lat' dir='ltr'><strong>sum</strong></span> <span class='ocrx_word' id='word_1_235' title='bbox 742 3309 801 3380; x_wconf 91' lang='grc' dir='ltr'><strong>(Ι</strong></span> <span class='ocrx_word' id='word_1_236' title='bbox 829 3310 954 3364; x_wconf 87' lang='lat' dir='ltr'><strong>Cor.</strong></span> <span class='ocrx_word' id='word_1_237' title='bbox 980 3323 1108 3376; x_wconf 81' lang='lat' dir='ltr'><strong>xui,</strong></span> <span class='ocrx_word' id='word_1_238' title='bbox 1141 3309 1254 3380; x_wconf 76' lang='lat'><strong>12).</strong></span> <span class='ocrx_word' id='word_1_239' title='bbox 1278 3307 1385 3375; x_wconf 86' lang='lat' dir='ltr'><strong>Qui</strong></span> <span class='ocrx_word' id='word_1_240' title='bbox 1414 3307 1461 3363; x_wconf 92' lang='lat' dir='ltr'><strong>si</strong></span> <span class='ocrx_word' id='word_1_241' title='bbox 1493 3323 1550 3362; x_wconf 90' lang='lat' dir='ltr'><strong>se</strong></span> <span class='ocrx_word' id='word_1_242' title='bbox 1572 3309 1593 3342; x_wconf 85' lang='grc'>³</span> <span class='ocrx_word' id='word_1_243' title='bbox 1623 3306 1691 3362; x_wconf 91' lang='lat' dir='ltr'><strong>ad</strong></span> <span class='ocrx_word' id='word_1_244' title='bbox 1720 3305 2094 3378; x_wconf 83' lang='lat' dir='ltr'><strong>comprehen-</strong></span> 
     </span>
    </p>
   </div>
   <div class='ocr_carea' id='block_1_36' title="bbox 487 3392 2096 3464">
    <p class='ocr_par' dir='ltr' id='par_1_36' title="bbox 487 3392 2096 3464">
     <span class='ocr_line' id='line_1_36' title="bbox 487 3392 2096 3464; baseline 0.001 -15"><span class='ocrx_word' id='word_1_245' title='bbox 487 3392 668 3451; x_wconf 78' lang='lat' dir='ltr'><strong>dende</strong></span> <span class='ocrx_word' id='word_1_246' title='bbox 694 3396 940 3452; x_wconf 74' lang='lat' dir='ltr'><strong>cmlestia</strong></span> <span class='ocrx_word' id='word_1_247' title='bbox 986 3396 1257 3452; x_wconf 87' lang='lat' dir='ltr'><strong>infantem</strong></span> <span class='ocrx_word' id='word_1_248' title='bbox 1309 3412 1420 3451; x_wconf 91' lang='lat' dir='ltr'><strong>non</strong></span> <span class='ocrx_word' id='word_1_249' title='bbox 1461 3402 1732 3464; x_wconf 89' lang='lat' dir='ltr'><strong>cerneret,</strong></span> <span class='ocrx_word' id='word_1_250' title='bbox 1779 3395 1956 3452; x_wconf 70' lang='lat' dir='ltr'><strong>astatis</strong></span> <span class='ocrx_word' id='word_1_251' title='bbox 1981 3411 2096 3451; x_wconf 75' lang='lat' dir='ltr'><strong>suae</strong></span> 
     </span>
    </p>
   </div>
   <div class='ocr_carea' id='block_1_37' title="bbox 488 3484 2096 3558">
    <p class='ocr_par' dir='ltr' id='par_1_37' title="bbox 488 3484 2096 3558">
     <span class='ocr_line' id='line_1_37' title="bbox 488 3484 2096 3558; baseline -0.001 -17"><span class='ocrx_word' id='word_1_252' title='bbox 488 3488 634 3548; x_wconf 80' lang='lat'><strong>916</strong></span> <span class='ocrx_word' id='word_1_253' title='bbox 663 3484 732 3541; x_wconf 87' lang='lat' dir='ltr'><strong>ad</strong></span> <span class='ocrx_word' id='word_1_254' title='bbox 762 3484 880 3543; x_wconf 67' lang='lat' dir='ltr'><strong>hac</strong></span> <span class='ocrx_word' id='word_1_255' title='bbox 909 3486 1376 3558; x_wconf 88' lang='lat' dir='ltr'><strong>comparationem</strong></span> <span class='ocrx_word' id='word_1_256' title='bbox 1406 3485 1563 3541; x_wconf 93' lang='lat' dir='ltr'><strong>nullo</strong></span> <span class='ocrx_word' id='word_1_257' title='bbox 1595 3484 1760 3542; x_wconf 92' lang='lat' dir='ltr'><strong>modo</strong></span> <span class='ocrx_word' id='word_1_258' title='bbox 1788 3485 2096 3558; x_wconf 64' lang='lat' dir='ltr'><strong>praemisis—</strong></span> 
     </span>
    </p>
   </div>
   <div class='ocr_carea' id='block_1_38' title="bbox 487 3583 2096 3657">
    <p class='ocr_par' dir='ltr' id='par_1_38' title="bbox 487 3583 2096 3657">
     <span class='ocr_line' id='line_1_38' title="bbox 487 3583 2096 3657; baseline -0.001 -16"><span class='ocrx_word' id='word_1_259' title='bbox 487 3591 590 3653; x_wconf 89' lang='lat' dir='ltr'><strong>set,</strong></span> <span class='ocrx_word' id='word_1_260' title='bbox 609 3583 834 3641; x_wconf 86' lang='lat' dir='ltr'><strong>dicens:</strong></span> <span class='ocrx_word' id='word_1_261' title='bbox 871 3585 1007 3642; x_wconf 83' lang='lat' dir='ltr'><strong>Cum</strong></span> <span class='ocrx_word' id='word_1_262' title='bbox 1030 3601 1190 3644; x_wconf 85' lang='lat' dir='ltr'><strong>essem</strong></span> <span class='ocrx_word' id='word_1_263' title='bbox 1213 3585 1500 3657; x_wconf 86' lang='lat' dir='ltr'><strong>parvulus,</strong></span> <span class='ocrx_word' id='word_1_264' title='bbox 1533 3583 1783 3655; x_wconf 82' lang='lat' dir='ltr'><strong>loquebar</strong></span> <span class='ocrx_word' id='word_1_265' title='bbox 1809 3590 1869 3639; x_wconf 90' lang='lat' dir='ltr'><strong>ut</strong></span> <span class='ocrx_word' id='word_1_266' title='bbox 1892 3600 2096 3655; x_wconf 74' lang='lat' dir='ltr'><strong>parvu-</strong></span> 
     </span>
    </p>
   </div>
   <div class='ocr_carea' id='block_1_39' title="bbox 489 3671 2090 3746">
    <p class='ocr_par' dir='ltr' id='par_1_39' title="bbox 489 3671 2090 3746">
     <span class='ocr_line' id='line_1_39' title="bbox 489 3671 2090 3746; baseline -0.002 -16"><span class='ocrx_word' id='word_1_267' title='bbox 489 3675 594 3740; x_wconf 85' lang='lat' dir='ltr'><strong>lus,</strong></span> <span class='ocrx_word' id='word_1_268' title='bbox 623 3673 892 3745; x_wconf 88' lang='lat' dir='ltr'><strong>sapiebam</strong></span> <span class='ocrx_word' id='word_1_269' title='bbox 918 3679 980 3729; x_wconf 87' lang='lat' dir='ltr'><strong>ut</strong></span> <span class='ocrx_word' id='word_1_270' title='bbox 1015 3674 1304 3746; x_wconf 85' lang='lat' dir='ltr'><strong>parvulus,</strong></span> <span class='ocrx_word' id='word_1_271' title='bbox 1351 3671 1643 3744; x_wconf 88' lang='lat' dir='ltr'><strong>cogitabam</strong></span> <span class='ocrx_word' id='word_1_272' title='bbox 1696 3679 1756 3729; x_wconf 86' lang='lat' dir='ltr'><strong>ut</strong></span> <span class='ocrx_word' id='word_1_273' title='bbox 1802 3675 2090 3746; x_wconf 87' lang='lat' dir='ltr'><strong>parvulus.</strong></span> 
     </span>
    </p>
   </div>
   <div class='ocr_carea' id='block_1_40' title="bbox 459 3759 2094 3835">
    <p class='ocr_par' dir='ltr' id='par_1_40' title="bbox 459 3759 2094 3835">
     <span class='ocr_line' id='line_1_40' title="bbox 459 3759 2094 3835; baseline -0.001 -18"><span class='ocrx_word' id='word_1_274' title='bbox 459 3761 642 3820; x_wconf 84' lang='lat' dir='ltr'><strong>&#39;Tuuc</strong></span> <span class='ocrx_word' id='word_1_275' title='bbox 655 3777 785 3835; x_wconf 90' lang='lat' dir='ltr'><strong>ergo</strong></span> <span class='ocrx_word' id='word_1_276' title='bbox 809 3762 879 3820; x_wconf 84' lang='lat' dir='ltr'><strong>ad</strong></span> <span class='ocrx_word' id='word_1_277' title='bbox 900 3762 1071 3820; x_wconf 91' lang='lat' dir='ltr'><strong>robur</strong></span> <span class='ocrx_word' id='word_1_278' title='bbox 1078 3762 1330 3835; x_wconf 85' lang='lat' dir='ltr'><strong>juvenile</strong></span> <span class='ocrx_word' id='word_1_279' title='bbox 1348 3762 1794 3832; x_wconf 89' lang='lat' dir='ltr'><strong>conscendimus,</strong></span> <span class='ocrx_word' id='word_1_280' title='bbox 1815 3779 1943 3820; x_wconf 90' lang='lat' dir='ltr'><strong>cum</strong></span> <span class='ocrx_word' id='word_1_281' title='bbox 1959 3759 2094 3818; x_wconf 89' lang='lat' dir='ltr'><strong>forti</strong></span> 
     </span>
    </p>
   </div>
   <div class='ocr_carea' id='block_1_41' title="bbox 486 3851 2094 3926">
    <p class='ocr_par' dir='ltr' id='par_1_41' title="bbox 486 3851 2094 3926">
     <span class='ocr_line' id='line_1_41' title="bbox 486 3851 2094 3926; baseline 0.002 -19"><span class='ocrx_word' id='word_1_282' title='bbox 486 3867 652 3908; x_wconf 88' lang='lat' dir='ltr'><strong>sensu</strong></span> <span class='ocrx_word' id='word_1_283' title='bbox 678 3867 800 3908; x_wconf 89' lang='lat' dir='ltr'><strong>eam</strong></span> <span class='ocrx_word' id='word_1_284' title='bbox 827 3851 896 3910; x_wconf 83' lang='lat' dir='ltr'><strong>ad</strong></span> <span class='ocrx_word' id='word_1_285' title='bbox 925 3867 1089 3926; x_wconf 91' lang='lat' dir='ltr'><strong>quam</strong></span> <span class='ocrx_word' id='word_1_286' title='bbox 1119 3851 1400 3908; x_wconf 89' lang='lat' dir='ltr'><strong>tendimus</strong></span> <span class='ocrx_word' id='word_1_287' title='bbox 1429 3851 1602 3908; x_wconf 89' lang='lat' dir='ltr'><strong>vitam</strong></span> <span class='ocrx_word' id='word_1_288' title='bbox 1630 3852 1915 3920; x_wconf 88' lang='lat' dir='ltr'><strong>videmus;</strong></span> <span class='ocrx_word' id='word_1_289' title='bbox 1945 3869 2094 3911; x_wconf 89' lang='lat' dir='ltr'><strong>nunc</strong></span> 
     </span>
    </p>
   </div>
   <div class='ocr_carea' id='block_1_42' title="bbox 484 3939 2091 4014">
    <p class='ocr_par' dir='ltr' id='par_1_42' title="bbox 484 3939 2091 4014">
     <span class='ocr_line' id='line_1_42' title="bbox 484 3939 2091 4014; baseline 0.002 -18"><span class='ocrx_word' id='word_1_290' title='bbox 484 3948 668 3996; x_wconf 90' lang='lat' dir='ltr'><strong>autem</strong></span> <span class='ocrx_word' id='word_1_291' title='bbox 699 3940 828 4014; x_wconf 89' lang='lat' dir='ltr'><strong>quia</strong></span> <span class='ocrx_word' id='word_1_292' title='bbox 843 3941 1173 3998; x_wconf 89' lang='lat' dir='ltr'><strong>intentionis</strong></span> <span class='ocrx_word' id='word_1_293' title='bbox 1188 3947 1388 3997; x_wconf 55' lang='lat' dir='ltr'><strong>nostra».</strong></span> <span class='ocrx_word' id='word_1_294' title='bbox 1415 3939 1559 3998; x_wconf 89' lang='lat' dir='ltr'><strong>acies</strong></span> <span class='ocrx_word' id='word_1_295' title='bbox 1587 3957 1683 4014; x_wconf 90' lang='lat' dir='ltr'><strong>per</strong></span> <span class='ocrx_word' id='word_1_296' title='bbox 1710 3941 2091 3999; x_wconf 88' lang='lat' dir='ltr'><strong>inﬁrmitatem</strong></span> 
     </span>
    </p>
   </div>
   <div class='ocr_carea' id='block_1_43' title="bbox 484 4031 2094 4104">
    <p class='ocr_par' dir='ltr' id='par_1_43' title="bbox 484 4031 2094 4104">
     <span class='ocr_line' id='line_1_43' title="bbox 484 4031 2094 4104; baseline -0.001 -15"><span class='ocrx_word' id='word_1_297' title='bbox 484 4048 640 4089; x_wconf 87' lang='lat' dir='ltr'><strong>suam</strong></span> <span class='ocrx_word' id='word_1_298' title='bbox 673 4032 744 4089; x_wconf 85' lang='lat' dir='ltr'><strong>ab</strong></span> <span class='ocrx_word' id='word_1_299' title='bbox 777 4032 999 4088; x_wconf 89' lang='lat' dir='ltr'><strong>interna</strong></span> <span class='ocrx_word' id='word_1_300' title='bbox 1028 4031 1150 4088; x_wconf 90' lang='lat' dir='ltr'><strong>luce</strong></span> <span class='ocrx_word' id='word_1_301' title='bbox 1179 4031 1690 4100; x_wconf 89' lang='lat' dir='ltr'><strong>retunditur,mens</strong></span> <span class='ocrx_word' id='word_1_302' title='bbox 1718 4039 1907 4088; x_wconf 90' lang='lat' dir='ltr'><strong>nostra</strong></span> <span class='ocrx_word' id='word_1_303' title='bbox 1924 4032 2094 4104; x_wconf 88' lang='lat' dir='ltr'><strong>ligata</strong></span> 
     </span>
    </p>
   </div>
   <div class='ocr_carea' id='block_1_44' title="bbox 487 4117 1947 4193">
    <p class='ocr_par' dir='ltr' id='par_1_44' title="bbox 487 4117 1947 4193">
     <span class='ocr_line' id='line_1_44' title="bbox 487 4117 1947 4193; baseline 0.001 -18"><span class='ocrx_word' id='word_1_304' title='bbox 487 4119 738 4178; x_wconf 69' lang='lat' dir='ltr'><strong>infantia</strong></span> <span class='ocrx_word' id='word_1_305' title='bbox 765 4119 965 4193; x_wconf 89' lang='lat' dir='ltr'><strong>pannis</strong></span> <span class='ocrx_word' id='word_1_306' title='bbox 997 4127 1235 4177; x_wconf 89' lang='lat' dir='ltr'><strong>tenetur.</strong></span> <span class='ocrx_word' id='word_1_307' title='bbox 1269 4119 1374 4176; x_wconf 91' lang='lat' dir='ltr'><strong>Ubi</strong></span> <span class='ocrx_word' id='word_1_308' title='bbox 1404 4127 1530 4193; x_wconf 88' lang='lat' dir='ltr'><strong>apte</strong></span> <span class='ocrx_word' id='word_1_309' title='bbox 1553 4117 1947 4193; x_wconf 75' lang='lat' dir='ltr'><strong>subiungitur:</strong></span> 
     </span>
    </p>
   </div>
   <div class='ocr_carea' id='block_1_45' title="bbox 1073 4213 1495 4272">
    <p class='ocr_par' dir='ltr' id='par_1_45' title="bbox 1073 4213 1495 4272">
     <span class='ocr_line' id='line_1_45' title="bbox 1073 4213 1495 4272; baseline 0 0"><span class='ocrx_word' id='word_1_310' title='bbox 1073 4213 1303 4272; x_wconf 84' lang='lat' dir='ltr'><strong>CAPUT</strong></span> <span class='ocrx_word' id='word_1_311' title='bbox 1340 4215 1495 4272; x_wconf 90' lang='lat' dir='ltr'><strong>XXI.</strong></span> 
     </span>
    </p>
   </div>
   <div class='ocr_carea' id='block_1_46' title="bbox 557 4301 1922 4361">
    <p class='ocr_par' dir='ltr' id='par_1_46' title="bbox 557 4301 1922 4361">
     <span class='ocr_line' id='line_1_46' title="bbox 557 4301 1922 4361; baseline -0.002 -1"><span class='ocrx_word' id='word_1_312' title='bbox 557 4301 730 4360; x_wconf 74' lang='lat' dir='ltr'><strong>Vnus.</strong></span> <span class='ocrx_word' id='word_1_313' title='bbox 764 4303 850 4360; x_wconf 89' lang='grc'><strong>10.</strong></span> <span class='ocrx_word' id='word_1_314' title='bbox 879 4333 951 4346; x_wconf 94' lang='grc'><strong>-</strong></span> <span class='ocrx_word' id='word_1_315' title='bbox 983 4303 1322 4361; x_wconf 84' lang='lat' dir='ltr'><strong>Circumdedi</strong></span> <span class='ocrx_word' id='word_1_316' title='bbox 1349 4304 1486 4360; x_wconf 86' lang='lat' dir='ltr'><strong>illud</strong></span> <span class='ocrx_word' id='word_1_317' title='bbox 1509 4301 1747 4358; x_wconf 79' lang='lat' dir='ltr'><strong>terminis</strong></span> <span class='ocrx_word' id='word_1_318' title='bbox 1772 4301 1922 4358; x_wconf 86' lang='lat' dir='ltr'><strong>meis.</strong></span> 
     </span>
    </p>
   </div>
   <div class='ocr_carea' id='block_1_47' title="bbox 558 4389 2092 4464">
    <p class='ocr_par' dir='ltr' id='par_1_47' title="bbox 558 4389 2092 4464">
     <span class='ocr_line' id='line_1_47' title="bbox 558 4389 2092 4464; baseline -0.001 -16"><span class='ocrx_word' id='word_1_319' title='bbox 558 4391 646 4448; x_wconf 68' lang='grc'><strong>45.</strong></span> <span class='ocrx_word' id='word_1_320' title='bbox 670 4390 777 4460; x_wconf 84' lang='lat' dir='ltr'><strong>Qui</strong></span> <span class='ocrx_word' id='word_1_321' title='bbox 798 4391 1008 4448; x_wconf 82' lang='lat' dir='ltr'><strong>termini</strong></span> <span class='ocrx_word' id='word_1_322' title='bbox 1033 4393 1153 4448; x_wconf 80' lang='lat' dir='ltr'><strong>huic</strong></span> <span class='ocrx_word' id='word_1_323' title='bbox 1176 4392 1321 4449; x_wconf 87' lang='lat' dir='ltr'><strong>mari</strong></span> <span class='ocrx_word' id='word_1_324' title='bbox 1345 4391 1529 4464; x_wconf 84' lang='lat' dir='ltr'><strong>positi.</strong></span> <span class='ocrx_word' id='word_1_325' title='bbox 1552 4421 1624 4433; x_wconf 90' lang='lat'><strong><em>—</em></strong></span> <span class='ocrx_word' id='word_1_326' title='bbox 1647 4389 1925 4447; x_wconf 88' lang='lat' dir='ltr'><strong>Terminis</strong></span> <span class='ocrx_word' id='word_1_327' title='bbox 1943 4389 2092 4446; x_wconf 90' lang='lat' dir='ltr'><strong>enim</strong></span> 
     </span>
    </p>
   </div>
   <div class='ocr_carea' id='block_1_48' title="bbox 485 4479 2094 4554">
    <p class='ocr_par' dir='ltr' id='par_1_48' title="bbox 485 4479 2094 4554">
     <span class='ocr_line' id='line_1_48' title="bbox 485 4479 2094 4554; baseline -0.001 -18"><span class='ocrx_word' id='word_1_328' title='bbox 485 4481 602 4538; x_wconf 88' lang='lat' dir='ltr'><strong>suis</strong></span> <span class='ocrx_word' id='word_1_329' title='bbox 620 4480 892 4539; x_wconf 89' lang='lat' dir='ltr'><strong>Dominus</strong></span> <span class='ocrx_word' id='word_1_330' title='bbox 919 4480 1025 4539; x_wconf 86' lang='lat' dir='ltr'><strong>hoc</strong></span> <span class='ocrx_word' id='word_1_331' title='bbox 1052 4497 1200 4539; x_wconf 89' lang='lat' dir='ltr'><strong>mare</strong></span> <span class='ocrx_word' id='word_1_332' title='bbox 1219 4480 1552 4549; x_wconf 88' lang='lat' dir='ltr'><strong>circumdat,</strong></span> <span class='ocrx_word' id='word_1_333' title='bbox 1568 4479 1700 4554; x_wconf 87' lang='lat' dir='ltr'><strong>quia</strong></span> <span class='ocrx_word' id='word_1_334' title='bbox 1717 4494 1815 4537; x_wconf 89' lang='lat' dir='ltr'><strong>cor</strong></span> <span class='ocrx_word' id='word_1_335' title='bbox 1842 4485 2094 4535; x_wconf 89' lang='lat' dir='ltr'><strong>nostrum</strong></span> 
     </span>
    </p>
   </div>
   <div class='ocr_carea' id='block_1_49' title="bbox 486 4567 2092 4644">
    <p class='ocr_par' dir='ltr' id='par_1_49' title="bbox 486 4567 2092 4644">
     <span class='ocr_line' id='line_1_49' title="bbox 486 4567 2092 4644; baseline -0.004 -17"><span class='ocrx_word' id='word_1_336' title='bbox 486 4569 669 4628; x_wconf 89' lang='lat' dir='ltr'><strong>adhuc</strong></span> <span class='ocrx_word' id='word_1_337' title='bbox 685 4569 1057 4644; x_wconf 85' lang='lat' dir='ltr'><strong>corruptionis</strong></span> <span class='ocrx_word' id='word_1_338' title='bbox 1073 4587 1186 4628; x_wconf 68' lang='lat' dir='ltr'><strong>sua</strong></span> <span class='ocrx_word' id='word_1_339' title='bbox 1209 4569 1465 4627; x_wconf 87' lang='lat' dir='ltr'><strong>molestia</strong></span> <span class='ocrx_word' id='word_1_340' title='bbox 1484 4575 1538 4624; x_wconf 93' lang='lat' dir='ltr'><strong>et</strong></span> <span class='ocrx_word' id='word_1_341' title='bbox 1559 4584 1692 4626; x_wconf 92' lang='lat' dir='ltr'><strong>cura</strong></span> <span class='ocrx_word' id='word_1_342' title='bbox 1710 4567 2092 4624; x_wconf 89' lang='lat' dir='ltr'><strong>turbulentum</strong></span> 
     </span>
    </p>
   </div>
   <div class='ocr_carea' id='block_1_50' title="bbox 486 4656 2096 4732">
    <p class='ocr_par' dir='ltr' id='par_1_50' title="bbox 486 4656 2096 4732">
     <span class='ocr_line' id='line_1_50' title="bbox 486 4656 2096 4732; baseline -0.001 -18"><span class='ocrx_word' id='word_1_343' title='bbox 486 4659 590 4715; x_wconf 90' lang='lat' dir='ltr'><strong>sub</strong></span> <span class='ocrx_word' id='word_1_344' title='bbox 619 4674 875 4716; x_wconf 90' lang='lat' dir='ltr'><strong>mensura</strong></span> <span class='ocrx_word' id='word_1_345' title='bbox 896 4658 1386 4732; x_wconf 83' lang='lat' dir='ltr'><strong>contemplationis</strong></span> <span class='ocrx_word' id='word_1_346' title='bbox 1415 4656 1700 4725; x_wconf 87' lang='lat' dir='ltr'><strong>humiliat,</strong></span> <span class='ocrx_word' id='word_1_347' title='bbox 1721 4663 1784 4713; x_wconf 91' lang='lat' dir='ltr'><strong>ut</strong></span> <span class='ocrx_word' id='word_1_348' title='bbox 1815 4656 1946 4713; x_wconf 89' lang='lat' dir='ltr'><strong>licet</strong></span> <span class='ocrx_word' id='word_1_349' title='bbox 1971 4657 2096 4728; x_wconf 91' lang='lat' dir='ltr'><strong>plus</strong></span> 
     </span>
    </p>
   </div>
   <div class='ocr_carea' id='block_1_51' title="bbox 485 4744 2097 4821">
    <p class='ocr_par' dir='ltr' id='par_1_51' title="bbox 485 4744 2097 4821">
     <span class='ocr_line' id='line_1_51' title="bbox 485 4744 2097 4821; baseline -0.002 -17"><span class='ocrx_word' id='word_1_350' title='bbox 485 4755 723 4821; x_wconf 87' lang='lat' dir='ltr'><strong>appetat,</strong></span> <span class='ocrx_word' id='word_1_351' title='bbox 741 4749 889 4806; x_wconf 90' lang='lat' dir='ltr'><strong>ultra</strong></span> <span class='ocrx_word' id='word_1_352' title='bbox 906 4755 1093 4805; x_wconf 90' lang='lat' dir='ltr'><strong>tamen</strong></span> <span class='ocrx_word' id='word_1_353' title='bbox 1113 4763 1278 4820; x_wconf 89' lang='lat' dir='ltr'><strong>quam</strong></span> <span class='ocrx_word' id='word_1_354' title='bbox 1295 4745 1402 4803; x_wconf 87' lang='lat' dir='ltr'><strong>sibi</strong></span> <span class='ocrx_word' id='word_1_355' title='bbox 1422 4744 1748 4804; x_wconf 89' lang='lat' dir='ltr'><strong>conceditur</strong></span> <span class='ocrx_word' id='word_1_356' title='bbox 1767 4761 1879 4801; x_wconf 92' lang='lat' dir='ltr'><strong>non</strong></span> <span class='ocrx_word' id='word_1_357' title='bbox 1895 4760 2097 4802; x_wconf 87' lang='lat' dir='ltr'><strong>ascen-</strong></span> 
     </span>
    </p>
   </div>
   <div class='ocr_carea' id='block_1_52' title="bbox 487 4833 2096 4895">
    <p class='ocr_par' dir='ltr' id='par_1_52' title="bbox 487 4833 2096 4895">
     <span class='ocr_line' id='line_1_52' title="bbox 487 4833 2096 4895; baseline -0.002 -2"><span class='ocrx_word' id='word_1_358' title='bbox 487 4835 600 4893; x_wconf 88' lang='lat' dir='ltr'><strong>dat.</strong></span> <span class='ocrx_word' id='word_1_359' title='bbox 631 4838 735 4894; x_wconf 87' lang='lat' dir='ltr'><strong>Vel</strong></span> <span class='ocrx_word' id='word_1_360' title='bbox 764 4844 911 4895; x_wconf 89' lang='lat' dir='ltr'><strong>certe</strong></span> <span class='ocrx_word' id='word_1_361' title='bbox 939 4833 1196 4893; x_wconf 88' lang='lat' dir='ltr'><strong>terminis</strong></span> <span class='ocrx_word' id='word_1_362' title='bbox 1223 4835 1340 4890; x_wconf 89' lang='lat' dir='ltr'><strong>suis</strong></span> <span class='ocrx_word' id='word_1_363' title='bbox 1366 4833 1638 4890; x_wconf 91' lang='lat' dir='ltr'><strong>Dominus</strong></span> <span class='ocrx_word' id='word_1_364' title='bbox 1666 4834 1772 4892; x_wconf 86' lang='lat' dir='ltr'><strong>hoc</strong></span> <span class='ocrx_word' id='word_1_365' title='bbox 1801 4850 1951 4890; x_wconf 91' lang='lat' dir='ltr'><strong>mare</strong></span> <span class='ocrx_word' id='word_1_366' title='bbox 1975 4834 2096 4892; x_wconf 92' lang='lat' dir='ltr'><strong>cir-</strong></span> 
     </span>
    </p>
   </div>
   <div class='ocr_carea' id='block_1_53' title="bbox 484 4921 2092 5000">
    <p class='ocr_par' dir='ltr' id='par_1_53' title="bbox 484 4921 2092 5000">
     <span class='ocr_line' id='line_1_53' title="bbox 484 4921 2092 5000; baseline -0.002 -17"><span class='ocrx_word' id='word_1_367' title='bbox 484 4926 730 4994; x_wconf 90' lang='lat' dir='ltr'><strong>cumdat,</strong></span> <span class='ocrx_word' id='word_1_368' title='bbox 777 4927 909 5000; x_wconf 89' lang='lat' dir='ltr'><strong>quia</strong></span> <span class='ocrx_word' id='word_1_369' title='bbox 951 4941 1049 4982; x_wconf 94' lang='lat' dir='ltr'><strong>cor</strong></span> <span class='ocrx_word' id='word_1_370' title='bbox 1084 4930 1336 4980; x_wconf 90' lang='lat' dir='ltr'><strong>nostrum</strong></span> <span class='ocrx_word' id='word_1_371' title='bbox 1373 4921 1775 4979; x_wconf 89' lang='lat' dir='ltr'><strong>tentationibus</strong></span> <span class='ocrx_word' id='word_1_372' title='bbox 1814 4922 2092 4980; x_wconf 88' lang='lat' dir='ltr'><strong>tumidum</strong></span> 
     </span>
    </p>
   </div>
   <div class='ocr_carea' id='block_1_54' title="bbox 485 5010 2093 5085">
    <p class='ocr_par' dir='ltr' id='par_1_54' title="bbox 485 5010 2093 5085">
     <span class='ocr_line' id='line_1_54' title="bbox 485 5010 2093 5085; baseline -0.004 -11"><span class='ocrx_word' id='word_1_373' title='bbox 485 5016 720 5074; x_wconf 89' lang='lat' dir='ltr'><strong>occultis</strong></span> <span class='ocrx_word' id='word_1_374' title='bbox 764 5014 1040 5072; x_wconf 90' lang='lat' dir='ltr'><strong>donorum</strong></span> <span class='ocrx_word' id='word_1_375' title='bbox 1090 5010 1583 5069; x_wconf 83' lang='lat' dir='ltr'><strong>distributionibus</strong></span> <span class='ocrx_word' id='word_1_376' title='bbox 1633 5013 1870 5085; x_wconf 85' lang='lat' dir='ltr'><strong>mitigat,</strong></span> <span class='ocrx_word' id='word_1_377' title='bbox 1929 5011 2093 5068; x_wconf 89' lang='lat' dir='ltr'><strong>modo</strong></span> 
     </span>
    </p>
   </div>
   <div class='ocr_carea' id='block_1_55' title="bbox 485 5098 2092 5178">
    <p class='ocr_par' dir='ltr' id='par_1_55' title="bbox 485 5098 2092 5178">
     <span class='ocr_line' id='line_1_55' title="bbox 485 5098 2092 5178; baseline -0.001 -18"><span class='ocrx_word' id='word_1_378' title='bbox 485 5121 652 5178; x_wconf 86' lang='lat' dir='ltr'><strong>agens</strong></span> <span class='ocrx_word' id='word_1_379' title='bbox 682 5121 751 5161; x_wconf 91' lang='lat' dir='ltr'><strong>ne</strong></span> <span class='ocrx_word' id='word_1_380' title='bbox 779 5119 950 5176; x_wconf 87' lang='lat' dir='ltr'><strong>prava</strong></span> <span class='ocrx_word' id='word_1_381' title='bbox 989 5099 1268 5173; x_wconf 88' lang='lat' dir='ltr'><strong>suggestio</strong></span> <span class='ocrx_word' id='word_1_382' title='bbox 1313 5099 1384 5156; x_wconf 88' lang='lat' dir='ltr'><strong>ad</strong></span> <span class='ocrx_word' id='word_1_383' title='bbox 1431 5098 1853 5158; x_wconf 87' lang='lat' dir='ltr'><strong>delectationem</strong></span> <span class='ocrx_word' id='word_1_384' title='bbox 1883 5102 2092 5172; x_wconf 86' lang='lat' dir='ltr'><strong>veniat,</strong></span> 
     </span>
    </p>
   </div>
   <div class='ocr_carea' id='block_1_56' title="bbox 487 5189 2092 5266">
    <p class='ocr_par' dir='ltr' id='par_1_56' title="bbox 487 5189 2092 5266">
     <span class='ocr_line' id='line_1_56' title="bbox 487 5189 2092 5266; baseline -0.002 -16"><span class='ocrx_word' id='word_1_385' title='bbox 487 5194 653 5252; x_wconf 90' lang='lat' dir='ltr'><strong>modo</strong></span> <span class='ocrx_word' id='word_1_386' title='bbox 679 5209 750 5249; x_wconf 89' lang='lat' dir='ltr'><strong>ne</strong></span> <span class='ocrx_word' id='word_1_387' title='bbox 778 5207 948 5266; x_wconf 89' lang='lat' dir='ltr'><strong>prava</strong></span> <span class='ocrx_word' id='word_1_388' title='bbox 973 5189 1270 5247; x_wconf 82' lang='lat' dir='ltr'><strong>delectatio</strong></span> <span class='ocrx_word' id='word_1_389' title='bbox 1306 5205 1481 5263; x_wconf 89' lang='lat' dir='ltr'><strong>usque</strong></span> <span class='ocrx_word' id='word_1_390' title='bbox 1509 5189 1580 5247; x_wconf 89' lang='lat' dir='ltr'><strong>ad</strong></span> <span class='ocrx_word' id='word_1_391' title='bbox 1607 5207 1940 5248; x_wconf 89' lang='lat' dir='ltr'><strong>consensum</strong></span> <span class='ocrx_word' id='word_1_392' title='bbox 1971 5209 2092 5264; x_wconf 86' lang='lat' dir='ltr'><strong>pro-</strong></span> 
     </span>
    </p>
   </div>
   <div class='ocr_carea' id='block_1_57' title="bbox 487 5276 2090 5356">
    <p class='ocr_par' dir='ltr' id='par_1_57' title="bbox 487 5276 2090 5356">
     <span class='ocr_line' id='line_1_57' title="bbox 487 5276 2090 5356; baseline -0.001 -18"><span class='ocrx_word' id='word_1_393' title='bbox 487 5291 725 5356; x_wconf 89' lang='lat' dir='ltr'><strong>rumpat.</strong></span> <span class='ocrx_word' id='word_1_394' title='bbox 759 5281 868 5349; x_wconf 90' lang='lat' dir='ltr'><strong>Qui</strong></span> <span class='ocrx_word' id='word_1_395' title='bbox 911 5296 1040 5352; x_wconf 87' lang='lat' dir='ltr'><strong>ergo</strong></span> <span class='ocrx_word' id='word_1_396' title='bbox 1071 5276 1296 5335; x_wconf 88' lang='lat' dir='ltr'><strong>illicitos</strong></span> <span class='ocrx_word' id='word_1_397' title='bbox 1327 5285 1510 5335; x_wconf 87' lang='lat' dir='ltr'><strong>motus</strong></span> <span class='ocrx_word' id='word_1_398' title='bbox 1537 5278 1720 5336; x_wconf 89' lang='lat' dir='ltr'><strong>cordis</strong></span> <span class='ocrx_word' id='word_1_399' title='bbox 1756 5281 2005 5354; x_wconf 89' lang='lat' dir='ltr'><strong>respicit,</strong></span> <span class='ocrx_word' id='word_1_400' title='bbox 2035 5288 2090 5338; x_wconf 90' lang='lat' dir='ltr'><strong>et</strong></span> 
     </span>
    </p>
   </div>
   <div class='ocr_carea' id='block_1_58' title="bbox 486 5368 2090 5446">
    <p class='ocr_par' dir='ltr' id='par_1_58' title="bbox 486 5368 2090 5446">
     <span class='ocr_line' id='line_1_58' title="bbox 486 5368 2090 5446; baseline -0.002 -18"><span class='ocrx_word' id='word_1_401' title='bbox 486 5369 545 5428; x_wconf 85' lang='lat' dir='ltr'><strong>in</strong></span> <span class='ocrx_word' id='word_1_402' title='bbox 573 5369 905 5446; x_wconf 88' lang='lat' dir='ltr'><strong>quibusdam</strong></span> <span class='ocrx_word' id='word_1_403' title='bbox 934 5383 1026 5422; x_wconf 90' lang='lat' dir='ltr'><strong>eos</strong></span> <span class='ocrx_word' id='word_1_404' title='bbox 1045 5382 1222 5439; x_wconf 88' lang='lat' dir='ltr'><strong>usque</strong></span> <span class='ocrx_word' id='word_1_405' title='bbox 1240 5368 1308 5424; x_wconf 88' lang='lat' dir='ltr'><strong>ad</strong></span> <span class='ocrx_word' id='word_1_406' title='bbox 1328 5385 1656 5426; x_wconf 87' lang='lat' dir='ltr'><strong>consensum</strong></span> <span class='ocrx_word' id='word_1_407' title='bbox 1679 5369 1872 5426; x_wconf 89' lang='lat' dir='ltr'><strong>venire</strong></span> <span class='ocrx_word' id='word_1_408' title='bbox 1903 5369 2090 5442; x_wconf 87' lang='lat' dir='ltr'><strong>prohi-</strong></span> 
     </span>
    </p>
   </div>
   <div class='ocr_carea' id='block_1_59' title="bbox 564 5567 1689 5644">
    <p class='ocr_par' dir='ltr' id='par_1_59' title="bbox 564 5567 1689 5644">
     <span class='ocr_line' id='line_1_59' title="bbox 564 5567 1689 5644; baseline 0.004 -18"><span class='ocrx_word' id='word_1_409' title='bbox 564 5576 577 5608; x_wconf 81' lang='grc'>¹</span> <span class='ocrx_word' id='word_1_410' title='bbox 611 5569 776 5644; x_wconf 75' lang='lat' dir='ltr'><strong>Corb.</strong></span> <span class='ocrx_word' id='word_1_411' title='bbox 811 5567 996 5644; x_wconf 72' lang='lat' dir='ltr'><strong>Germ.</strong></span> <span class='ocrx_word' id='word_1_412' title='bbox 1028 5579 1084 5628; x_wconf 90' lang='lat' dir='ltr'><strong>et</strong></span> <span class='ocrx_word' id='word_1_413' title='bbox 1110 5571 1371 5644; x_wconf 87' lang='lat' dir='ltr'><strong>Vindoc.,</strong></span> <span class='ocrx_word' id='word_1_414' title='bbox 1410 5574 1531 5628; x_wconf 85' lang='lat' dir='ltr'><strong>libet</strong></span> <span class='ocrx_word' id='word_1_415' title='bbox 1550 5573 1689 5644; x_wconf 86' lang='lat' dir='ltr'><strong>jam.</strong></span> 
     </span>
    </p>
   </div>
   <div class='ocr_carea' id='block_1_60' title="bbox 487 5643 2094 5770">
    <p class='ocr_par' dir='ltr' id='par_1_60' title="bbox 487 5643 2094 5770">
     <span class='ocr_line' id='line_1_60' title="bbox 487 5643 2094 5769; baseline 0.001 -71"><span class='ocrx_word' id='word_1_416' title='bbox 487 5713 524 5769; x_wconf 62' lang='grc' dir='ltr'><strong>ἀ</strong></span> <span class='ocrx_word' id='word_1_417' title='bbox 560 5644 582 5677; x_wconf 83' lang='grc'><em>³</em></span> <span class='ocrx_word' id='word_1_418' title='bbox 611 5643 774 5698; x_wconf 87' lang='lat' dir='ltr'><strong>Deest</strong></span> <span class='ocrx_word' id='word_1_419' title='bbox 799 5643 1064 5712; x_wconf 79' lang='lat' dir='ltr'><strong>ﬂuctuans</strong></span> <span class='ocrx_word' id='word_1_420' title='bbox 1091 5644 1148 5700; x_wconf 90' lang='lat' dir='ltr'><strong>in</strong></span> <span class='ocrx_word' id='word_1_421' title='bbox 1178 5643 1342 5701; x_wconf 91' lang='lat' dir='ltr'><strong>Corb.</strong></span> <span class='ocrx_word' id='word_1_422' title='bbox 1381 5643 1594 5713; x_wconf 59' lang='grc' dir='ltr'><strong>ὕει-ιιι,</strong></span> <span class='ocrx_word' id='word_1_423' title='bbox 1624 5646 1826 5702; x_wconf 86' lang='lat' dir='ltr'><strong>Pratel.</strong></span> <span class='ocrx_word' id='word_1_424' title='bbox 1861 5653 1916 5700; x_wconf 87' lang='lat' dir='ltr'><strong>et</strong></span> <span class='ocrx_word' id='word_1_425' title='bbox 1944 5646 2094 5701; x_wconf 80' lang='lat' dir='ltr'><strong>Vin-</strong></span> 
     </span>
     <span class='ocr_line' id='line_1_61' title="bbox 526 5730 613 5770; baseline -0.011 0"><span class='ocrx_word' id='word_1_426' title='bbox 526 5730 613 5770; x_wconf 90' lang='lat' dir='ltr'><strong>oc.</strong></span> 
     </span>
    </p>
   </div>
   <div class='ocr_carea' id='block_1_61' title="bbox 559 5757 2094 5856">
    <p class='ocr_par' dir='ltr' id='par_1_61' title="bbox 559 5757 2094 5856">
     <span class='ocr_line' id='line_1_62' title="bbox 559 5757 2094 5856; baseline 0.002 -15"><span class='ocrx_word' id='word_1_427' title='bbox 559 5757 711 5842; x_wconf 56' lang='lat' dir='ltr'><strong>3mlta.</strong></span> <span class='ocrx_word' id='word_1_428' title='bbox 751 5787 981 5856; x_wconf 90' lang='lat' dir='ltr'><strong>Turon.,</strong></span> <span class='ocrx_word' id='word_1_429' title='bbox 1013 5786 1176 5846; x_wconf 89' lang='lat' dir='ltr'><strong>Corb.</strong></span> <span class='ocrx_word' id='word_1_430' title='bbox 1229 5789 1440 5853; x_wconf 85' lang='lat' dir='ltr'><strong>Germ.,</strong></span> <span class='ocrx_word' id='word_1_431' title='bbox 1499 5788 1698 5854; x_wconf 87' lang='lat' dir='ltr'><strong>Laud.,</strong></span> <span class='ocrx_word' id='word_1_432' title='bbox 1735 5789 1880 5845; x_wconf 87' lang='lat' dir='ltr'><strong>Utic.</strong></span> <span class='ocrx_word' id='word_1_433' title='bbox 1915 5796 1970 5844; x_wconf 90' lang='lat' dir='ltr'><strong>et</strong></span> <span class='ocrx_word' id='word_1_434' title='bbox 1998 5787 2094 5844; x_wconf 89' lang='lat' dir='ltr'><strong>alii</strong></span> 
     </span>
    </p>
   </div>
   <div class='ocr_carea' id='block_1_62' title="bbox 2127 3253 2171 3314">
    <p class='ocr_par' dir='ltr' id='par_1_62' title="bbox 2127 3253 2171 3314">
     <span class='ocr_line' id='line_1_63' title="bbox 2127 3253 2171 3314; baseline 0 0"><span class='ocrx_word' id='word_1_435' title='bbox 2127 3253 2171 3314; x_wconf 78' lang='grc' dir='ltr'><strong>Ο</strong></span> 
     </span>
    </p>
   </div>
   <div class='ocr_carea' id='block_1_63' title="bbox 2126 4621 2174 4682">
    <p class='ocr_par' dir='ltr' id='par_1_63' title="bbox 2126 4621 2174 4682">
     <span class='ocr_line' id='line_1_64' title="bbox 2126 4621 2174 4682; baseline 0 0"><span class='ocrx_word' id='word_1_436' title='bbox 2126 4621 2174 4682; x_wconf 93' lang='lat' dir='ltr'><strong>D</strong></span> 
     </span>
    </p>
   </div>
   <div class='ocr_carea' id='block_1_64' title="bbox 2206 588 3819 665">
    <p class='ocr_par' dir='ltr' id='par_1_64' title="bbox 2206 588 3819 665">
     <span class='ocr_line' id='line_1_65' title="bbox 2206 588 3819 665; baseline 0 -17"><span class='ocrx_word' id='word_1_437' title='bbox 2206 592 2508 665; x_wconf 90' lang='lat' dir='ltr'><strong>restringit,</strong></span> <span class='ocrx_word' id='word_1_438' title='bbox 2539 591 2808 647; x_wconf 88' lang='lat' dir='ltr'><strong>nimirum</strong></span> <span class='ocrx_word' id='word_1_439' title='bbox 2837 590 3044 647; x_wconf 89' lang='lat' dir='ltr'><strong>furenti</strong></span> <span class='ocrx_word' id='word_1_440' title='bbox 3073 589 3213 646; x_wconf 84' lang='lat' dir='ltr'><strong>mari</strong></span> <span class='ocrx_word' id='word_1_441' title='bbox 3241 588 3512 648; x_wconf 87' lang='lat' dir='ltr'><strong>terminos</strong></span> <span class='ocrx_word' id='word_1_442' title='bbox 3546 591 3819 665; x_wconf 91' lang='lat' dir='ltr'><strong>imponit,</strong></span> 
     </span>
    </p>
   </div>
   <div class='ocr_carea' id='block_1_65' title="bbox 2205 678 3822 756">
    <p class='ocr_par' dir='ltr' id='par_1_65' title="bbox 2205 678 3822 756">
     <span class='ocr_line' id='line_1_66' title="bbox 2205 678 3822 756; baseline -0.001 -18"><span class='ocrx_word' id='word_1_443' title='bbox 2205 688 2268 738; x_wconf 89' lang='lat' dir='ltr'><strong>ut</strong></span> <span class='ocrx_word' id='word_1_444' title='bbox 2287 697 2632 756; x_wconf 88' lang='lat' dir='ltr'><strong>nequaquam</strong></span> <span class='ocrx_word' id='word_1_445' title='bbox 2655 681 2713 737; x_wconf 93' lang='lat' dir='ltr'><strong>in</strong></span> <span class='ocrx_word' id='word_1_446' title='bbox 2732 696 2894 754; x_wconf 89' lang='lat' dir='ltr'><strong>opere</strong></span> <span class='ocrx_word' id='word_1_447' title='bbox 2913 686 3092 750; x_wconf 80' lang='lat' dir='ltr'><strong>exeat,</strong></span> <span class='ocrx_word' id='word_1_448' title='bbox 3110 678 3204 736; x_wconf 87' lang='lat' dir='ltr'><strong>sed</strong></span> <span class='ocrx_word' id='word_1_449' title='bbox 3225 678 3373 735; x_wconf 88' lang='lat' dir='ltr'><strong>intra</strong></span> <span class='ocrx_word' id='word_1_450' title='bbox 3401 678 3590 736; x_wconf 91' lang='lat' dir='ltr'><strong>sinum</strong></span> <span class='ocrx_word' id='word_1_451' title='bbox 3611 695 3743 736; x_wconf 89' lang='lat' dir='ltr'><strong>men</strong></span> <span class='ocrx_word' id='word_1_452' title='bbox 3751 681 3822 738; x_wconf 91' lang='lat' dir='ltr'><strong>tis</strong></span> 
     </span>
    </p>
   </div>
   <div class='ocr_carea' id='block_1_66' title="bbox 2205 770 3822 841">
    <p class='ocr_par' dir='ltr' id='par_1_66' title="bbox 2205 770 3822 841">
     <span class='ocr_line' id='line_1_67' title="bbox 2205 770 3822 841; baseline 0 -11"><span class='ocrx_word' id='word_1_453' title='bbox 2205 775 2571 830; x_wconf 90' lang='lat' dir='ltr'><strong>tentationum</strong></span> <span class='ocrx_word' id='word_1_454' title='bbox 2614 772 3070 830; x_wconf 88' lang='lat' dir='ltr'><strong>submurmurans</strong></span> <span class='ocrx_word' id='word_1_455' title='bbox 3117 787 3174 828; x_wconf 90' lang='lat' dir='ltr'><strong>se</strong></span> <span class='ocrx_word' id='word_1_456' title='bbox 3221 770 3370 827; x_wconf 86' lang='lat' dir='ltr'><strong>unda</strong></span> <span class='ocrx_word' id='word_1_457' title='bbox 3396 771 3648 829; x_wconf 81' lang='lat' dir='ltr'><strong>collidat.</strong></span> <span class='ocrx_word' id='word_1_458' title='bbox 3684 772 3822 841; x_wconf 69' lang='lat' dir='ltr'><strong>Qua</strong></span> 
     </span>
    </p>
   </div>
   <div class='ocr_carea' id='block_1_67' title="bbox 2207 859 3822 937">
    <p class='ocr_par' dir='ltr' id='par_1_67' title="bbox 2207 859 3822 937">
     <span class='ocr_line' id='line_1_68' title="bbox 2207 859 3822 937; baseline -0.001 -18"><span class='ocrx_word' id='word_1_459' title='bbox 2207 863 2336 937; x_wconf 90' lang='lat' dir='ltr'><strong>quia</strong></span> <span class='ocrx_word' id='word_1_460' title='bbox 2362 871 2497 920; x_wconf 91' lang='lat' dir='ltr'><strong>tunc</strong></span> <span class='ocrx_word' id='word_1_461' title='bbox 2526 863 2771 918; x_wconf 86' lang='lat' dir='ltr'><strong>valenter</strong></span> <span class='ocrx_word' id='word_1_462' title='bbox 2800 861 3178 934; x_wconf 85' lang='lat' dir='ltr'><strong>restringitur,</strong></span> <span class='ocrx_word' id='word_1_463' title='bbox 3207 877 3335 918; x_wconf 88' lang='lat' dir='ltr'><strong>cum</strong></span> <span class='ocrx_word' id='word_1_464' title='bbox 3364 859 3416 917; x_wconf 91' lang='lat' dir='ltr'><strong>ei</strong></span> <span class='ocrx_word' id='word_1_465' title='bbox 3446 859 3822 919; x_wconf 85' lang='lat' dir='ltr'><strong>delectatione</strong></span> 
     </span>
    </p>
   </div>
   <div class='ocr_carea' id='block_1_68' title="bbox 2206 952 3823 1028">
    <p class='ocr_par' dir='ltr' id='par_1_68' title="bbox 2206 952 3823 1028">
     <span class='ocr_line' id='line_1_69' title="bbox 2206 952 3823 1028; baseline 0.001 -16"><span class='ocrx_word' id='word_1_466' title='bbox 2206 957 2303 1012; x_wconf 88' lang='lat' dir='ltr'><strong>Dei</strong></span> <span class='ocrx_word' id='word_1_467' title='bbox 2333 963 2496 1028; x_wconf 89' lang='lat' dir='ltr'><strong>atque</strong></span> <span class='ocrx_word' id='word_1_468' title='bbox 2526 954 2807 1028; x_wconf 90' lang='lat' dir='ltr'><strong>inspiratis</strong></span> <span class='ocrx_word' id='word_1_469' title='bbox 2841 954 3146 1011; x_wconf 89' lang='lat' dir='ltr'><strong>virtutibus</strong></span> <span class='ocrx_word' id='word_1_470' title='bbox 3174 952 3456 1024; x_wconf 89' lang='lat' dir='ltr'><strong>obviatur,</strong></span> <span class='ocrx_word' id='word_1_471' title='bbox 3483 963 3633 1012; x_wconf 87' lang='lat' dir='ltr'><strong>recte</strong></span> <span class='ocrx_word' id='word_1_472' title='bbox 3676 954 3823 1012; x_wconf 89' lang='lat' dir='ltr'><strong>sub-</strong></span> 
     </span>
    </p>
   </div>
   <div class='ocr_carea' id='block_1_69' title="bbox 2201 1045 2489 1120">
    <p class='ocr_par' dir='ltr' id='par_1_69' title="bbox 2201 1045 2489 1120">
     <span class='ocr_line' id='line_1_70' title="bbox 2201 1045 2489 1120; baseline 0 -18"><span class='ocrx_word' id='word_1_473' title='bbox 2201 1045 2458 1120; x_wconf 88' lang='lat' dir='ltr'><strong>jungitur</strong></span> <span class='ocrx_word' id='word_1_474' title='bbox 2475 1062 2489 1102; x_wconf 90' lang='lat'><strong>:</strong></span> 
     </span>
    </p>
   </div>
   <div class='ocr_carea' id='block_1_70' title="bbox 2775 1133 3226 1194">
    <p class='ocr_par' dir='ltr' id='par_1_70' title="bbox 2775 1133 3226 1194">
     <span class='ocr_line' id='line_1_71' title="bbox 2775 1133 3226 1194; baseline -0.011 0"><span class='ocrx_word' id='word_1_475' title='bbox 2775 1133 3002 1194; x_wconf 82' lang='lat' dir='ltr'><strong>CAPUT</strong></span> <span class='ocrx_word' id='word_1_476' title='bbox 3045 1133 3226 1190; x_wconf 88' lang='lat' dir='ltr'><strong>XXII.</strong></span> 
     </span>
    </p>
   </div>
   <div class='ocr_carea' id='block_1_71' title="bbox 2279 1221 3819 1297">
    <p class='ocr_par' dir='ltr' id='par_1_71' title="bbox 2279 1221 3819 1297">
     <span class='ocr_line' id='line_1_72' title="bbox 2279 1221 3819 1297; baseline -0.005 -16"><span class='ocrx_word' id='word_1_477' title='bbox 2279 1223 2450 1281; x_wconf 70' lang='lat' dir='ltr'><strong>Vens.</strong></span> <span class='ocrx_word' id='word_1_478' title='bbox 2485 1224 2574 1293; x_wconf 92' lang='grc'><strong>10,</strong></span> <span class='ocrx_word' id='word_1_479' title='bbox 2607 1224 2694 1282; x_wconf 89' lang='grc'><strong>11.</strong></span> <span class='ocrx_word' id='word_1_480' title='bbox 2723 1254 2795 1268; x_wconf 92' lang='lat'><strong>-</strong></span> <span class='ocrx_word' id='word_1_481' title='bbox 2821 1227 2897 1282; x_wconf 89' lang='lat' dir='ltr'><strong>Et</strong></span> <span class='ocrx_word' id='word_1_482' title='bbox 2912 1223 3070 1297; x_wconf 83' lang='lat' dir='ltr'><strong>posui</strong></span> <span class='ocrx_word' id='word_1_483' title='bbox 3097 1228 3286 1278; x_wconf 89' lang='lat' dir='ltr'><strong>vectem</strong></span> <span class='ocrx_word' id='word_1_484' title='bbox 3312 1226 3362 1278; x_wconf 90' lang='lat' dir='ltr'><strong>et</strong></span> <span class='ocrx_word' id='word_1_485' title='bbox 3385 1221 3545 1289; x_wconf 87' lang='lat' dir='ltr'><strong>ostia,</strong></span> <span class='ocrx_word' id='word_1_486' title='bbox 3575 1227 3625 1277; x_wconf 87' lang='lat' dir='ltr'><strong>et</strong></span> <span class='ocrx_word' id='word_1_487' title='bbox 3655 1222 3781 1279; x_wconf 67' lang='lat' dir='ltr'><strong>dixi</strong></span> <span class='ocrx_word' id='word_1_488' title='bbox 3807 1241 3819 1252; x_wconf 90' lang='lat'><strong>-</strong></span> 
     </span>
    </p>
   </div>
   <div class='ocr_carea' id='block_1_72' title="bbox 2207 1312 3820 1387">
    <p class='ocr_par' dir='ltr' id='par_1_72' title="bbox 2207 1312 3820 1387">
     <span class='ocr_line' id='line_1_73' title="bbox 2207 1312 3820 1387; baseline -0.001 -17"><span class='ocrx_word' id='word_1_489' title='bbox 2207 1314 2486 1386; x_wconf 85' lang='lat' dir='ltr'><strong>Hucusque</strong></span> <span class='ocrx_word' id='word_1_490' title='bbox 2513 1315 2704 1384; x_wconf 84' lang='lat' dir='ltr'><strong>venies,</strong></span> <span class='ocrx_word' id='word_1_491' title='bbox 2725 1321 2774 1370; x_wconf 87' lang='lat' dir='ltr'><strong>et</strong></span> <span class='ocrx_word' id='word_1_492' title='bbox 2797 1331 2904 1370; x_wconf 87' lang='lat' dir='ltr'><strong>non</strong></span> <span class='ocrx_word' id='word_1_493' title='bbox 2925 1313 3176 1387; x_wconf 80' lang='lat' dir='ltr'><strong>procedes</strong></span> <span class='ocrx_word' id='word_1_494' title='bbox 3203 1312 3472 1385; x_wconf 86' lang='lat' dir='ltr'><strong>amplius;</strong></span> <span class='ocrx_word' id='word_1_495' title='bbox 3503 1319 3552 1369; x_wconf 90' lang='lat' dir='ltr'><strong>et</strong></span> <span class='ocrx_word' id='word_1_496' title='bbox 3569 1312 3654 1368; x_wconf 80' lang='lat' dir='ltr'><strong>hic</strong></span> <span class='ocrx_word' id='word_1_497' title='bbox 3683 1330 3820 1368; x_wconf 89' lang='lat' dir='ltr'><strong>con-</strong></span> 
     </span>
    </p>
   </div>
   <div class='ocr_carea' id='block_1_73' title="bbox 2207 1402 3073 1477">
    <p class='ocr_par' dir='ltr' id='par_1_73' title="bbox 2207 1402 3073 1477">
     <span class='ocr_line' id='line_1_74' title="bbox 2207 1402 3073 1477; baseline 0.002 -19"><span class='ocrx_word' id='word_1_498' title='bbox 2207 1402 2408 1477; x_wconf 79' lang='lat' dir='ltr'><strong>fringes</strong></span> <span class='ocrx_word' id='word_1_499' title='bbox 2441 1411 2688 1460; x_wconf 83' lang='lat' dir='ltr'><strong>tumentes</strong></span> <span class='ocrx_word' id='word_1_500' title='bbox 2714 1408 2904 1476; x_wconf 81' lang='lat' dir='ltr'><strong>fluctus</strong></span> <span class='ocrx_word' id='word_1_501' title='bbox 2937 1411 3073 1461; x_wconf 88' lang='lat' dir='ltr'><strong>tuos.</strong></span> 
     </span>
    </p>
   </div>
   <div class='ocr_carea' id='block_1_74' title="bbox 2279 1491 3820 1568">
    <p class='ocr_par' dir='ltr' id='par_1_74' title="bbox 2279 1491 3820 1568">
     <span class='ocr_line' id='line_1_75' title="bbox 2279 1491 3820 1568; baseline -0.001 -18"><span class='ocrx_word' id='word_1_502' title='bbox 2279 1493 2368 1550; x_wconf 73' lang='grc'><strong>46.</strong></span> <span class='ocrx_word' id='word_1_503' title='bbox 2411 1496 2635 1554; x_wconf 84' lang='lat' dir='ltr'><strong>Virtutes</strong></span> <span class='ocrx_word' id='word_1_504' title='bbox 2664 1495 2888 1568; x_wconf 87' lang='lat' dir='ltr'><strong>dissipat</strong></span> <span class='ocrx_word' id='word_1_505' title='bbox 2922 1494 3064 1551; x_wconf 85' lang='lat' dir='ltr'><strong>illud</strong></span> <span class='ocrx_word' id='word_1_506' title='bbox 3103 1509 3251 1548; x_wconf 90' lang='lat' dir='ltr'><strong>mare</strong></span> <span class='ocrx_word' id='word_1_507' title='bbox 3278 1491 3514 1561; x_wconf 64' lang='lat' dir='ltr'><strong>saeviens,</strong></span> <span class='ocrx_word' id='word_1_508' title='bbox 3545 1493 3652 1549; x_wconf 90' lang='lat' dir='ltr'><strong>nisi</strong></span> <span class='ocrx_word' id='word_1_509' title='bbox 3682 1495 3820 1549; x_wconf 79' lang='lat' dir='ltr'><strong>cha-</strong></span> 
     </span>
    </p>
   </div>
   <div class='ocr_carea' id='block_1_75' title="bbox 2207 1581 3816 1657">
    <p class='ocr_par' dir='ltr' id='par_1_75' title="bbox 2207 1581 3816 1657">
     <span class='ocr_line' id='line_1_76' title="bbox 2207 1581 3816 1657; baseline -0.001 -19"><span class='ocrx_word' id='word_1_510' title='bbox 2207 1583 2366 1639; x_wconf 85' lang='lat' dir='ltr'><strong>ritate</strong></span> <span class='ocrx_word' id='word_1_511' title='bbox 2401 1585 2702 1657; x_wconf 75' lang='lat' dir='ltr'><strong>ﬁrmentur.</strong></span> <span class='ocrx_word' id='word_1_512' title='bbox 2742 1615 2813 1626; x_wconf 91' lang='lat'><strong>—</strong></span> <span class='ocrx_word' id='word_1_513' title='bbox 2841 1583 2987 1652; x_wconf 91' lang='lat' dir='ltr'><strong>Quid</strong></span> <span class='ocrx_word' id='word_1_514' title='bbox 3021 1582 3172 1639; x_wconf 91' lang='lat' dir='ltr'><strong>enim</strong></span> <span class='ocrx_word' id='word_1_515' title='bbox 3213 1581 3498 1638; x_wconf 89' lang='lat' dir='ltr'><strong>moraliter</strong></span> <span class='ocrx_word' id='word_1_516' title='bbox 3523 1597 3621 1655; x_wconf 91' lang='lat' dir='ltr'><strong>per</strong></span> <span class='ocrx_word' id='word_1_517' title='bbox 3649 1581 3816 1649; x_wconf 90' lang='lat' dir='ltr'><strong>ostia,</strong></span> 
     </span>
    </p>
   </div>
   <div class='ocr_carea' id='block_1_76' title="bbox 2207 1671 3818 1750">
    <p class='ocr_par' dir='ltr' id='par_1_76' title="bbox 2207 1671 3818 1750">
     <span class='ocr_line' id='line_1_77' title="bbox 2207 1671 3818 1750; baseline 0 -21"><span class='ocrx_word' id='word_1_518' title='bbox 2207 1673 2316 1730; x_wconf 93' lang='lat' dir='ltr'><strong>nisi</strong></span> <span class='ocrx_word' id='word_1_519' title='bbox 2338 1673 2602 1742; x_wconf 87' lang='lat' dir='ltr'><strong>virtutes;</strong></span> <span class='ocrx_word' id='word_1_520' title='bbox 2635 1674 2774 1750; x_wconf 91' lang='lat' dir='ltr'><strong>quid</strong></span> <span class='ocrx_word' id='word_1_521' title='bbox 2801 1691 2898 1748; x_wconf 91' lang='lat' dir='ltr'><strong>per</strong></span> <span class='ocrx_word' id='word_1_522' title='bbox 2925 1683 3163 1742; x_wconf 90' lang='lat' dir='ltr'><strong>vectem,</strong></span> <span class='ocrx_word' id='word_1_523' title='bbox 3194 1672 3304 1729; x_wconf 90' lang='lat' dir='ltr'><strong>nisi</strong></span> <span class='ocrx_word' id='word_1_524' title='bbox 3334 1671 3504 1729; x_wconf 91' lang='lat' dir='ltr'><strong>robur</strong></span> <span class='ocrx_word' id='word_1_525' title='bbox 3523 1672 3818 1730; x_wconf 87' lang='lat' dir='ltr'><strong>charitatis</strong></span> 
     </span>
    </p>
   </div>
   <div class='ocr_carea' id='block_1_77' title="bbox 2208 1761 3815 1837">
    <p class='ocr_par' dir='ltr' id='par_1_77' title="bbox 2208 1761 3815 1837">
     <span class='ocr_line' id='line_1_78' title="bbox 2208 1761 3815 1837; baseline -0.001 -18"><span class='ocrx_word' id='word_1_526' title='bbox 2208 1763 2559 1836; x_wconf 82' lang='lat' dir='ltr'><strong>accipimus?</strong></span> <span class='ocrx_word' id='word_1_527' title='bbox 2597 1764 2725 1821; x_wconf 61' lang='lat' dir='ltr'><strong>Haec</strong></span> <span class='ocrx_word' id='word_1_528' title='bbox 2768 1765 2950 1837; x_wconf 90' lang='lat' dir='ltr'><strong>itaque</strong></span> <span class='ocrx_word' id='word_1_529' title='bbox 2981 1763 3140 1830; x_wconf 88' lang='lat' dir='ltr'><strong>ostia,</strong></span> <span class='ocrx_word' id='word_1_530' title='bbox 3177 1761 3390 1820; x_wconf 85' lang='lat' dir='ltr'><strong>scilicet</strong></span> <span class='ocrx_word' id='word_1_531' title='bbox 3429 1762 3815 1834; x_wconf 88' lang='lat' dir='ltr'><strong>operationum</strong></span> 
     </span>
    </p>
   </div>
   <div class='ocr_carea' id='block_1_78' title="bbox 2209 1850 3819 1924">
    <p class='ocr_par' dir='ltr' id='par_1_78' title="bbox 2209 1850 3819 1924">
     <span class='ocr_line' id='line_1_79' title="bbox 2209 1850 3819 1924; baseline 0.001 -17"><span class='ocrx_word' id='word_1_532' title='bbox 2209 1853 2611 1922; x_wconf 88' lang='lat' dir='ltr'><strong>virtutes,illnd</strong></span> <span class='ocrx_word' id='word_1_533' title='bbox 2624 1869 2772 1910; x_wconf 89' lang='lat' dir='ltr'><strong>mare</strong></span> <span class='ocrx_word' id='word_1_534' title='bbox 2787 1853 3020 1910; x_wconf 57' lang='lat' dir='ltr'><strong>saeviens</strong></span> <span class='ocrx_word' id='word_1_535' title='bbox 3034 1850 3400 1924; x_wconf 88' lang='lat' dir='ltr'><strong>dissipat,nisi</strong></span> <span class='ocrx_word' id='word_1_536' title='bbox 3413 1867 3585 1907; x_wconf 87' lang='lat' dir='ltr'><strong>easex</strong></span> <span class='ocrx_word' id='word_1_537' title='bbox 3599 1852 3819 1909; x_wconf 86' lang='lat' dir='ltr'><strong>occulto</strong></span> 
     </span>
    </p>
   </div>
   <div class='ocr_carea' id='block_1_79' title="bbox 2211 1941 3817 2015">
    <p class='ocr_par' dir='ltr' id='par_1_79' title="bbox 2211 1941 3817 2015">
     <span class='ocr_line' id='line_1_80' title="bbox 2211 1941 3817 2015; baseline -0.002 -18"><span class='ocrx_word' id='word_1_538' title='bbox 2211 1943 2412 1998; x_wconf 89' lang='lat' dir='ltr'><strong>mentis</strong></span> <span class='ocrx_word' id='word_1_539' title='bbox 2426 1943 2677 2015; x_wconf 90' lang='lat' dir='ltr'><strong>opposita</strong></span> <span class='ocrx_word' id='word_1_540' title='bbox 2692 1943 2932 2000; x_wconf 86' lang='lat' dir='ltr'><strong>cbaritas</strong></span> <span class='ocrx_word' id='word_1_541' title='bbox 2946 1943 3230 2014; x_wconf 89' lang='lat' dir='ltr'><strong>astringat.</strong></span> <span class='ocrx_word' id='word_1_542' title='bbox 3249 1941 3431 1999; x_wconf 82' lang='lat' dir='ltr'><strong>Facile</strong></span> <span class='ocrx_word' id='word_1_543' title='bbox 3447 1949 3633 1998; x_wconf 90' lang='lat' dir='ltr'><strong>autem</strong></span> <span class='ocrx_word' id='word_1_544' title='bbox 3653 1957 3817 1998; x_wconf 87' lang='lat' dir='ltr'><strong>omne</strong></span> 
     </span>
    </p>
   </div>
   <div class='ocr_carea' id='block_1_80' title="bbox 2211 2031 3820 2090">
    <p class='ocr_par' dir='ltr' id='par_1_80' title="bbox 2211 2031 3820 2090">
     <span class='ocr_line' id='line_1_81' title="bbox 2211 2031 3820 2090; baseline 0.001 -4"><span class='ocrx_word' id='word_1_545' title='bbox 2211 2032 2481 2088; x_wconf 89' lang='lat' dir='ltr'><strong>virtutum</strong></span> <span class='ocrx_word' id='word_1_546' title='bbox 2511 2033 2719 2090; x_wconf 88' lang='lat' dir='ltr'><strong>bonum</strong></span> <span class='ocrx_word' id='word_1_547' title='bbox 2749 2034 3051 2090; x_wconf 88' lang='lat' dir='ltr'><strong>tentatione</strong></span> <span class='ocrx_word' id='word_1_548' title='bbox 3078 2031 3263 2090; x_wconf 86' lang='lat' dir='ltr'><strong>cordis</strong></span> <span class='ocrx_word' id='word_1_549' title='bbox 3292 2032 3536 2088; x_wconf 89' lang='lat' dir='ltr'><strong>irruente</strong></span> <span class='ocrx_word' id='word_1_550' title='bbox 3565 2031 3820 2089; x_wconf 89' lang='lat' dir='ltr'><strong>destrui—</strong></span> 
     </span>
    </p>
   </div>
   <div class='ocr_carea' id='block_1_81' title="bbox 2209 2120 3820 2191">
    <p class='ocr_par' dir='ltr' id='par_1_81' title="bbox 2209 2120 3820 2191">
     <span class='ocr_line' id='line_1_82' title="bbox 2209 2120 3820 2191; baseline -0.001 -13"><span class='ocrx_word' id='word_1_551' title='bbox 2209 2129 2322 2191; x_wconf 88' lang='lat' dir='ltr'><strong>tur,</strong></span> <span class='ocrx_word' id='word_1_552' title='bbox 2352 2123 2461 2179; x_wconf 87' lang='lat' dir='ltr'><strong>nisi</strong></span> <span class='ocrx_word' id='word_1_553' title='bbox 2489 2123 2558 2180; x_wconf 91' lang='lat' dir='ltr'><strong>ab</strong></span> <span class='ocrx_word' id='word_1_554' title='bbox 2587 2123 2800 2180; x_wconf 91' lang='lat' dir='ltr'><strong>intimis</strong></span> <span class='ocrx_word' id='word_1_555' title='bbox 2828 2123 2942 2180; x_wconf 86' lang='lat' dir='ltr'><strong>ﬁxa</strong></span> <span class='ocrx_word' id='word_1_556' title='bbox 2968 2123 3236 2181; x_wconf 86' lang='lat' dir='ltr'><strong>charitate</strong></span> <span class='ocrx_word' id='word_1_557' title='bbox 3264 2122 3554 2182; x_wconf 89' lang='lat' dir='ltr'><strong>solidetur.</strong></span> <span class='ocrx_word' id='word_1_558' title='bbox 3575 2120 3732 2178; x_wconf 91' lang='lat' dir='ltr'><strong>Unde</strong></span> <span class='ocrx_word' id='word_1_559' title='bbox 3762 2130 3820 2177; x_wconf 88' lang='lat' dir='ltr'><strong>et</strong></span> 
     </span>
    </p>
   </div>
   <div class='ocr_carea' id='block_1_82' title="bbox 2209 2211 3817 2286">
    <p class='ocr_par' dir='ltr' id='par_1_82' title="bbox 2209 2211 3817 2286">
     <span class='ocr_line' id='line_1_83' title="bbox 2209 2211 3817 2286; baseline 0 -18"><span class='ocrx_word' id='word_1_560' title='bbox 2209 2211 2412 2269; x_wconf 88' lang='lat' dir='ltr'><strong>Paulus</strong></span> <span class='ocrx_word' id='word_1_561' title='bbox 2444 2213 2500 2268; x_wconf 92' lang='lat' dir='ltr'><strong>in</strong></span> <span class='ocrx_word' id='word_1_562' title='bbox 2529 2213 2644 2270; x_wconf 91' lang='lat' dir='ltr'><strong>suis</strong></span> <span class='ocrx_word' id='word_1_563' title='bbox 2673 2213 3159 2286; x_wconf 60' lang='lat' dir='ltr'><strong>praedicationibus</strong></span> <span class='ocrx_word' id='word_1_564' title='bbox 3188 2213 3321 2269; x_wconf 89' lang='lat' dir='ltr'><strong>dum</strong></span> <span class='ocrx_word' id='word_1_565' title='bbox 3351 2211 3604 2286; x_wconf 73' lang='lat' dir='ltr'><strong>quaedam</strong></span> <span class='ocrx_word' id='word_1_566' title='bbox 3639 2213 3817 2268; x_wconf 86' lang='lat' dir='ltr'><strong>virtu-</strong></span> 
     </span>
    </p>
   </div>
   <div class='ocr_carea' id='block_1_83' title="bbox 2207 2298 3816 2373">
    <p class='ocr_par' dir='ltr' id='par_1_83' title="bbox 2207 2298 3816 2373">
     <span class='ocr_line' id='line_1_84' title="bbox 2207 2298 3816 2373; baseline -0.001 -17"><span class='ocrx_word' id='word_1_567' title='bbox 2207 2308 2329 2356; x_wconf 89' lang='lat' dir='ltr'><strong>tum</strong></span> <span class='ocrx_word' id='word_1_568' title='bbox 2375 2300 2514 2356; x_wconf 91' lang='lat' dir='ltr'><strong>ostia</strong></span> <span class='ocrx_word' id='word_1_569' title='bbox 2546 2301 2686 2357; x_wconf 89' lang='lat' dir='ltr'><strong>mari</strong></span> <span class='ocrx_word' id='word_1_570' title='bbox 2711 2300 3032 2358; x_wconf 86' lang='lat' dir='ltr'><strong>tentationis</strong></span> <span class='ocrx_word' id='word_1_571' title='bbox 3069 2306 3392 2373; x_wconf 90' lang='lat' dir='ltr'><strong>opponeret,</strong></span> <span class='ocrx_word' id='word_1_572' title='bbox 3425 2298 3580 2355; x_wconf 87' lang='lat' dir='ltr'><strong>illico</strong></span> <span class='ocrx_word' id='word_1_573' title='bbox 3608 2299 3816 2356; x_wconf 87' lang='lat' dir='ltr'><strong>eisdem</strong></span> 
     </span>
    </p>
   </div>
   <div class='ocr_carea' id='block_1_84' title="bbox 2207 2388 3819 2463">
    <p class='ocr_par' dir='ltr' id='par_1_84' title="bbox 2207 2388 3819 2463">
     <span class='ocr_line' id='line_1_85' title="bbox 2207 2388 3819 2463; baseline -0.002 -17"><span class='ocrx_word' id='word_1_574' title='bbox 2207 2389 2366 2446; x_wconf 88' lang='lat' dir='ltr'><strong>ostiis</strong></span> <span class='ocrx_word' id='word_1_575' title='bbox 2394 2389 2551 2463; x_wconf 87' lang='lat' dir='ltr'><strong>quasi</strong></span> <span class='ocrx_word' id='word_1_576' title='bbox 2589 2391 2758 2448; x_wconf 89' lang='lat' dir='ltr'><strong>robur</strong></span> <span class='ocrx_word' id='word_1_577' title='bbox 2805 2390 2980 2447; x_wconf 87' lang='lat' dir='ltr'><strong>vectis</strong></span> <span class='ocrx_word' id='word_1_578' title='bbox 3025 2388 3304 2461; x_wconf 89' lang='lat' dir='ltr'><strong>adjunxit,</strong></span> <span class='ocrx_word' id='word_1_579' title='bbox 3359 2388 3588 2445; x_wconf 84' lang='lat' dir='ltr'><strong>dicens:</strong></span> <span class='ocrx_word' id='word_1_580' title='bbox 3647 2389 3819 2460; x_wconf 82' lang='lat' dir='ltr'><strong>Super</strong></span> 
     </span>
    </p>
   </div>
   <div class='ocr_carea' id='block_1_85' title="bbox 2208 2479 3817 2550">
    <p class='ocr_par' dir='ltr' id='par_1_85' title="bbox 2208 2479 3817 2550">
     <span class='ocr_line' id='line_1_86' title="bbox 2208 2479 3817 2550; baseline 0 -16"><span class='ocrx_word' id='word_1_581' title='bbox 2208 2479 2387 2535; x_wconf 87' lang='lat' dir='ltr'><strong>omnia</strong></span> <span class='ocrx_word' id='word_1_582' title='bbox 2423 2487 2597 2536; x_wconf 89' lang='lat' dir='ltr'><strong>autem</strong></span> <span class='ocrx_word' id='word_1_583' title='bbox 2625 2481 2732 2536; x_wconf 62' lang='lat' dir='ltr'><strong>haec</strong></span> <span class='ocrx_word' id='word_1_584' title='bbox 2749 2480 3059 2536; x_wconf 76' lang='lat' dir='ltr'><strong>charitatem</strong></span> <span class='ocrx_word' id='word_1_585' title='bbox 3083 2479 3347 2544; x_wconf 83' lang='lat' dir='ltr'><strong>habentes,</strong></span> <span class='ocrx_word' id='word_1_586' title='bbox 3372 2479 3514 2550; x_wconf 85' lang='lat' dir='ltr'><strong>quod</strong></span> <span class='ocrx_word' id='word_1_587' title='bbox 3535 2483 3612 2534; x_wconf 88' lang='lat' dir='ltr'><strong>est</strong></span> <span class='ocrx_word' id='word_1_588' title='bbox 3640 2480 3817 2534; x_wconf 83' lang='lat' dir='ltr'><strong>vincu-</strong></span> 
     </span>
    </p>
   </div>
   <div class='ocr_carea' id='block_1_86' title="bbox 2211 2567 3816 2643">
    <p class='ocr_par' dir='ltr' id='par_1_86' title="bbox 2211 2567 3816 2643">
     <span class='ocr_line' id='line_1_87' title="bbox 2211 2567 3816 2643; baseline -0.001 -17"><span class='ocrx_word' id='word_1_589' title='bbox 2211 2573 2318 2626; x_wconf 88' lang='lat' dir='ltr'><strong>lum</strong></span> <span class='ocrx_word' id='word_1_590' title='bbox 2341 2570 2682 2643; x_wconf 85' lang='lat' dir='ltr'><strong>perfectionis</strong></span> <span class='ocrx_word' id='word_1_591' title='bbox 2713 2570 2943 2642; x_wconf 82' lang='lat' dir='ltr'><strong>(Coloss.</strong></span> <span class='ocrx_word' id='word_1_592' title='bbox 2977 2586 3063 2638; x_wconf 87' lang='grc' dir='ltr'><strong>ιιι,</strong></span> <span class='ocrx_word' id='word_1_593' title='bbox 3096 2569 3208 2642; x_wconf 80' lang='grc'><strong>14).</strong></span> <span class='ocrx_word' id='word_1_594' title='bbox 3259 2567 3620 2626; x_wconf 86' lang='lat' dir='ltr'><strong>Perfectionis</strong></span> <span class='ocrx_word' id='word_1_595' title='bbox 3665 2570 3816 2625; x_wconf 89' lang='lat' dir='ltr'><strong>enim</strong></span> 
     </span>
    </p>
   </div>
   <div class='ocr_carea' id='block_1_87' title="bbox 2208 2661 3815 2737">
    <p class='ocr_par' dir='ltr' id='par_1_87' title="bbox 2208 2661 3815 2737">
     <span class='ocr_line' id='line_1_88' title="bbox 2208 2661 3815 2737; baseline 0 -20"><span class='ocrx_word' id='word_1_596' title='bbox 2208 2663 2496 2720; x_wconf 92' lang='lat' dir='ltr'><strong>vinculum</strong></span> <span class='ocrx_word' id='word_1_597' title='bbox 2524 2661 2768 2719; x_wconf 88' lang='lat' dir='ltr'><strong>charitas</strong></span> <span class='ocrx_word' id='word_1_598' title='bbox 2809 2661 3038 2731; x_wconf 89' lang='lat' dir='ltr'><strong>dicitur,</strong></span> <span class='ocrx_word' id='word_1_599' title='bbox 3069 2661 3199 2736; x_wconf 88' lang='lat' dir='ltr'><strong>quia</strong></span> <span class='ocrx_word' id='word_1_600' title='bbox 3233 2678 3397 2718; x_wconf 92' lang='lat' dir='ltr'><strong>omne</strong></span> <span class='ocrx_word' id='word_1_601' title='bbox 3426 2662 3637 2720; x_wconf 90' lang='lat' dir='ltr'><strong>bonum</strong></span> <span class='ocrx_word' id='word_1_602' title='bbox 3667 2663 3815 2737; x_wconf 89' lang='lat' dir='ltr'><strong>quod</strong></span> 
     </span>
    </p>
   </div>
   <div class='ocr_carea' id='block_1_88' title="bbox 2207 2750 3813 2825">
    <p class='ocr_par' dir='ltr' id='par_1_88' title="bbox 2207 2750 3813 2825">
     <span class='ocr_line' id='line_1_89' title="bbox 2207 2750 3813 2825; baseline -0.001 -18"><span class='ocrx_word' id='word_1_603' title='bbox 2207 2751 2388 2823; x_wconf 89' lang='lat' dir='ltr'><strong>agitur</strong></span> <span class='ocrx_word' id='word_1_604' title='bbox 2419 2750 2687 2807; x_wconf 90' lang='lat' dir='ltr'><strong>nimirum</strong></span> <span class='ocrx_word' id='word_1_605' title='bbox 2718 2767 2814 2825; x_wconf 88' lang='lat' dir='ltr'><strong>per</strong></span> <span class='ocrx_word' id='word_1_606' title='bbox 2834 2750 2986 2806; x_wconf 91' lang='lat' dir='ltr'><strong>illam</strong></span> <span class='ocrx_word' id='word_1_607' title='bbox 3012 2767 3081 2806; x_wconf 90' lang='lat' dir='ltr'><strong>ne</strong></span> <span class='ocrx_word' id='word_1_608' title='bbox 3112 2759 3296 2823; x_wconf 90' lang='lat' dir='ltr'><strong>pereat</strong></span> <span class='ocrx_word' id='word_1_609' title='bbox 3327 2751 3548 2825; x_wconf 89' lang='lat' dir='ltr'><strong>ligatur.</strong></span> <span class='ocrx_word' id='word_1_610' title='bbox 3568 2754 3618 2808; x_wconf 85' lang='lat' dir='ltr'><strong>A</strong></span> <span class='ocrx_word' id='word_1_611' title='bbox 3637 2759 3813 2808; x_wconf 86' lang='lat' dir='ltr'><strong>tenta-</strong></span> 
     </span>
    </p>
   </div>
   <div class='ocr_carea' id='block_1_89' title="bbox 2206 2839 3815 2914">
    <p class='ocr_par' dir='ltr' id='par_1_89' title="bbox 2206 2839 3815 2914">
     <span class='ocr_line' id='line_1_90' title="bbox 2206 2839 3815 2914; baseline 0 -18"><span class='ocrx_word' id='word_1_612' title='bbox 2206 2847 2324 2896; x_wconf 91' lang='lat' dir='ltr'><strong>tore</strong></span> <span class='ocrx_word' id='word_1_613' title='bbox 2356 2856 2593 2914; x_wconf 89' lang='lat' dir='ltr'><strong>namque</strong></span> <span class='ocrx_word' id='word_1_614' title='bbox 2621 2840 2788 2898; x_wconf 90' lang='lat' dir='ltr'><strong>citius</strong></span> <span class='ocrx_word' id='word_1_615' title='bbox 2807 2839 3094 2914; x_wconf 88' lang='lat' dir='ltr'><strong>quodlibet</strong></span> <span class='ocrx_word' id='word_1_616' title='bbox 3119 2856 3257 2912; x_wconf 89' lang='lat' dir='ltr'><strong>opus</strong></span> <span class='ocrx_word' id='word_1_617' title='bbox 3286 2841 3568 2910; x_wconf 90' lang='lat' dir='ltr'><strong>evellitur,</strong></span> <span class='ocrx_word' id='word_1_618' title='bbox 3589 2840 3637 2896; x_wconf 91' lang='lat' dir='ltr'><strong>si</strong></span> <span class='ocrx_word' id='word_1_619' title='bbox 3664 2842 3815 2897; x_wconf 87' lang='lat' dir='ltr'><strong>solu-</strong></span> 
     </span>
    </p>
   </div>
   <div class='ocr_carea' id='block_1_90' title="bbox 2206 2931 3816 2998">
    <p class='ocr_par' dir='ltr' id='par_1_90' title="bbox 2206 2931 3816 2998">
     <span class='ocr_line' id='line_1_91' title="bbox 2206 2931 3816 2998; baseline -0.001 -8"><span class='ocrx_word' id='word_1_620' title='bbox 2206 2939 2326 2990; x_wconf 90' lang='lat' dir='ltr'><strong>tum</strong></span> <span class='ocrx_word' id='word_1_621' title='bbox 2355 2949 2387 2989; x_wconf 91' lang='lat' dir='ltr'><strong>a</strong></span> <span class='ocrx_word' id='word_1_622' title='bbox 2419 2933 2647 2991; x_wconf 89' lang='lat' dir='ltr'><strong>vinculo</strong></span> <span class='ocrx_word' id='word_1_623' title='bbox 2675 2931 2961 2990; x_wconf 86' lang='lat' dir='ltr'><strong>charitatis</strong></span> <span class='ocrx_word' id='word_1_624' title='bbox 3004 2931 3320 2998; x_wconf 86' lang='lat' dir='ltr'><strong>invenitur;</strong></span> <span class='ocrx_word' id='word_1_625' title='bbox 3354 2931 3398 2988; x_wconf 90' lang='lat' dir='ltr'><strong>si</strong></span> <span class='ocrx_word' id='word_1_626' title='bbox 3439 2938 3624 2988; x_wconf 89' lang='lat' dir='ltr'><strong>autem</strong></span> <span class='ocrx_word' id='word_1_627' title='bbox 3661 2948 3816 2988; x_wconf 87' lang='lat' dir='ltr'><strong>mens</strong></span> 
     </span>
    </p>
   </div>
   <div class='ocr_carea' id='block_1_91' title="bbox 2206 3021 3815 3098">
    <p class='ocr_par' dir='ltr' id='par_1_91' title="bbox 2206 3021 3815 3098">
     <span class='ocr_line' id='line_1_92' title="bbox 2206 3021 3815 3098; baseline -0.001 -18"><span class='ocrx_word' id='word_1_628' title='bbox 2206 3022 2305 3080; x_wconf 91' lang='lat' dir='ltr'><strong>Dei</strong></span> <span class='ocrx_word' id='word_1_629' title='bbox 2335 3039 2400 3081; x_wconf 90' lang='lat' dir='ltr'><strong>ac</strong></span> <span class='ocrx_word' id='word_1_630' title='bbox 2425 3023 2666 3098; x_wconf 81' lang='lat' dir='ltr'><strong>proximi</strong></span> <span class='ocrx_word' id='word_1_631' title='bbox 2695 3021 2994 3080; x_wconf 91' lang='lat' dir='ltr'><strong>dilectione</strong></span> <span class='ocrx_word' id='word_1_632' title='bbox 3020 3021 3443 3092; x_wconf 88' lang='lat' dir='ltr'><strong>constringitur,</strong></span> <span class='ocrx_word' id='word_1_633' title='bbox 3470 3037 3597 3078; x_wconf 89' lang='lat' dir='ltr'><strong>cum</strong></span> <span class='ocrx_word' id='word_1_634' title='bbox 3624 3027 3815 3078; x_wconf 88' lang='lat' dir='ltr'><strong>tenta-</strong></span> 
     </span>
    </p>
   </div>
   <div class='ocr_carea' id='block_1_92' title="bbox 2207 3109 3816 3185">
    <p class='ocr_par' dir='ltr' id='par_1_92' title="bbox 2207 3109 3816 3185">
     <span class='ocr_line' id='line_1_93' title="bbox 2207 3109 3816 3185; baseline -0.002 -17"><span class='ocrx_word' id='word_1_635' title='bbox 2207 3113 2423 3170; x_wconf 91' lang='lat' dir='ltr'><strong>tionum</strong></span> <span class='ocrx_word' id='word_1_636' title='bbox 2455 3120 2638 3168; x_wconf 89' lang='lat' dir='ltr'><strong>motus</strong></span> <span class='ocrx_word' id='word_1_637' title='bbox 2665 3111 2926 3185; x_wconf 63' lang='lat' dir='ltr'><strong>quaslibet</strong></span> <span class='ocrx_word' id='word_1_638' title='bbox 2954 3111 3004 3167; x_wconf 91' lang='lat' dir='ltr'><strong>ei</strong></span> <span class='ocrx_word' id='word_1_639' title='bbox 3036 3109 3242 3182; x_wconf 74' lang='lat' dir='ltr'><strong>iniusta</strong></span> <span class='ocrx_word' id='word_1_640' title='bbox 3271 3109 3661 3184; x_wconf 87' lang='lat' dir='ltr'><strong>suggesserint,</strong></span> <span class='ocrx_word' id='word_1_641' title='bbox 3697 3109 3816 3166; x_wconf 82' lang='lat' dir='ltr'><strong>obi-</strong></span> 
     </span>
    </p>
   </div>
   <div class='ocr_carea' id='block_1_93' title="bbox 2208 3200 3816 3274">
    <p class='ocr_par' dir='ltr' id='par_1_93' title="bbox 2208 3200 3816 3274">
     <span class='ocr_line' id='line_1_94' title="bbox 2208 3200 3816 3274; baseline -0.001 -16"><span class='ocrx_word' id='word_1_642' title='bbox 2208 3217 2327 3258; x_wconf 90' lang='lat' dir='ltr'><strong>cem</strong></span> <span class='ocrx_word' id='word_1_643' title='bbox 2351 3217 2407 3258; x_wconf 89' lang='lat' dir='ltr'><strong>se</strong></span> <span class='ocrx_word' id='word_1_644' title='bbox 2437 3201 2552 3258; x_wconf 90' lang='lat' dir='ltr'><strong>illis</strong></span> <span class='ocrx_word' id='word_1_645' title='bbox 2581 3202 2696 3274; x_wconf 91' lang='lat' dir='ltr'><strong>ipsa</strong></span> <span class='ocrx_word' id='word_1_646' title='bbox 2726 3200 2953 3258; x_wconf 89' lang='lat' dir='ltr'><strong>dilectio</strong></span> <span class='ocrx_word' id='word_1_647' title='bbox 2981 3201 3231 3274; x_wconf 87' lang='lat' dir='ltr'><strong>opponit,</strong></span> <span class='ocrx_word' id='word_1_648' title='bbox 3254 3207 3309 3256; x_wconf 90' lang='lat' dir='ltr'><strong>et</strong></span> <span class='ocrx_word' id='word_1_649' title='bbox 3332 3216 3512 3272; x_wconf 75' lang='lat' dir='ltr'><strong>pravae</strong></span> <span class='ocrx_word' id='word_1_650' title='bbox 3533 3200 3816 3256; x_wconf 83' lang='lat' dir='ltr'><strong>suasionis</strong></span> 
     </span>
    </p>
   </div>
   <div class='ocr_carea' id='block_1_94' title="bbox 2211 3290 3810 3363">
    <p class='ocr_par' dir='ltr' id='par_1_94' title="bbox 2211 3290 3810 3363">
     <span class='ocr_line' id='line_1_95' title="bbox 2211 3290 3810 3363; baseline -0.001 -15"><span class='ocrx_word' id='word_1_651' title='bbox 2211 3292 2387 3349; x_wconf 87' lang='lat' dir='ltr'><strong>undas</strong></span> <span class='ocrx_word' id='word_1_652' title='bbox 2401 3292 2672 3349; x_wconf 90' lang='lat' dir='ltr'><strong>virtutum</strong></span> <span class='ocrx_word' id='word_1_653' title='bbox 2689 3292 2848 3348; x_wconf 87' lang='lat' dir='ltr'><strong>ostiis</strong></span> <span class='ocrx_word' id='word_1_654' title='bbox 2877 3309 2944 3348; x_wconf 88' lang='lat' dir='ltr'><strong>ac</strong></span> <span class='ocrx_word' id='word_1_655' title='bbox 2965 3299 3118 3349; x_wconf 88' lang='lat' dir='ltr'><strong>vecte</strong></span> <span class='ocrx_word' id='word_1_656' title='bbox 3150 3291 3336 3348; x_wconf 91' lang='lat' dir='ltr'><strong>intimi</strong></span> <span class='ocrx_word' id='word_1_657' title='bbox 3357 3290 3560 3346; x_wconf 88' lang='lat' dir='ltr'><strong>amoris</strong></span> <span class='ocrx_word' id='word_1_658' title='bbox 3581 3290 3810 3363; x_wconf 82' lang='lat' dir='ltr'><strong>frangit.</strong></span> 
     </span>
    </p>
   </div>
   <div class='ocr_carea' id='block_1_95' title="bbox 2206 3381 3814 3458">
    <p class='ocr_par' dir='ltr' id='par_1_95' title="bbox 2206 3381 3814 3458">
     <span class='ocr_line' id='line_1_96' title="bbox 2206 3381 3814 3458; baseline -0.003 -15"><span class='ocrx_word' id='word_1_659' title='bbox 2206 3381 2345 3458; x_wconf 84' lang='lat' dir='ltr'><strong>[Vet.</strong></span> <span class='ocrx_word' id='word_1_660' title='bbox 2376 3383 2522 3458; x_wconf 82' lang='grc' dir='ltr'><strong>ΧΧ.]</strong></span> <span class='ocrx_word' id='word_1_661' title='bbox 2551 3383 2692 3452; x_wconf 89' lang='lat' dir='ltr'><strong>Quia</strong></span> <span class='ocrx_word' id='word_1_662' title='bbox 2725 3399 2851 3454; x_wconf 90' lang='lat' dir='ltr'><strong>ergo</strong></span> <span class='ocrx_word' id='word_1_663' title='bbox 2879 3381 3151 3439; x_wconf 91' lang='lat' dir='ltr'><strong>Dominus</strong></span> <span class='ocrx_word' id='word_1_664' title='bbox 3178 3398 3276 3454; x_wconf 86' lang='lat' dir='ltr'><strong>per</strong></span> <span class='ocrx_word' id='word_1_665' title='bbox 3303 3381 3582 3454; x_wconf 66' lang='lat' dir='ltr'><strong>inspirata</strong></span> <span class='ocrx_word' id='word_1_666' title='bbox 3611 3381 3814 3440; x_wconf 87' lang='lat' dir='ltr'><strong>chari-</strong></span> 
     </span>
    </p>
   </div>
   <div class='ocr_carea' id='block_1_96' title="bbox 2203 3470 3813 3544">
    <p class='ocr_par' dir='ltr' id='par_1_96' title="bbox 2203 3470 3813 3544">
     <span class='ocr_line' id='line_1_97' title="bbox 2203 3470 3813 3544; baseline -0.002 -14"><span class='ocrx_word' id='word_1_667' title='bbox 2203 3474 2333 3530; x_wconf 88' lang='lat' dir='ltr'><strong>tatis</strong></span> <span class='ocrx_word' id='word_1_668' title='bbox 2353 3472 2740 3530; x_wconf 84' lang='lat' dir='ltr'><strong>fortitudinem</strong></span> <span class='ocrx_word' id='word_1_669' title='bbox 2771 3472 3057 3529; x_wconf 88' lang='lat' dir='ltr'><strong>nascentia</strong></span> <span class='ocrx_word' id='word_1_670' title='bbox 3077 3473 3134 3529; x_wconf 92' lang='lat' dir='ltr'><strong>in</strong></span> <span class='ocrx_word' id='word_1_671' title='bbox 3161 3471 3326 3530; x_wconf 89' lang='lat' dir='ltr'><strong>corde</strong></span> <span class='ocrx_word' id='word_1_672' title='bbox 3355 3470 3494 3528; x_wconf 89' lang='lat' dir='ltr'><strong>vitia</strong></span> <span class='ocrx_word' id='word_1_673' title='bbox 3533 3471 3813 3544; x_wconf 82' lang='lat' dir='ltr'><strong>reprimit,</strong></span> 
     </span>
    </p>
   </div>
   <div class='ocr_carea' id='block_1_97' title="bbox 2205 3559 3814 3634">
    <p class='ocr_par' dir='ltr' id='par_1_97' title="bbox 2205 3559 3814 3634">
     <span class='ocr_line' id='line_1_98' title="bbox 2205 3559 3814 3634; baseline -0.001 -18"><span class='ocrx_word' id='word_1_674' title='bbox 2205 3561 2540 3634; x_wconf 90' lang='lat' dir='ltr'><strong>insurgentis</strong></span> <span class='ocrx_word' id='word_1_675' title='bbox 2557 3563 2723 3618; x_wconf 88' lang='lat' dir='ltr'><strong>maris</strong></span> <span class='ocrx_word' id='word_1_676' title='bbox 2739 3560 3005 3633; x_wconf 86' lang='lat' dir='ltr'><strong>impetum</strong></span> <span class='ocrx_word' id='word_1_677' title='bbox 3024 3577 3120 3633; x_wconf 89' lang='lat' dir='ltr'><strong>per</strong></span> <span class='ocrx_word' id='word_1_678' title='bbox 3134 3559 3385 3617; x_wconf 84' lang='lat' dir='ltr'><strong>obserata</strong></span> <span class='ocrx_word' id='word_1_679' title='bbox 3401 3560 3645 3618; x_wconf 90' lang='lat' dir='ltr'><strong>claustra</strong></span> <span class='ocrx_word' id='word_1_680' title='bbox 3663 3577 3814 3617; x_wconf 88' lang='lat' dir='ltr'><strong>com-</strong></span> 
     </span>
    </p>
   </div>
   <div class='ocr_carea' id='block_1_98' title="bbox 2204 3648 3815 3734">
    <p class='ocr_par' dir='ltr' id='par_1_98' title="bbox 2204 3648 3815 3734">
     <span class='ocr_line' id='line_1_99' title="bbox 2204 3648 3815 3734; baseline -0.001 -26"><span class='ocrx_word' id='word_1_681' title='bbox 2204 3652 2396 3724; x_wconf 88' lang='lat' dir='ltr'><strong>pescit.</strong></span> <span class='ocrx_word' id='word_1_682' title='bbox 2423 3653 2510 3708; x_wconf 91' lang='lat' dir='ltr'><strong>Ira</strong></span> <span class='ocrx_word' id='word_1_683' title='bbox 2517 3651 2758 3734; x_wconf 62' lang='lat' dir='ltr'><strong>fortasse</strong></span> <span class='ocrx_word' id='word_1_684' title='bbox 2778 3651 2838 3707; x_wconf 92' lang='lat' dir='ltr'><strong>in</strong></span> <span class='ocrx_word' id='word_1_685' title='bbox 2857 3651 3077 3708; x_wconf 88' lang='lat' dir='ltr'><strong>occulto</strong></span> <span class='ocrx_word' id='word_1_686' title='bbox 3092 3657 3412 3723; x_wconf 83' lang='lat' dir='ltr'><strong>exasperat;</strong></span> <span class='ocrx_word' id='word_1_687' title='bbox 3439 3648 3536 3706; x_wconf 87' lang='lat' dir='ltr'><strong>sed</strong></span> <span class='ocrx_word' id='word_1_688' title='bbox 3556 3666 3626 3706; x_wconf 90' lang='lat' dir='ltr'><strong>ne</strong></span> <span class='ocrx_word' id='word_1_689' title='bbox 3655 3650 3815 3724; x_wconf 82' lang='lat' dir='ltr'><strong>quies</strong></span> 
     </span>
    </p>
   </div>
   <div class='ocr_carea' id='block_1_99' title="bbox 2203 3738 3813 3814">
    <p class='ocr_par' dir='ltr' id='par_1_99' title="bbox 2203 3738 3813 3814">
     <span class='ocr_line' id='line_1_100' title="bbox 2203 3738 3813 3814; baseline -0.002 -17"><span class='ocrx_word' id='word_1_690' title='bbox 2203 3757 2441 3814; x_wconf 89' lang='lat' dir='ltr'><strong>superna</strong></span> <span class='ocrx_word' id='word_1_691' title='bbox 2468 3740 2747 3814; x_wconf 89' lang='lat' dir='ltr'><strong>perdatur,</strong></span> <span class='ocrx_word' id='word_1_692' title='bbox 2781 3739 3183 3813; x_wconf 85' lang='lat' dir='ltr'><strong>perturbationi</strong></span> <span class='ocrx_word' id='word_1_693' title='bbox 3211 3739 3412 3796; x_wconf 88' lang='lat' dir='ltr'><strong>mentis</strong></span> <span class='ocrx_word' id='word_1_694' title='bbox 3439 3738 3687 3796; x_wconf 82' lang='lat' dir='ltr'><strong>ofﬁcium</strong></span> <span class='ocrx_word' id='word_1_695' title='bbox 3707 3739 3813 3796; x_wconf 84' lang='lat' dir='ltr'><strong>lin-</strong></span> 
     </span>
    </p>
   </div>
   <div class='ocr_carea' id='block_1_100' title="bbox 2205 3827 3813 3903">
    <p class='ocr_par' dir='ltr' id='par_1_100' title="bbox 2205 3827 3813 3903">
     <span class='ocr_line' id='line_1_101' title="bbox 2205 3827 3813 3903; baseline -0.001 -17"><span class='ocrx_word' id='word_1_696' title='bbox 2205 3846 2322 3902; x_wconf 64' lang='lat' dir='ltr'><strong>gnte</strong></span> <span class='ocrx_word' id='word_1_697' title='bbox 2344 3829 2712 3898; x_wconf 87' lang='lat' dir='ltr'><strong>subtrahitur,</strong></span> <span class='ocrx_word' id='word_1_698' title='bbox 2742 3846 2812 3888; x_wconf 89' lang='lat' dir='ltr'><strong>ne</strong></span> <span class='ocrx_word' id='word_1_699' title='bbox 2841 3845 3015 3903; x_wconf 88' lang='lat' dir='ltr'><strong>usque</strong></span> <span class='ocrx_word' id='word_1_700' title='bbox 3041 3828 3111 3886; x_wconf 89' lang='lat' dir='ltr'><strong>ad</strong></span> <span class='ocrx_word' id='word_1_701' title='bbox 3143 3845 3336 3888; x_wconf 91' lang='lat' dir='ltr'><strong>vocem</strong></span> <span class='ocrx_word' id='word_1_702' title='bbox 3359 3834 3543 3896; x_wconf 81' lang='lat' dir='ltr'><strong>exeat,</strong></span> <span class='ocrx_word' id='word_1_703' title='bbox 3572 3827 3723 3901; x_wconf 90' lang='lat' dir='ltr'><strong>quod</strong></span> <span class='ocrx_word' id='word_1_704' title='bbox 3757 3829 3813 3884; x_wconf 90' lang='lat' dir='ltr'><strong>in</strong></span> 
     </span>
    </p>
   </div>
   <div class='ocr_carea' id='block_1_101' title="bbox 2203 3917 3810 3976">
    <p class='ocr_par' dir='ltr' id='par_1_101' title="bbox 2203 3917 3810 3976">
     <span class='ocr_line' id='line_1_102' title="bbox 2203 3917 3810 3976; baseline -0.001 -2"><span class='ocrx_word' id='word_1_705' title='bbox 2203 3917 2330 3974; x_wconf 85' lang='lat' dir='ltr'><strong>sinu</strong></span> <span class='ocrx_word' id='word_1_706' title='bbox 2359 3918 2544 3975; x_wconf 87' lang='lat' dir='ltr'><strong>cordis</strong></span> <span class='ocrx_word' id='word_1_707' title='bbox 2568 3919 2974 3975; x_wconf 89' lang='lat' dir='ltr'><strong>tumultuosum</strong></span> <span class='ocrx_word' id='word_1_708' title='bbox 2994 3925 3173 3976; x_wconf 91' lang='lat' dir='ltr'><strong>sonat.</strong></span> <span class='ocrx_word' id='word_1_709' title='bbox 3205 3917 3455 3976; x_wconf 78' lang='lat' dir='ltr'><strong>Luxuria</strong></span> <span class='ocrx_word' id='word_1_710' title='bbox 3482 3917 3540 3973; x_wconf 92' lang='lat' dir='ltr'><strong>in</strong></span> <span class='ocrx_word' id='word_1_711' title='bbox 3567 3918 3810 3974; x_wconf 88' lang='lat' dir='ltr'><strong>occultis</strong></span> 
     </span>
    </p>
   </div>
   <div class='ocr_carea' id='block_1_102' title="bbox 2203 4007 3814 4080">
    <p class='ocr_par' dir='ltr' id='par_1_102' title="bbox 2203 4007 3814 4080">
     <span class='ocr_line' id='line_1_103' title="bbox 2203 4007 3814 4080; baseline -0.001 -16"><span class='ocrx_word' id='word_1_712' title='bbox 2203 4007 2636 4080; x_wconf 88' lang='lat' dir='ltr'><strong>cogitationibus</strong></span> <span class='ocrx_word' id='word_1_713' title='bbox 2666 4009 2688 4043; x_wconf 74' lang='lat'><strong>‘</strong></span> <span class='ocrx_word' id='word_1_714' title='bbox 2715 4007 3074 4076; x_wconf 86' lang='lat' dir='ltr'><strong>accenditur;</strong></span> <span class='ocrx_word' id='word_1_715' title='bbox 3103 4008 3197 4065; x_wconf 88' lang='lat' dir='ltr'><strong>sed</strong></span> <span class='ocrx_word' id='word_1_716' title='bbox 3225 4025 3294 4066; x_wconf 88' lang='lat' dir='ltr'><strong>ne</strong></span> <span class='ocrx_word' id='word_1_717' title='bbox 3321 4023 3616 4080; x_wconf 83' lang='lat' dir='ltr'><strong>supernam</strong></span> <span class='ocrx_word' id='word_1_718' title='bbox 3639 4023 3814 4063; x_wconf 88' lang='lat' dir='ltr'><strong>mun-</strong></span> 
     </span>
    </p>
   </div>
   <div class='ocr_carea' id='block_1_103' title="bbox 2202 4097 3812 4171">
    <p class='ocr_par' dir='ltr' id='par_1_103' title="bbox 2202 4097 3812 4171">
     <span class='ocr_line' id='line_1_104' title="bbox 2202 4097 3812 4171; baseline 0 -18"><span class='ocrx_word' id='word_1_719' title='bbox 2202 4097 2400 4154; x_wconf 86' lang='lat' dir='ltr'><strong>ditiam</strong></span> <span class='ocrx_word' id='word_1_720' title='bbox 2433 4115 2590 4154; x_wconf 86' lang='lat' dir='ltr'><strong>mens</strong></span> <span class='ocrx_word' id='word_1_721' title='bbox 2619 4099 2858 4167; x_wconf 89' lang='lat' dir='ltr'><strong>amittat,</strong></span> <span class='ocrx_word' id='word_1_722' title='bbox 2897 4106 3172 4171; x_wconf 67' lang='lat' dir='ltr'><strong>conceptae</strong></span> <span class='ocrx_word' id='word_1_723' title='bbox 3200 4097 3572 4155; x_wconf 68' lang='lat' dir='ltr'><strong>immunditiaa</strong></span> <span class='ocrx_word' id='word_1_724' title='bbox 3597 4113 3661 4154; x_wconf 91' lang='lat' dir='ltr'><strong>ea</strong></span> <span class='ocrx_word' id='word_1_725' title='bbox 3690 4114 3812 4171; x_wconf 65' lang='lat' dir='ltr'><strong>quae</strong></span> 
     </span>
    </p>
   </div>
   <div class='ocr_carea' id='block_1_104' title="bbox 2201 4185 3811 4261">
    <p class='ocr_par' dir='ltr' id='par_1_104' title="bbox 2201 4185 3811 4261">
     <span class='ocr_line' id='line_1_105' title="bbox 2201 4185 3811 4261; baseline -0.001 -18"><span class='ocrx_word' id='word_1_726' title='bbox 2201 4187 2461 4244; x_wconf 88' lang='lat' dir='ltr'><strong>famulari</strong></span> <span class='ocrx_word' id='word_1_727' title='bbox 2491 4195 2743 4261; x_wconf 88' lang='lat' dir='ltr'><strong>poterant</strong></span> <span class='ocrx_word' id='word_1_728' title='bbox 2771 4188 3021 4244; x_wconf 88' lang='lat' dir='ltr'><strong>membra</strong></span> <span class='ocrx_word' id='word_1_729' title='bbox 3046 4188 3300 4261; x_wconf 88' lang='lat' dir='ltr'><strong>castigat,</strong></span> <span class='ocrx_word' id='word_1_730' title='bbox 3321 4203 3390 4243; x_wconf 91' lang='lat' dir='ltr'><strong>ne</strong></span> <span class='ocrx_word' id='word_1_731' title='bbox 3410 4203 3585 4260; x_wconf 89' lang='lat' dir='ltr'><strong>usque</strong></span> <span class='ocrx_word' id='word_1_732' title='bbox 3605 4185 3677 4242; x_wconf 89' lang='lat' dir='ltr'><strong>ad</strong></span> <span class='ocrx_word' id='word_1_733' title='bbox 3692 4202 3811 4242; x_wconf 86' lang='lat' dir='ltr'><strong>cor-</strong></span> 
     </span>
    </p>
   </div>
   <div class='ocr_carea' id='block_1_105' title="bbox 2202 4275 3811 4350">
    <p class='ocr_par' dir='ltr' id='par_1_105' title="bbox 2202 4275 3811 4350">
     <span class='ocr_line' id='line_1_106' title="bbox 2202 4275 3811 4350; baseline -0.002 -18"><span class='ocrx_word' id='word_1_734' title='bbox 2202 4277 2516 4350; x_wconf 89' lang='lat' dir='ltr'><strong>ruptionem</strong></span> <span class='ocrx_word' id='word_1_735' title='bbox 2544 4277 2794 4350; x_wconf 90' lang='lat' dir='ltr'><strong>corporis</strong></span> <span class='ocrx_word' id='word_1_736' title='bbox 2833 4277 3058 4334; x_wconf 85' lang='lat' dir='ltr'><strong>exhalet</strong></span> <span class='ocrx_word' id='word_1_737' title='bbox 3083 4277 3228 4334; x_wconf 91' lang='lat' dir='ltr'><strong>fetor</strong></span> <span class='ocrx_word' id='word_1_738' title='bbox 3263 4276 3468 4334; x_wconf 89' lang='lat' dir='ltr'><strong>cordis.</strong></span> <span class='ocrx_word' id='word_1_739' title='bbox 3505 4277 3526 4312; x_wconf 80' lang='grc'><em>⁵</em></span> <span class='ocrx_word' id='word_1_740' title='bbox 3556 4275 3811 4332; x_wconf 79' lang='lat' dir='ltr'><strong>Avaritia</strong></span> 
     </span>
    </p>
   </div>
   <div class='ocr_carea' id='block_1_106' title="bbox 2201 4366 3810 4442">
    <p class='ocr_par' dir='ltr' id='par_1_106' title="bbox 2201 4366 3810 4442">
     <span class='ocr_line' id='line_1_107' title="bbox 2201 4366 3810 4442; baseline -0.002 -18"><span class='ocrx_word' id='word_1_741' title='bbox 2201 4368 2471 4434; x_wconf 86' lang='lat' dir='ltr'><strong>stimulat;</strong></span> <span class='ocrx_word' id='word_1_742' title='bbox 2489 4368 2584 4425; x_wconf 87' lang='lat' dir='ltr'><strong>sed</strong></span> <span class='ocrx_word' id='word_1_743' title='bbox 2599 4384 2668 4424; x_wconf 88' lang='lat' dir='ltr'><strong>ne</strong></span> <span class='ocrx_word' id='word_1_744' title='bbox 2683 4368 2891 4426; x_wconf 73' lang='lat' dir='ltr'><strong>caelesti</strong></span> <span class='ocrx_word' id='word_1_745' title='bbox 2903 4385 3073 4442; x_wconf 89' lang='lat' dir='ltr'><strong>regno</strong></span> <span class='ocrx_word' id='word_1_746' title='bbox 3087 4375 3451 4435; x_wconf 86' lang='lat' dir='ltr'><strong>menscareat,</strong></span> <span class='ocrx_word' id='word_1_747' title='bbox 3465 4371 3555 4430; x_wconf 82' lang='lat'><strong>91</strong></span> <span class='ocrx_word' id='word_1_748' title='bbox 3569 4373 3610 4428; x_wconf 88' lang='lat'><strong>7</strong></span> <span class='ocrx_word' id='word_1_749' title='bbox 3627 4366 3810 4422; x_wconf 77' lang='lat' dir='ltr'><strong>‘intra</strong></span> 
     </span>
    </p>
   </div>
   <div class='ocr_carea' id='block_1_107' title="bbox 2201 4462 3806 4538">
    <p class='ocr_par' dir='ltr' id='par_1_107' title="bbox 2201 4462 3806 4538">
     <span class='ocr_line' id='line_1_108' title="bbox 2201 4462 3806 4538; baseline -0.003 -16"><span class='ocrx_word' id='word_1_750' title='bbox 2201 4466 2440 4522; x_wconf 88' lang='lat' dir='ltr'><strong>claustra</strong></span> <span class='ocrx_word' id='word_1_751' title='bbox 2463 4482 2520 4524; x_wconf 85' lang='lat' dir='ltr'><strong>se</strong></span> <span class='ocrx_word' id='word_1_752' title='bbox 2548 4464 2902 4538; x_wconf 68' lang='lat' dir='ltr'><strong>parcimoniaa</strong></span> <span class='ocrx_word' id='word_1_753' title='bbox 2929 4473 3190 4523; x_wconf 86' lang='lat' dir='ltr'><strong>contenta</strong></span> <span class='ocrx_word' id='word_1_754' title='bbox 3215 4464 3457 4538; x_wconf 91' lang='lat' dir='ltr'><strong>propriis</strong></span> <span class='ocrx_word' id='word_1_755' title='bbox 3486 4464 3644 4537; x_wconf 87' lang='lat' dir='ltr'><strong>ligat,</strong></span> <span class='ocrx_word' id='word_1_756' title='bbox 3664 4479 3733 4519; x_wconf 89' lang='lat' dir='ltr'><strong>ne</strong></span> <span class='ocrx_word' id='word_1_757' title='bbox 3749 4462 3806 4518; x_wconf 92' lang='lat' dir='ltr'><strong>in</strong></span> 
     </span>
    </p>
   </div>
   <div class='ocr_carea' id='block_1_108' title="bbox 2202 4554 3808 4630">
    <p class='ocr_par' dir='ltr' id='par_1_108' title="bbox 2202 4554 3808 4630">
     <span class='ocr_line' id='line_1_109' title="bbox 2202 4554 3808 4630; baseline -0.003 -18"><span class='ocrx_word' id='word_1_758' title='bbox 2202 4571 2374 4630; x_wconf 90' lang='lat' dir='ltr'><strong>pravo</strong></span> <span class='ocrx_word' id='word_1_759' title='bbox 2402 4571 2459 4611; x_wconf 89' lang='lat' dir='ltr'><strong>se</strong></span> <span class='ocrx_word' id='word_1_760' title='bbox 2487 4571 2651 4628; x_wconf 89' lang='lat' dir='ltr'><strong>opere</strong></span> <span class='ocrx_word' id='word_1_761' title='bbox 2687 4555 2902 4625; x_wconf 88' lang='lat' dir='ltr'><strong>dilatet,</strong></span> <span class='ocrx_word' id='word_1_762' title='bbox 2933 4565 2987 4612; x_wconf 92' lang='lat' dir='ltr'><strong>et</strong></span> <span class='ocrx_word' id='word_1_763' title='bbox 3019 4571 3193 4630; x_wconf 87' lang='lat' dir='ltr'><strong>usque</strong></span> <span class='ocrx_word' id='word_1_764' title='bbox 3220 4554 3291 4611; x_wconf 86' lang='lat' dir='ltr'><strong>ad</strong></span> <span class='ocrx_word' id='word_1_765' title='bbox 3320 4554 3626 4612; x_wconf 89' lang='lat' dir='ltr'><strong>exteriores</strong></span> <span class='ocrx_word' id='word_1_766' title='bbox 3653 4559 3808 4610; x_wconf 89' lang='lat' dir='ltr'><strong>actus</strong></span> 
     </span>
    </p>
   </div>
   <div class='ocr_carea' id='block_1_109' title="bbox 2203 4641 3806 4717">
    <p class='ocr_par' dir='ltr' id='par_1_109' title="bbox 2203 4641 3806 4717">
     <span class='ocr_line' id='line_1_110' title="bbox 2203 4641 3806 4717; baseline -0.003 -17"><span class='ocrx_word' id='word_1_767' title='bbox 2203 4643 2434 4700; x_wconf 63' lang='lat' dir='ltr'><strong>internae</strong></span> <span class='ocrx_word' id='word_1_768' title='bbox 2460 4644 2920 4717; x_wconf 62' lang='lat' dir='ltr'><strong>concupiscentiae</strong></span> <span class='ocrx_word' id='word_1_769' title='bbox 2950 4654 3115 4702; x_wconf 70' lang='lat' dir='ltr'><strong>aestus</strong></span> <span class='ocrx_word' id='word_1_770' title='bbox 3145 4643 3396 4702; x_wconf 85' lang='lat' dir='ltr'><strong>exsudet.</strong></span> <span class='ocrx_word' id='word_1_771' title='bbox 3429 4642 3702 4716; x_wconf 88' lang='lat' dir='ltr'><strong>Superbia</strong></span> <span class='ocrx_word' id='word_1_772' title='bbox 3729 4641 3806 4697; x_wconf 82' lang='lat' dir='ltr'><strong>in-</strong></span> 
     </span>
    </p>
   </div>
   <div class='ocr_carea' id='block_1_110' title="bbox 2203 4732 3808 4803">
    <p class='ocr_par' dir='ltr' id='par_1_110' title="bbox 2203 4732 3808 4803">
     <span class='ocr_line' id='line_1_111' title="bbox 2203 4732 3808 4803; baseline -0.001 -14"><span class='ocrx_word' id='word_1_773' title='bbox 2203 4732 2330 4801; x_wconf 84' lang='lat' dir='ltr'><strong>ﬂat;</strong></span> <span class='ocrx_word' id='word_1_774' title='bbox 2362 4733 2458 4792; x_wconf 90' lang='lat' dir='ltr'><strong>sed</strong></span> <span class='ocrx_word' id='word_1_775' title='bbox 2476 4750 2546 4791; x_wconf 91' lang='lat' dir='ltr'><strong>ne</strong></span> <span class='ocrx_word' id='word_1_776' title='bbox 2565 4751 2752 4792; x_wconf 89' lang='lat' dir='ltr'><strong>veram</strong></span> <span class='ocrx_word' id='word_1_777' title='bbox 2781 4734 3166 4792; x_wconf 89' lang='lat' dir='ltr'><strong>celsitudinem</strong></span> <span class='ocrx_word' id='word_1_778' title='bbox 3185 4734 3424 4803; x_wconf 89' lang='lat' dir='ltr'><strong>amittat,</strong></span> <span class='ocrx_word' id='word_1_779' title='bbox 3441 4733 3808 4791; x_wconf 87' lang='lat' dir='ltr'><strong>consideran-</strong></span> 
     </span>
    </p>
   </div>
   <div class='ocr_carea' id='block_1_111' title="bbox 2202 4821 3808 4898">
    <p class='ocr_par' dir='ltr' id='par_1_111' title="bbox 2202 4821 3808 4898">
     <span class='ocr_line' id='line_1_112' title="bbox 2202 4821 3808 4898; baseline 0.001 -20"><span class='ocrx_word' id='word_1_780' title='bbox 2202 4821 2275 4879; x_wconf 91' lang='lat' dir='ltr'><strong>do</strong></span> <span class='ocrx_word' id='word_1_781' title='bbox 2302 4823 2534 4897; x_wconf 89' lang='lat' dir='ltr'><strong>quisque</strong></span> <span class='ocrx_word' id='word_1_782' title='bbox 2563 4824 2693 4898; x_wconf 89' lang='lat' dir='ltr'><strong>quia</strong></span> <span class='ocrx_word' id='word_1_783' title='bbox 2720 4825 2906 4898; x_wconf 90' lang='lat' dir='ltr'><strong>pulvis</strong></span> <span class='ocrx_word' id='word_1_784' title='bbox 2931 4832 3013 4882; x_wconf 90' lang='lat' dir='ltr'><strong>est</strong></span> <span class='ocrx_word' id='word_1_785' title='bbox 3039 4825 3109 4881; x_wconf 87' lang='lat' dir='ltr'><strong>ab</strong></span> <span class='ocrx_word' id='word_1_786' title='bbox 3131 4824 3426 4882; x_wconf 87' lang='lat' dir='ltr'><strong>altitudine</strong></span> <span class='ocrx_word' id='word_1_787' title='bbox 3445 4841 3504 4880; x_wconf 89' lang='lat' dir='ltr'><strong>se</strong></span> <span class='ocrx_word' id='word_1_788' title='bbox 3529 4831 3808 4896; x_wconf 68' lang='lat' dir='ltr'><strong>conceptae</strong></span> 
     </span>
    </p>
   </div>
   <div class='ocr_carea' id='block_1_112' title="bbox 2202 4912 3807 4988">
    <p class='ocr_par' dir='ltr' id='par_1_112' title="bbox 2202 4912 3807 4988">
     <span class='ocr_line' id='line_1_113' title="bbox 2202 4912 3807 4988; baseline -0.001 -19"><span class='ocrx_word' id='word_1_789' title='bbox 2202 4912 2458 4970; x_wconf 88' lang='lat' dir='ltr'><strong>elationis</strong></span> <span class='ocrx_word' id='word_1_790' title='bbox 2483 4912 2763 4983; x_wconf 88' lang='lat' dir='ltr'><strong>humiliat,</strong></span> <span class='ocrx_word' id='word_1_791' title='bbox 2794 4923 3013 4972; x_wconf 89' lang='lat' dir='ltr'><strong>certans</strong></span> <span class='ocrx_word' id='word_1_792' title='bbox 3041 4914 3309 4970; x_wconf 90' lang='lat' dir='ltr'><strong>nimirum</strong></span> <span class='ocrx_word' id='word_1_793' title='bbox 3325 4931 3396 4970; x_wconf 92' lang='lat' dir='ltr'><strong>ne</strong></span> <span class='ocrx_word' id='word_1_794' title='bbox 3423 4913 3573 4988; x_wconf 89' lang='lat' dir='ltr'><strong>quod</strong></span> <span class='ocrx_word' id='word_1_795' title='bbox 3603 4913 3663 4969; x_wconf 93' lang='lat' dir='ltr'><strong>in</strong></span> <span class='ocrx_word' id='word_1_796' title='bbox 3687 4928 3807 4984; x_wconf 87' lang='lat' dir='ltr'><strong>sug-</strong></span> 
     </span>
    </p>
   </div>
   <div class='ocr_carea' id='block_1_113' title="bbox 2202 5001 3806 5076">
    <p class='ocr_par' dir='ltr' id='par_1_113' title="bbox 2202 5001 3806 5076">
     <span class='ocr_line' id='line_1_114' title="bbox 2202 5001 3806 5076; baseline -0.001 -19"><span class='ocrx_word' id='word_1_797' title='bbox 2202 5001 2446 5073; x_wconf 84' lang='lat' dir='ltr'><strong>gestione</strong></span> <span class='ocrx_word' id='word_1_798' title='bbox 2465 5002 2818 5075; x_wconf 86' lang='lat' dir='ltr'><strong>cogitationis</strong></span> <span class='ocrx_word' id='word_1_799' title='bbox 2846 5006 3046 5062; x_wconf 87' lang='lat' dir='ltr'><strong>tolerat</strong></span> <span class='ocrx_word' id='word_1_800' title='bbox 3063 5003 3124 5060; x_wconf 92' lang='lat' dir='ltr'><strong>in</strong></span> <span class='ocrx_word' id='word_1_801' title='bbox 3139 5003 3594 5062; x_wconf 86' lang='lat' dir='ltr'><strong>exercitationem</strong></span> <span class='ocrx_word' id='word_1_802' title='bbox 3625 5001 3806 5076; x_wconf 87' lang='lat' dir='ltr'><strong>operis</strong></span> 
     </span>
    </p>
   </div>
   <div class='ocr_carea' id='block_1_114' title="bbox 2202 5092 3808 5166">
    <p class='ocr_par' dir='ltr' id='par_1_114' title="bbox 2202 5092 3808 5166">
     <span class='ocr_line' id='line_1_115' title="bbox 2202 5092 3808 5166; baseline -0.002 -17"><span class='ocrx_word' id='word_1_803' title='bbox 2202 5100 2472 5166; x_wconf 90' lang='lat' dir='ltr'><strong>erumpat.</strong></span> <span class='ocrx_word' id='word_1_804' title='bbox 2505 5093 2652 5150; x_wconf 90' lang='lat' dir='ltr'><strong>Bene</strong></span> <span class='ocrx_word' id='word_1_805' title='bbox 2679 5109 2808 5166; x_wconf 88' lang='lat' dir='ltr'><strong>ergo</strong></span> <span class='ocrx_word' id='word_1_806' title='bbox 2835 5093 3078 5151; x_wconf 88' lang='lat' dir='ltr'><strong>dicitur:</strong></span> <span class='ocrx_word' id='word_1_807' title='bbox 3110 5093 3276 5150; x_wconf 90' lang='lat' dir='ltr'><strong>Posui</strong></span> <span class='ocrx_word' id='word_1_808' title='bbox 3298 5100 3488 5149; x_wconf 85' lang='lat' dir='ltr'><strong>vectem</strong></span> <span class='ocrx_word' id='word_1_809' title='bbox 3504 5099 3553 5148; x_wconf 88' lang='lat' dir='ltr'><strong>et</strong></span> <span class='ocrx_word' id='word_1_810' title='bbox 3571 5092 3735 5158; x_wconf 82' lang='lat' dir='ltr'><strong>ostia,</strong></span> <span class='ocrx_word' id='word_1_811' title='bbox 3763 5096 3808 5145; x_wconf 87' lang='lat' dir='ltr'><strong>et</strong></span> 
     </span>
    </p>
   </div>
   <div class='ocr_carea' id='block_1_115' title="bbox 2201 5180 3806 5256">
    <p class='ocr_par' dir='ltr' id='par_1_115' title="bbox 2201 5180 3806 5256">
     <span class='ocr_line' id='line_1_116' title="bbox 2201 5180 3806 5256; baseline -0.002 -16"><span class='ocrx_word' id='word_1_812' title='bbox 2201 5181 2356 5240; x_wconf 73' lang='lat' dir='ltr'><strong>diri:</strong></span> <span class='ocrx_word' id='word_1_813' title='bbox 2383 5182 2664 5254; x_wconf 87' lang='lat' dir='ltr'><strong>Hucusque</strong></span> <span class='ocrx_word' id='word_1_814' title='bbox 2692 5183 2882 5252; x_wconf 82' lang='lat' dir='ltr'><strong>venies,</strong></span> <span class='ocrx_word' id='word_1_815' title='bbox 2912 5190 2962 5240; x_wconf 91' lang='lat' dir='ltr'><strong>et</strong></span> <span class='ocrx_word' id='word_1_816' title='bbox 2987 5201 3093 5240; x_wconf 89' lang='lat' dir='ltr'><strong>non</strong></span> <span class='ocrx_word' id='word_1_817' title='bbox 3115 5183 3364 5256; x_wconf 82' lang='lat' dir='ltr'><strong>procedes</strong></span> <span class='ocrx_word' id='word_1_818' title='bbox 3386 5181 3644 5254; x_wconf 84' lang='lat' dir='ltr'><strong>amplius,</strong></span> <span class='ocrx_word' id='word_1_819' title='bbox 3665 5180 3806 5237; x_wconf 81' lang='lat' dir='ltr'><strong>ethic</strong></span> 
     </span>
    </p>
   </div>
   <div class='ocr_carea' id='block_1_116' title="bbox 2201 5271 3807 5347">
    <p class='ocr_par' dir='ltr' id='par_1_116' title="bbox 2201 5271 3807 5347">
     <span class='ocr_line' id='line_1_117' title="bbox 2201 5271 3807 5347; baseline 0 -19"><span class='ocrx_word' id='word_1_820' title='bbox 2201 5271 2502 5346; x_wconf 77' lang='lat' dir='ltr'><strong>confringes</strong></span> <span class='ocrx_word' id='word_1_821' title='bbox 2545 5279 2791 5329; x_wconf 86' lang='lat' dir='ltr'><strong>tumentes</strong></span> <span class='ocrx_word' id='word_1_822' title='bbox 2836 5277 3026 5346; x_wconf 81' lang='lat' dir='ltr'><strong>ﬂuctus</strong></span> <span class='ocrx_word' id='word_1_823' title='bbox 3071 5281 3206 5340; x_wconf 85' lang='lat' dir='ltr'><strong>tuos,</strong></span> <span class='ocrx_word' id='word_1_824' title='bbox 3250 5274 3381 5347; x_wconf 87' lang='lat' dir='ltr'><strong>quia</strong></span> <span class='ocrx_word' id='word_1_825' title='bbox 3419 5271 3554 5328; x_wconf 88' lang='lat' dir='ltr'><strong>dum</strong></span> <span class='ocrx_word' id='word_1_826' title='bbox 3599 5273 3807 5329; x_wconf 87' lang='lat' dir='ltr'><strong>electus</strong></span> 
     </span>
    </p>
   </div>
   <div class='ocr_carea' id='block_1_117' title="bbox 2200 5366 3805 5442">
    <p class='ocr_par' dir='ltr' id='par_1_117' title="bbox 2200 5366 3805 5442">
     <span class='ocr_line' id='line_1_118' title="bbox 2200 5366 3805 5442; baseline -0.001 -19"><span class='ocrx_word' id='word_1_827' title='bbox 2200 5368 2432 5442; x_wconf 87' lang='lat' dir='ltr'><strong>quisque</strong></span> <span class='ocrx_word' id='word_1_828' title='bbox 2460 5375 2515 5424; x_wconf 91' lang='lat' dir='ltr'><strong>et</strong></span> <span class='ocrx_word' id='word_1_829' title='bbox 2543 5375 2786 5424; x_wconf 88' lang='lat' dir='ltr'><strong>tentatur</strong></span> <span class='ocrx_word' id='word_1_830' title='bbox 2809 5368 2984 5437; x_wconf 89' lang='lat' dir='ltr'><strong>vitiis,</strong></span> <span class='ocrx_word' id='word_1_831' title='bbox 3015 5377 3070 5425; x_wconf 90' lang='lat' dir='ltr'><strong>et</strong></span> <span class='ocrx_word' id='word_1_832' title='bbox 3088 5377 3271 5426; x_wconf 88' lang='lat' dir='ltr'><strong>tamen</strong></span> <span class='ocrx_word' id='word_1_833' title='bbox 3302 5366 3480 5425; x_wconf 87' lang='lat' dir='ltr'><strong>facere</strong></span> <span class='ocrx_word' id='word_1_834' title='bbox 3509 5367 3654 5424; x_wconf 88' lang='lat' dir='ltr'><strong>male</strong></span> <span class='ocrx_word' id='word_1_835' title='bbox 3677 5381 3805 5438; x_wconf 88' lang='lat' dir='ltr'><strong>sug-</strong></span> 
     </span>
    </p>
   </div>
   <div class='ocr_carea' id='block_1_118' title="bbox 2201 5571 3639 5724">
    <p class='ocr_par' dir='ltr' id='par_1_118' title="bbox 2201 5571 3639 5724">
     <span class='ocr_line' id='line_1_119' title="bbox 2201 5571 2944 5644; baseline 0 -18"><span class='ocrx_word' id='word_1_836' title='bbox 2201 5571 2402 5643; x_wconf 87' lang='lat' dir='ltr'><strong>legitur</strong></span> <span class='ocrx_word' id='word_1_837' title='bbox 2425 5572 2498 5628; x_wconf 90' lang='lat' dir='ltr'><strong>ad</strong></span> <span class='ocrx_word' id='word_1_838' title='bbox 2525 5572 2944 5644; x_wconf 82' lang='lat' dir='ltr'><strong>contemplanda.</strong></span> 
     </span>
     <span class='ocr_line' id='line_1_120' title="bbox 2276 5641 3639 5724; baseline -0.002 -25"><span class='ocrx_word' id='word_1_839' title='bbox 2276 5646 2296 5724; x_wconf 65' lang='lat' dir='ltr'>f</span> <span class='ocrx_word' id='word_1_840' title='bbox 2328 5643 2491 5724; x_wconf 49' lang='grc' dir='ltr'><strong>(ἔοι-ζ).</strong></span> <span class='ocrx_word' id='word_1_841' title='bbox 2523 5644 2734 5724; x_wconf 69' lang='lat' dir='ltr'><strong>Qerm.,</strong></span> <span class='ocrx_word' id='word_1_842' title='bbox 2759 5642 3010 5724; x_wconf 68' lang='lat' dir='ltr'><strong>Landun.</strong></span> <span class='ocrx_word' id='word_1_843' title='bbox 3044 5651 3098 5699; x_wconf 89' lang='lat' dir='ltr'><strong>et</strong></span> <span class='ocrx_word' id='word_1_844' title='bbox 3119 5643 3352 5724; x_wconf 32' lang='lat' dir='ltr'><strong>“PlrateL,</strong></span> <span class='ocrx_word' id='word_1_845' title='bbox 3383 5641 3639 5698; x_wconf 84' lang='lat' dir='ltr'><strong>accendit.</strong></span> 
     </span>
    </p>
   </div>
   <div class='ocr_carea' id='block_1_119' title="bbox 2274 5715 3225 5782">
    <p class='ocr_par' dir='ltr' id='par_1_119' title="bbox 2274 5715 3225 5782">
     <span class='ocr_line' id='line_1_121' title="bbox 2274 5715 3225 5782; baseline -0.003 -10"><span class='ocrx_word' id='word_1_846' title='bbox 2274 5717 2296 5750; x_wconf 82' lang='grc'><strong>⁵</strong></span> <span class='ocrx_word' id='word_1_847' title='bbox 2327 5715 2490 5772; x_wconf 87' lang='lat' dir='ltr'><strong>Corb.</strong></span> <span class='ocrx_word' id='word_1_848' title='bbox 2523 5715 2734 5782; x_wconf 88' lang='lat' dir='ltr'><strong>Germ.,</strong></span> <span class='ocrx_word' id='word_1_849' title='bbox 2767 5715 2943 5770; x_wconf 87' lang='lat' dir='ltr'><strong>cordis</strong></span> <span class='ocrx_word' id='word_1_850' title='bbox 2970 5715 3225 5770; x_wconf 86' lang='lat' dir='ltr'><strong>avaritia.</strong></span> 
     </span>
    </p>
   </div>
   <div class='ocr_carea' id='block_1_120' title="bbox 2275 5783 3801 5858">
    <p class='ocr_par' dir='ltr' id='par_1_120' title="bbox 2275 5783 3801 5858">
     <span class='ocr_line' id='line_1_122' title="bbox 2275 5783 3801 5858; baseline -0.003 -15"><span class='ocrx_word' id='word_1_851' title='bbox 2275 5789 2296 5822; x_wconf 86' lang='grc'>⁶</span> <span class='ocrx_word' id='word_1_852' title='bbox 2326 5787 2522 5854; x_wconf 86' lang='lat' dir='ltr'><strong>Laud.,</strong></span> <span class='ocrx_word' id='word_1_853' title='bbox 2551 5785 2696 5840; x_wconf 86' lang='lat' dir='ltr'><strong>intra</strong></span> <span class='ocrx_word' id='word_1_854' title='bbox 2743 5787 2981 5842; x_wconf 83' lang='lat' dir='ltr'><strong>claustra</strong></span> <span class='ocrx_word' id='word_1_855' title='bbox 3021 5783 3368 5858; x_wconf 70' lang='lat' dir='ltr'><strong>parcimonite</strong></span> <span class='ocrx_word' id='word_1_856' title='bbox 3393 5790 3635 5842; x_wconf 81' lang='lat' dir='ltr'><strong>contenta</strong></span> <span class='ocrx_word' id='word_1_857' title='bbox 3677 5799 3801 5858; x_wconf 46' lang='lat' dir='ltr'><strong>pro.</strong></span> 
     </span>
    </p>
   </div>
   <div class='ocr_carea' id='block_1_121' title="bbox 487 5857 2581 5933">
    <p class='ocr_par' dir='ltr' id='par_1_121' title="bbox 487 5857 2581 5933">
     <span class='ocr_line' id='line_1_123' title="bbox 487 5857 2581 5933; baseline 0 -19"><span class='ocrx_word' id='word_1_858' title='bbox 487 5857 701 5926; x_wconf 83' lang='lat' dir='ltr'><strong>Norm.,</strong></span> <span class='ocrx_word' id='word_1_859' title='bbox 731 5859 934 5933; x_wconf 85' lang='lat' dir='ltr'><strong>quibus</strong></span> <span class='ocrx_word' id='word_1_860' title='bbox 961 5859 1238 5918; x_wconf 84' lang='lat' dir='ltr'><strong>consentit</strong></span> <span class='ocrx_word' id='word_1_861' title='bbox 1273 5859 1426 5917; x_wconf 91' lang='lat' dir='ltr'><strong>Edit.</strong></span> <span class='ocrx_word' id='word_1_862' title='bbox 1457 5860 1632 5917; x_wconf 88' lang='lat' dir='ltr'><strong>Paris.</strong></span> <span class='ocrx_word' id='word_1_863' title='bbox 1665 5859 1826 5916; x_wconf 76' lang='grc'><strong>1495.</strong></span> <span class='ocrx_word' id='word_1_864' title='bbox 1871 5861 1933 5916; x_wconf 85' lang='lat' dir='ltr'><strong>In</strong></span> <span class='ocrx_word' id='word_1_865' title='bbox 1971 5859 2097 5916; x_wconf 87' lang='lat' dir='ltr'><strong>aliis</strong></span> <span class='ocrx_word' id='word_1_866' title='bbox 2197 5859 2339 5932; x_wconf 88' lang='lat' dir='ltr'><strong>priis</strong></span> <span class='ocrx_word' id='word_1_867' title='bbox 2361 5859 2581 5932; x_wconf 82' lang='lat' dir='ltr'><strong>ligatur.</strong></span> 
     </span>
    </p>
   </div>
  </div>
