3920 6392
165 401 269 459 477
882 396 1257 457 MORALIUM
1293 398 1428 457 LIB.
1472 399 1686 457 XXIX.
1730 431 1795 444 —
1835 402 1909 459 IN
1945 401 2175 461 CAPUT
2211 402 2506 463 XXXVIII
2542 407 2605 463 B.
2645 406 2791 465 10B.
3390 411 3498 468 478

164 536 307 601 gesta
331 526 621 594 renititur,
652 525 809 600 quasi
845 541 995 582 mare
1039 526 1287 583 clausum
1333 532 1569 583 tenetur.
1614 526 1775 595 Quod
1804 531 1857 591 Α
1889 528 2020 597 Quis
2062 529 2316 585 conclusit
2357 530 2507 585 ostiis
2549 547 2717 599 mare,
2749 535 2961 604 quando
2987 535 3307 608 erumpebat,
3339 529 3497 608 quasi

165 620 305 680 918
346 615 455 673 etsi
498 616 651 673 intus
680 615 1037 673 tumultuosis
1079 616 1474 690 cogitationum
1510 616 1770 676 ﬂuctibus
1877 618 1939 674 de
1964 620 2125 675 vulva
2144 619 2458 691 procedam,
2501 625 2557 674 et
2592 626 2808 676 catera.
2848 624 2931 680 Ac
2966 623 3013 679 si
3042 623 3094 680 ei
3120 632 3304 697 aperte
3332 623 3494 681 dice-

164 723 400 774 mentem
433 714 697 787 percutit,
721 722 926 771 statuta
944 724 1127 771 tamen
1156 714 1296 772 bene
1325 714 1553 771 vivendi
1583 715 1771 773 littora
1878 718 2029 765 retur
2059 727 2070 765 :
2105 711 2381 766 Incassum
2410 717 2465 766 te
2493 711 2740 767 exterius
2783 710 2842 765 in
2871 710 3034 767 bonis
3060 712 3320 783 operibus
3348 728 3494 786 pen-

162 821 268 863 non
286 802 538 861 excedit.
578 801 739 870 Quod
760 819 909 859 mare
928 803 1151 877 quidem
1174 803 1233 859 in
1256 813 1473 861 tumore
1500 819 1559 859 se
1582 803 1766 876 erigit,
1877 816 1982 869 sas,
2015 801 2060 856 si
2092 817 2204 857 non
2238 816 2325 857 me
2364 801 2623 869 interius,
2654 800 2752 874 qui
2782 800 2840 856 in
2876 808 2932 856 te
2963 800 3284 858 tentationis
3311 802 3491 859 undas

160 893 248 951 sed
276 892 412 949 dum
443 891 563 948 ﬁxa
591 890 987 950 deliberatione
1023 892 1210 950 cordis
1238 891 1497 961 illiditur,
1530 892 1768 950 fractum
1875 905 2185 961 compesco,
2205 889 2540 946 consideras.
2577 890 2648 947 Ut
2674 889 2823 946 enim
2845 898 2904 946 tu
2925 888 3127 945 ﬂuctus
3146 889 3289 947 ferre
3306 891 3490 962 possis

159 980 316 1041 redit.
350 983 559 1039 Beatus
587 981 758 1054 igitur
785 981 888 1038 Job
917 998 987 1039 ne
1013 982 1120 1039 sibi
1158 982 1367 1040 tribuat
1394 982 1544 1057 quod
1573 989 1768 1040 contra
1875 976 1935 1033 in
1965 993 2147 1049 opere,
2181 994 2315 1033 meas
2343 976 2571 1035 virtutis
2597 987 2698 1047 est,
2727 977 2823 1051 qui
2853 977 3056 1035 ﬂuctus
3074 977 3267 1050 frango
3297 984 3490 1035 tenta-

158 1073 424 1147 procellas
450 1071 638 1129 cordis
665 1071 885 1129 fortiter
934 1079 1063 1141 stat,
1094 1088 1230 1129 voce
1284 1072 1479 1129 divina
1527 1071 1717 1129 audiat
1748 1089 1761 1128 :
1876 1068 2048 1126 tionis
2070 1068 2129 1124 in
2159 1068 2346 1126 corde.

1012 1353 1352 1440 LIBER
1455 1349 2064 1438 VIGESIMUS
2174 1348 2589 1439 NONUS.

153 1513 603 1596 Explicantw'
628 1516 864 1598 capitis
894 1534 1127 1598 xxxviii
1155 1531 1383 1578 versus
1407 1513 1537 1598 duo
1558 1528 1768 1598 supra
1819 1513 2152 1598 _s_:iginti_a
2187 1514 2258 1578 12
2286 1513 2376 1598 ad
2432 1511 2509 1598 3_3
2563 1510 2882 1598 inclusiue
2918 1533 2933 1587 ;
2978 1512 3329 1598 multaque
3379 1512 3487 1598 _do-

226 1590 485 1672 centur,
518 1590 894 1678 prtesértimg
917 1597 995 1659 de
1026 1595 1303 1678 Satanae
1331 1594 1586 1657 artibus
1611 1590 1669 1654 et
1698 1590 1987 1670 insidiis,
2048 1592 2128 1656 de
2155 1596 2399 1673 gratia,
2434 1593 2512 1656 de
2536 1591 3138 1673 przdestinatione,
3172 1590 3481 1672 reproba-

232 1680 403 1741 tione
433 1676 832 1757 occultisque
868 1677 978 1740 Dei
997 1676 1299 1755 j-udiciis.

685 1811 916 1871 CAPUT
952 1812 1246 1870 PRIMUM.
2344 1804 2574 1863 CAPUT
2614 1806 2662 1862 II
2706 1804 2850 1879 [Rem
2902 1805 3010 1880 11].

219 1905 268 1961 1.
313 1903 415 1960 Dei
457 1904 642 1961 Filius
674 1904 731 1959 in
772 1910 968 1960 (eterna
1016 1904 1291 1959 nativitate
1333 1902 1484 1958 nobis
1530 1902 1757 1974 ignotus,
1946 1891 2119 1949 Vnus.
2155 1892 2240 1949 l2.
2272 1922 2344 1935 —
2373 1893 2633 1965 Nunquid
2659 1900 2779 1965 post
2801 1899 2980 1948 ortum
3013 1898 3160 1948 tuum
3183 1894 3486 1966 praecepisti

152 1994 291 2049 nasci
308 1994 486 2051 voluit
516 1994 575 2049 in
606 2000 849 2066 tempore,
882 2000 941 2049 ut
959 2010 1012 2049 se
1040 1994 1357 2049 imitandum
1381 1992 1658 2065 praeberet.
1690 2021 1761 2032 —
1871 1981 2130 2047 diluculo,
2161 1987 2209 2036 et
2235 1981 2508 2037 ostendisti
2535 1999 2754 2038 auram
2784 1983 2957 2038 locum
2984 1997 3140 2037 suum
3162 1984 3190 2038 ?

149 2083 418 2141 Dominus
446 2084 603 2141 Deus
630 2092 820 2140 noster
848 2084 1004 2140 Iesus
1032 2082 1287 2141 Christus
1314 2083 1372 2138 in
1395 2099 1460 2138 eo
1479 2080 1628 2155 quod
1650 2080 1758 2135 vir-
1940 2077 1994 2134 2.
2031 2079 2161 2136 Orto
2193 2078 2443 2149 Domino,
2475 2079 2717 2136 Ecclesia
2747 2085 3002 2151 tanquam
3036 2095 3245 2135 aurora
3273 2097 3309 2134 a
3336 2084 3483 2135 tene-

152 2183 231 2231 tus
266 2181 322 2230 et
348 2174 633 2247 sapientia
659 2174 760 2231 Dei
788 2182 871 2230 est
898 2174 958 2247 (I
985 2174 1110 2230 Cor.
1144 2191 1182 2243 ι,
1208 2173 1321 2246 24),
1352 2172 1421 2229 de
1449 2173 1605 2228 Patre
1635 2178 1761 2227 ante
1792 2187 1840 2248 Β
1870 2167 1981 2223 bris
2010 2168 2068 2224 in
2099 2170 2259 2225 lucem
2287 2169 2817 2227 versa.—Subaudis
2838 2179 2901 2227 ut
2920 2186 3038 2242 ego.
3082 2169 3250 2227 Ortus
3277 2168 3482 2242 quippe

152 2271 393 2337 tempora
420 2273 592 2323 natus
613 2272 714 2333 est;
740 2266 830 2322 vel
857 2264 1043 2338 potius
1073 2264 1204 2338 quia
1238 2266 1254 2299 ¹
1279 2280 1381 2321 nec
1401 2261 1566 2335 coepit
1586 2260 1757 2327 nasci,
1872 2256 2186 2315 divinitatis
2208 2257 2328 2331 ejus
2350 2267 2478 2315 ante
2492 2266 2547 2315 et
2575 2267 2698 2331 post
2720 2276 2832 2315 non
2849 2258 3035 2316 habet.
3059 2258 3162 2317 Cui
3188 2259 3323 2315 dum
3343 2274 3481 2315 sem-

151 2368 243 2409 nec
264 2352 454 2423 desiit,
480 2353 737 2412 dicamus
765 2354 951 2410 verius
978 2370 1196 2426 semper
1214 2361 1393 2410 natus.
1424 2352 1547 2408 Non
1576 2358 1759 2406 autem
1869 2361 1969 2419 per
1987 2363 2103 2404 esse
2126 2355 2209 2404 est
2228 2363 2328 2420 per
2366 2356 2748 2417 seternttatem,
2769 2348 2903 2406 dum
2925 2365 3087 2405 omne
3102 2348 3250 2423 quod
3277 2347 3481 2405 labitur

150 2458 437 2514 possumus
487 2442 673 2501 dicere
717 2459 933 2516 semper
974 2444 1242 2512 nascitur,
1289 2458 1359 2498 ne
1406 2440 1760 2514 imperfectus
1870 2436 2297 2507 circumscribit,
2322 2438 2469 2495 intra
2487 2440 2840 2513 semetipsum
2862 2448 3176 2512 temporum
3195 2438 3479 2496 discursus

150 2529 422 2588 videatur.
457 2533 537 2589 At
556 2548 689 2588 vero
707 2540 770 2588 ut
789 2542 1026 2590 aeternus
1048 2531 1323 2605 designari
1351 2531 1529 2586 valeat
1558 2538 1612 2585 et
1640 2544 1758 2602 per-
1869 2525 2096 2583 claudit.
2130 2527 2297 2584 Ortus
2325 2543 2456 2583 vera
2484 2527 2850 2585 humanitatis
2878 2527 3014 2600 ejus,
3048 2527 3178 2602 quia
3207 2534 3263 2584 et
3289 2527 3475 2599 cmpit,

150 2616 339 2688 fectus,
358 2637 585 2694 semper
606 2620 858 2679 dicamus
876 2631 931 2679 et
950 2630 1129 2690 natus,
1153 2628 1424 2695 quatenus
1440 2629 1493 2676 et
1508 2625 1669 2675 natus
1687 2617 1758 2673 ad
1867 2624 1922 2672 et
1950 2616 2132 2687 desiit,
2185 2625 2240 2675 et
2284 2626 2411 2675 ante
2439 2628 2493 2676 et
2521 2626 2646 2692 post
2676 2618 2879 2677 habere
2910 2637 2943 2676 a
2971 2628 3216 2692 tempore
3246 2616 3475 2689 accepit.

152 2709 547 2780 perfectionem
578 2711 868 2783 pertineat,
886 2719 940 2767 et
963 2726 1180 2783 semper
1197 2709 1267 2766 ad
1287 2708 1671 2774 aeternitatem,
1693 2714 1756 2762 ut
1865 2705 1971 2762 Sed
2001 2708 2150 2781 quia,
2196 2707 2330 2765 dum
2376 2709 2492 2781 ipse
2535 2709 2761 2765 umbras
2816 2716 3016 2766 nostra
3056 2706 3479 2780 temporalitatis

152 2814 484 2873 quocunque
528 2799 695 2855 modo
724 2800 822 2855 illa
849 2799 1236 2867 essentiasine
1266 2806 1513 2870 tempore
1541 2804 1752 2868 tempo-
1864 2801 2125 2872 suscepit,
2159 2801 2345 2858 lumen
2375 2802 2537 2858 nobis
2567 2819 2681 2859 sua:
2711 2801 3038 2859 aeternitatis
3058 2799 3287 2868 infudit,
3309 2800 3480 2856 ‘recte

151 2887 243 2944 rali
264 2888 458 2944 valeat
478 2887 754 2961 designari
769 2904 1039 2957 sermone;
1065 2888 1320 2962 quamvis
1340 2887 1446 2944 hoc
1466 2886 1584 2958 ipso
1604 2885 1753 2959 quod
1863 2897 1985 2961 post
2019 2889 2170 2947 hunc
2193 2898 2377 2947 ortum
2406 2908 2568 2966 quem
2598 2884 2816 2950 creator
2843 2892 2951 2948 sibi
2978 2892 3038 2947 in
3060 2900 3307 2963 tempore
3334 2904 3477 2944 con-

152 2978 456 3050 perfectum
475 2977 979 3047 dicimus,multum
1001 2978 1070 3035 ab
1091 2979 1243 3035 illius
1260 2976 1508 3033 veritatis
1528 2991 1750 3048 expres-
1861 2977 2006 3035 didit
2038 2979 2223 3036 locum
2270 2995 2430 3035 suum
2480 2980 2601 3036 sine
2640 2986 2891 3052 tempore
2941 2995 3140 3035 aurora
3193 2976 3474 3051 cognovit.

150 3067 294 3126 sione
323 3068 642 3137 deviamus,
664 3069 795 3142 quia
813 3068 961 3142 quod
979 3068 1189 3126 factum
1215 3083 1327 3124 non
1348 3074 1430 3122 est
1444 3082 1556 3122 non
1574 3074 1751 3137 potest
1860 3067 2001 3135 Quia
2032 3069 2178 3124 enim
2209 3068 2517 3126 diluculum
2548 3070 2637 3126 vel
2666 3085 2865 3127 aurora
2901 3084 2935 3124 a
2953 3067 3196 3125 tenebris
3215 3068 3275 3124 in
3296 3067 3473 3123 lucem

150 3155 254 3215 dici
282 3158 617 3231 perfectum.
649 3158 722 3214 Et
748 3166 933 3214 tamen
964 3157 1307 3215 inﬁrmitatis
1335 3163 1536 3212 nostra;
1566 3156 1750 3213 verbis
1859 3161 2114 3230 vertitur,
2159 3178 2271 3217 non
2298 3161 2580 3225 immerito
2609 3162 2847 3220 diluculi
2884 3162 2978 3219 vel
3008 3176 3222 3217 aurem
3249 3158 3476 3216 nomine

150 3246 416 3304 Dominus
458 3246 924 3316 condescendens,
969 3246 1047 3303 ait
1076 3264 1088 3303 :
1120 3247 1309 3304 Estote
1335 3245 1578 3317 perfecti,
1616 3246 1751 3301 sicut
1858 3252 2041 3307 omnis
2071 3251 2371 3309 electorum
2403 3253 2652 3310 Ecclesia
2677 3251 3024 3325 designatur.
3072 3252 3197 3322 Ipsa
3236 3263 3477 3322 namque

150 3335 381 3393 etPatcr
408 3342 580 3393 vester
605 3336 821 3393 caelestis
858 3336 1122 3409 perfectus
1168 3341 1245 3392 est
1280 3336 1500 3406 (Matth.
1531 3353 1587 3404 v,
1627 3335 1743 3407 48).
1857 3339 1989 3395 dum
2032 3341 2100 3397 ab
2136 3340 2487 3397 inﬁdelitatis
2534 3349 2695 3399 nocte
2741 3340 2810 3398 ad
2855 3342 3035 3396 lucem
3069 3338 3200 3395 ﬁdei
3229 3337 3472 3404 ducitur,

151 3422 207 3477 In
236 3424 331 3482 illa
358 3426 553 3499 itaque
576 3425 864 3483 nativitate
885 3426 1078 3483 divina
1098 3425 1167 3483 ah
1191 3424 1436 3481 humano
1453 3440 1647 3497 genere
1660 3441 1747 3481 co-
1856 3428 2011 3484 velut
2051 3444 2263 3484 aurorae
2293 3445 2446 3486 more
2475 3430 2533 3486 in
2563 3430 2711 3487 diem
2742 3437 2866 3502 post
2897 3427 3146 3484 tenebras
3182 3425 3473 3500 splendore

153 3516 331 3609 gnosci
358 3532 477 3573 non
509 3523 757 3588 poterat;
791 3515 1023 3588 proinde
1052 3513 1111 3570 in
1142 3514 1485 3571 humanitate
1512 3514 1666 3570 venit
1687 3522 1748 3570 ut
1782 3549 1826 3609 ο
1853 3534 2103 3590 supernae
2130 3518 2400 3576 claritatis
2427 3519 2698 3592 aperitur.
2740 3517 2900 3576 Unde
2944 3524 3001 3574 et
3045 3516 3186 3573 bene
3231 3515 3292 3572 in
3321 3514 3472 3572 Can-

154 3602 447 3676 videretur,
497 3605 676 3662 videri
723 3605 903 3662 voluit
938 3614 1001 3661 ut
1040 3604 1367 3663 imitaretur.
1407 3605 1540 3673 Quae
1567 3604 1748 3661 carnis
1788 3602 1826 3609 “
1856 3606 1985 3663 ticis
2029 3607 2376 3666 canticorum
2423 3607 2630 3665 dicitur
2663 3626 2675 3665 :
2712 3610 2841 3676 Qua:
2877 3613 2955 3663 est
2982 3606 3089 3662 ista
3115 3620 3233 3677 qua:
3253 3620 3471 3676 progre-
3504 3634 3513 3646 ι

152 3694 405 3752 nativitas
433 3695 693 3768 despecta
721 3694 841 3751 visa
865 3702 947 3751 est
975 3694 1315 3767 sapientibus
1344 3694 1572 3762 mundi;
1604 3710 1749 3751 con-
1856 3696 2006 3750 ditur
2036 3696 2196 3768 quasi
2221 3714 2431 3753 aurora
2459 3714 2780 3770 consurgens
2812 3696 2995 3769 (Cant.
3036 3710 3113 3763 vr,
3144 3693 3247 3765 9)?
3273 3692 3472 3749 Sancta

154 3787 489 3856 tempserunt
520 3799 757 3857 namque
800 3783 1022 3839 inﬁrma
1066 3783 1428 3840 humanitatis
1457 3782 1593 3855 ejus,
1634 3784 1748 3839 Deo
1856 3784 2005 3841 enim
2026 3785 2277 3844 Ecclesia
2295 3787 2536 3844 ccelestis
2562 3787 2692 3843 vitae
2723 3785 2951 3859 praemia
2969 3790 3250 3857 appetens,
3274 3795 3473 3837 aurora

154 3868 263 3929 haec
288 3873 525 3947 indigna
545 3872 876 3946 judicantes.
896 3873 999 3931 Cui
1021 3880 1175 3931 tanto
1209 3873 1381 3945 magis
1402 3872 1570 3930 homo
1598 3871 1747 3930 debi-
1857 3882 2051 3933 vocata
2096 3884 2199 3945 est,
2233 3876 2364 3949 quia
2407 3875 2539 3933 dum
2573 3883 2926 3949 peccatorum
2954 3871 3208 3930 tenebras
3246 3869 3466 3937 deserit,

154 3965 235 4015 tor
259 3961 386 4032 fuit,
418 3969 632 4038 quanto
654 3979 753 4035 pro
772 3962 872 4019 illo
892 3964 1038 4019 Deus
1057 3961 1222 4018 etiam
1239 3962 1467 4034 indigna
1486 3962 1743 4033 suscepit.
1849 3962 2083 4036 justitiae
2113 3966 2237 4021 luce
2271 3965 2545 4037 l‘ulgescit.

155 4048 282 4114 Quia
305 4052 443 4108 enim
473 4069 583 4107 non
603 4051 841 4123 cognovit
865 4052 1090 4107 mundus
1099 4069 1199 4123 per
1216 4052 1529 4123 sapientiam
1556 4052 1744 4119 Deum,
1931 4052 2070 4127 [Vet.
2095 4054 2161 4110 ΙΙ
2164 4052 2205 4127 .]
2239 4053 2291 4109 3.
2327 4054 2577 4122 Quandiu
2602 4053 2848 4121 vivimus,
2879 4068 3088 4108 aurora
3106 4056 3201 4118 est,
3226 4066 3335 4105 non
3350 4066 3470 4121 per-

150 4138 342 4205 placuit
367 4141 483 4198 Deo
503 4158 603 4213 per
640 4141 920 4197 stultitiam
944 4141 1341 4214 pradicationis
1373 4142 1548 4197 salvos
1574 4140 1749 4211 facere
1854 4141 2020 4213 fectus
2049 4142 2256 4198 dics.—
2271 4142 2548 4201 Habemus
2576 4151 2764 4199 tamen
2793 4140 3058 4198 subtilius
3076 4137 3291 4212 aliquid
3320 4137 3469 4211 quod

153 4228 399 4287 credentes
431 4231 496 4305 (Ι
532 4233 659 4290 Cor.
684 4249 723 4300 ι,
754 4233 872 4305 2i).
901 4234 983 4289 Ac
1009 4233 1057 4289 si
1079 4232 1289 4289 diceret
1321 4250 1334 4288 :
1370 4233 1510 4290 Cum
1546 4235 1744 4301 Deum,
1854 4230 2205 4289 considerata
2233 4231 2499 4303 qualitate
2523 4231 2760 4289 diluculi
2789 4231 2879 4287 vel
2907 4245 3123 4287 aurorae
3152 4242 3465 4300 pensemus.

155 4316 243 4386 qui
269 4327 347 4375 est
373 4320 668 4393 sapientia,
712 4336 1060 4395 nequaquam
1102 4338 1198 4394 per
1238 4322 1564 4394 sapientiam
1592 4338 1745 4378 suam
1855 4320 2071 4377 Aurora
2102 4335 2342 4393 namque
2368 4322 2457 4377 vel
2486 4320 2802 4378 diluculum
2834 4327 3053 4378 noctem
3082 4318 3307 4394 quidem
3338 4333 3469 4390 prse-

156 4406 382 4465 mundus
415 4408 715 4477 inveniret,
739 4410 948 4482 placuit
962 4419 1025 4466 ut
1043 4412 1219 4467 Deum
1240 4409 1523 4466 hominem
1539 4409 1745 4467 factum
1856 4410 2067 4467 teriisse
2095 4410 2378 4479 nuntiant,
2412 4426 2514 4468 nec
2529 4419 2716 4467 tamen
2738 4410 2853 4466 diei
2874 4410 3180 4467 claritatem
3201 4409 3467 4481 integram

157 4489 292 4587 '.per
332 4495 707 4587 humanitatis
743 4497 1039 4555 stultitiam
1078 4507 1448 4573 cognosceret,
1480 4508 1747 4573 quatenus
1855 4507 2166 4569 ostentant;
2214 4501 2309 4558 sed
2341 4500 2472 4557 dum
2504 4501 2658 4557 illam
2688 4501 2928 4572 pellunt,
2960 4497 3106 4555 hanc
3131 4497 3464 4571 suscipiunt,

156 4585 265 4649 eius
291 4585 562 4659 sapientia
590 4587 612 4621 ³
646 4586 716 4643 ad
745 4596 934 4646 nostra
968 4588 1140 4645 stulta
1162 4588 1535 4657 descenderet,
1569 4597 1623 4645 et
1651 4589 1748 4645 lu—
1855 4588 2034 4646 lucem
2064 4589 2304 4647 tenebris
2328 4590 2647 4663 permistam
2672 4586 3046 4656 tenent.Quid
3063 4588 3250 4662 itaque
3280 4587 3340 4643 in
3364 4586 3469 4643 hac

157 4682 264 4725 cem
291 4689 543 4746 supernas
577 4675 883 4749 prudentia
931 4676 1050 4733 luto
1083 4694 1195 4734 suae
1224 4677 1408 4735 carnis
1436 4678 1748 4735 illuminata
1857 4679 1974 4735 vita
1995 4696 2187 4736 omnes
2217 4678 2313 4752 qui
2344 4679 2639 4736 veritatem
2678 4678 2985 4753 sequimur,
3015 4677 3126 4735 nisi
3152 4693 3353 4734 aurora
3380 4676 3466 4731 vel

157 4769 330 4818 nostra
371 4765 591 4823 caecitas
617 4764 849 4821 videret.
897 4766 1069 4823 Natus
1111 4766 1283 4838 igitur
1330 4782 1401 4823 ex
1442 4767 1602 4824 Patre
1629 4767 1749 4823 sine
1855 4766 2169 4824 diluculum
2197 4783 2390 4824 sumus
2413 4768 2442 4824 ‘l
2469 4767 2600 4841 quia
2645 4775 2700 4823 et
2739 4767 2997 4841 quaedam
3033 4766 3149 4840 jam
3178 4783 3300 4840 quae
3328 4765 3468 4821 lucis

157 4851 407 4923 tempore,
459 4870 531 4910 ex
558 4861 733 4910 matre
761 4853 914 4911 nasci
943 4863 1026 4912 est
1069 4853 1325 4927 dignatus
1370 4856 1429 4912 in
1478 4863 1745 4933 tempore,
1780 4913 1827 4933 ἢ
1859 4865 1989 4913 sunt
2012 4856 2246 4930 agimus,
2278 4864 2335 4913 et
2358 4864 2543 4913 tamen
2573 4857 2632 4912 in
2660 4857 2998 4930 quibusdam
3017 4856 3201 4913 adhuc
3220 4854 3466 4911 tenebra-

159 4942 216 4991 ιιῑ
244 4913 335 5010 per
362 4913 469 5003 hoc
497 4942 646 5017 quod
674 4951 862 5001 ortum
899 4960 1065 5002 suum
1111 4913 1258 5003 inter
1284 4945 1510 5003 initium
1540 4913 1749 5004 ﬁnem-1
1779 4913 1828 4974 Β
1858 4964 1982 5005 rum
1998 4913 2249 5023 reliquiis
2269 4965 2381 5006 non
2396 4913 2773 5006 caremus.Per
2787 4947 3116 5019 Prophetam
3135 4945 3338 5019 quippe
3352 4946 3465 5000 Deo

157 5038 255 5095 que
280 5033 649 5117 concluderet,
690 5033 949 5091 humanas
978 5033 1181 5091 mentis
1207 5033 1386 5092 oculis
1412 5042 1619 5105 ortum,
1649 5036 1747 5111 qui
1854 5037 2060 5095 dicitur
2086 5055 2099 5103 ;
2131 5039 2256 5096 Non
2290 5037 2681 5110 justiﬁcabitur
2724 5036 2783 5091 in
2838 5042 3115 5108 conspectu
3171 5040 3258 5088 tuo
3295 5034 3466 5089 omnis

160 5126 252 5171 nec
288 5116 447 5177 initio
499 5122 768 5191 sumitur,
810 5138 914 5182 nec
952 5122 1063 5180 ﬁne
1103 5130 1444 5197 angustatur,
1486 5126 1741 5198 aperiret.
1854 5126 2028 5182 vivens
2044 5125 2232 5199 (Psal.
2267 5141 2440 5194 cmi,
2477 5125 2558 5198 2).
2586 5126 2939 5197 Rursumque
2965 5122 3233 5195 scriptum
3262 5129 3345 5178 est
3367 5138 3378 5176 :
3399 5123 3467 5178 In

161 5199 301 5262 Unde
326 5207 464 5268 bene
491 5228 642 5269 nunc
660 5211 731 5269 ad
761 5213 984 5271 beatum
1014 5212 1117 5270 Job
1141 5212 1349 5271 dicitur
1378 5231 1391 5270 :
1849 5216 2032 5271 multis
2068 5213 2376 5284 offendimus
2404 5230 2579 5270 omnes
2605 5214 2753 5284 (Jac.
2782 5229 2868 5280 ιιι,
2901 5210 2978 5285 2).
3009 5209 3214 5268 Paulus
3232 5212 3463 5284 quoque

227 5385 524 5466 :Yindoc.,
557 5394 821 5466 neccwpit
847 5412 969 5450 esse.
1419 5465 1423 5466 ί
1853 5395 2119 5453 Vaticana
2146 5402 2209 5466 et
2255 5394 2549 5461 Gussanv.,
2601 5392 2804 5466 quibus
2848 5391 3203 5466 favetJCorb.
3270 5392 3456 5466 Germ.

224 5454 243 5537 ξ
270 5457 436 5537 μιῇ.
468 5454 523 5521 et
551 5454 954 5537 Corb.‘Germ.,
978 5483 1078 5537 per
1107 5465 1459 5523 humanitatis
1485 5467 1669 5524 stulta.
1851 5469 2002 5535 Mss.,
2053 5465 2253 5537 legitur
2289 5472 2420 5521 recte
2445 5454 2547 5537 per
2569 5454 2705 5520 hunc
2741 5470 2947 5537 ortum._
2971 5463 3076 5521 Ubi
3105 5463 3236 5537 satis
3266 5463 3461 5520 mirari

223 5525 243 5559 ³
271 5528 348 5610 Ita
385 5533 613 5610 Tu_ron.,
665 5525 952 5610 Vindoc,
978 5525 1274 5610 Laudun,
1310 5536 1503 5610 Corba
1531 5538 1740 5605 Germ.,
1852 5555 1963 5595 non
1988 5525 2317 5610 possumus
2341 5525 2563 5610 acerbas
2600 5535 2835 5610 ‘Jamezii
2861 5535 3148 5610 adversus
3184 5536 3462 5592 Romanos

157 5592 363 5691 {ahquid
428 5592 635 5691 aliique
689 5592 929 5675 Νοήῄῇ
996 5592 1745 5677 Editiﬁsv’habentihus,‘77an
1851 5592 2400 5691 Editriresquerelas;
2427 5608 2575 5676 Quis,
2595 5606 2782 5691 inquit
2808 5606 2879 5663 ad
2895 5606 3058 5691 hunc
3076 5606 3282 5689 locum,
3305 5622 3460 5691 excu-

160 5674 399 5763 "Ogtgqtn‘
442 5674 743 5763 stultitiam.
818 5750 833 5763 ‘
934 5759 943 5763 _
986 5758 996 5763 _
1135 5753 1187 5763 η
1318 5754 1329 5763 _
1426 5754 1459 5763 __
1588 5674 1608 5763 ς
1851 5699 1972 5763 sure
1995 5674 2192 5763 poterit
2216 5674 2866 5763 extrentam‘supiriitatcin
2885 5674 3315 5763 Romanensiuni‘,
3347 5684 3457 5763 etc.

223 5741 359 5827 :Sic
386 5747 676 5827 legendum
717 5750 952 5827 probant
985 5758 1099 5827 tum
1132 5753 1263 5827 Mss.
1286 5754 1516 5827 _Auglic.
1550 5761 1605 5810 et
1633 5770 1743 5809 no-
1853 5741 2016 5821 Quasi
2062 5768 2194 5827 vero
2236 5751 2560 5827 prioresita
2584 5741 2931 5827 scripserint
2945 5767 2959 5817 ;
2993 5749 3264 5827 eteadem
3280 5741 3459 5827 lectio

294 5811 574 5902 tumvipse
601 5811 1027 5902 cpntextuslob
1051 5823 1146 5896 qui
1175 5811 1552 5902 ex_p_lana’tur_;
1593 5842 1744 5902 nun-
1853 5811 2377 5902 non‘reperiaturin
2397 5811 2748 5902 Edit.__l§asil.
2797 5821 2935 5882 1503
2946 5811 3011 5879 et
3031 5821 3185 5889 1514,
3207 5817 3452 5876 inParis.

158 5881 612 5955 quidpostorium.
631 5893 693 5948 In
714 5892 995 5950 veretihus
1012 5881 1197 5950 tamen
1217 5881 1368 5953 Edit.
1392 5881 1451 5953 in
1467 5897 1747 5953 Gilotiana
1859 5895 2018 5966 1488,
2050 5881 2209 5965 1495,
2244 5895 2382 5954 1518
2409 5902 2465 5951 et
2496 5894 2654 5965 157i,
2686 5900 2792 5952 etc.
