3920 6376
489 343 596 402 479

1713 362 1965 422 SANCTI
2003 367 2341 428 GREGORII
2377 372 2606 433 MAGNI

3715 389 3836 450 480

485 473 564 528 ait
577 487 608 570 ,ε
651 469 804 570 Video
829 471 1001 532 aliam
1031 475 1190 549 legem
1209 479 1271 580 in
1296 482 1541 540 membris
1565 485 1693 542 meis
1725 497 2102 582 repugnantem
2131 495 2186 556 Α
2213 493 2552 556 desiderium
2573 499 2776 560 habere
2804 504 3086 564 sediceret
3102 506 3355 582 dissolvi,
3371 520 3585 572 etcum
3605 516 3837 578 Christo

487 555 590 652 legi
613 558 801 616 mentis
826 575 972 652 mea,
1002 570 1053 621 st
1077 568 1726 640 captionmmeducentem
1755 555 1812 633 in
1842 555 1946 650 logs
1967 597 2098 652 pec-

482 647 610 743 cati,
636 663 758 722 qua
782 651 935 743 estin
962 657 1208 714 membris
1226 661 1356 718 meis
1371 662 1402 731 (
1403 663 1555 722 Rom.
1574 681 1674 732 vn,
1699 664 1817 737 23).
1843 647 1948 726 Ubi
1967 647 2095 743 ergo

483 737 576 796 lex
594 741 805 812 peccati
835 747 982 808 919
1010 763 1138 806 cum
1159 749 1277 823 lcge
1297 751 1498 810 mentis
1518 755 1824 825 contendit,
1848 737 2094 830 profecto

483 837 667 898 adhuc
692 855 892 899 aurora
919 850 1022 914 est,
1043 846 1177 920 quia
1190 847 1290 904 lux
1309 865 1431 922 qua
1441 849 1557 922 jam
1579 853 1829 924 emicuit,
1854 856 2091 915 necdum

483 935 873 1000 pratereuntes
917 931 1173 993 funditus
1213 938 1468 997 tenebras
1503 943 1721 1014 pressit.
1753 944 1956 1004 Adhuc
1983 965 2092 1004 au-

482 1032 608 1074 rora
637 1026 738 1087 est,
771 1021 904 1094 quia
947 1021 1082 1080 dum
1122 1026 1212 1083 lex
1240 1029 1423 1086 carnis
1454 1031 1630 1103 legem
1661 1035 1884 1105 mentis,
1915 1044 1971 1094 et
2001 1038 2091 1094 lex

481 1109 682 1166 mentis
711 1109 886 1183 legem
918 1112 1100 1170 carnis
1129 1117 1386 1187 percutit,
1405 1117 1552 1178 inter
1574 1137 1632 1179 se
1653 1123 1901 1182 vicissim
1920 1127 2018 1183 lux
2036 1135 2091 1184 et

481 1196 680 1255 umbra
706 1199 978 1274 conﬂigit.
1012 1202 1167 1261 Unde
1194 1221 1416 1264 rursum
1445 1208 1648 1268 Paulus
1677 1230 1802 1272 cum
1833 1215 2041 1274 diceret
2073 1235 2085 1274 :

479 1286 606 1376 Nox
627 1289 895 1360 praecessit
925 1291 1102 1363 (Rom.
1134 1309 1260 1364 xm,
1292 1296 1406 1370 12),
1436 1314 1782 1374 nequaquam
1817 1305 2087 1376 subdidit,

478 1375 608 1434 Dies
627 1378 800 1448 venit,
831 1379 929 1438 sed
957 1382 1085 1439 Dies
1115 1391 1292 1442 autem
1317 1390 1794 1462 appmpinquavit.
1813 1393 1918 1462 Qui
1940 1375 2089 1453 enim

480 1472 604 1537 post
629 1465 935 1526 discessum
965 1472 1144 1529 noctis
1161 1471 1279 1545 jam
1309 1491 1420 1532 non
1453 1478 1668 1536 venisse
1682 1481 1778 1537 sed
1793 1485 2088 1558 appropin-

479 1569 675 1629 quasse
715 1555 862 1616 diem
907 1559 1176 1631 insinuat,
1233 1579 1350 1622 esse
1397 1582 1455 1624 se
1500 1569 1692 1640 procul
1740 1555 1913 1628 dubio
1962 1555 2088 1632 ante

477 1645 652 1704 solem
676 1655 797 1719 post
823 1649 1076 1708 tenebras
1105 1651 1292 1711 adhuc
1319 1654 1376 1711 in
1408 1671 1608 1714 aurora
1634 1657 1999 1720 demonstrat.

549 1787 604 1845 4.
636 1788 764 1844 Dies
791 1791 911 1860 erit,
943 1808 1062 1848 cum
1088 1796 1254 1852 nullle
1275 1800 1475 1869 peccati
1505 1803 1724 1860 tensbrw
1749 1815 2084 1877 supererunt.

477 1903 551 1918 -—
577 1875 732 1936 Tunc
759 1887 944 1938 autem
972 1881 1132 1956 plene
1159 1895 1347 1944 sancta
1375 1890 1674 1949 electorum
1694 1875 1946 1954 Ecclesia
1969 1897 2088 1955 dies

479 1965 606 2034 erit,
629 1983 755 2024 cum
771 1969 822 2025 ei
842 1969 1084 2030 admista
1103 1977 1311 2046 peccati
1333 1978 1530 2037 umbra
1537 1979 1654 2054 jam
1675 2000 1787 2042 non
1802 1986 2090 2048 erit.Tunc

479 2055 639 2129 plene
668 2055 786 2114 dies
811 2059 936 2129 erit,
970 2065 1192 2136 quando
1221 2066 1425 2126 interni
1458 2070 1687 2130 luminis
1711 2075 1955 2147 perfecto
1985 2078 2090 2134 fer-

478 2161 610 2202 vore
638 2149 918 2206 claruerit.
952 2150 1110 2212 Tunc
1137 2156 1296 2228 plene
1326 2157 1445 2216 dies
1464 2160 1589 2229 erit,
1623 2163 1845 2236 quando
1877 2166 2087 2224 nullam

478 2234 755 2293 malorum
781 2255 1010 2296 suorum
1022 2247 1326 2303 tentantem
1348 2234 1674 2307 memoriam
1693 2253 1952 2323 tolerans,
1973 2272 2088 2312 om-

477 2338 575 2382 nes
603 2342 635 2382 a
661 2343 719 2383 se
738 2329 1088 2390 tenebrarum
1118 2335 1283 2393 etiam
1314 2339 1578 2413 reliquias
1593 2342 1907 2403 abscondet.
1931 2347 2087 2408 Unde

481 2422 537 2471 et
565 2416 706 2474 bene
736 2418 854 2478 haec
881 2437 1080 2481 aurora
1107 2427 1262 2500 quasi
1287 2428 1470 2488 adhuc
1499 2431 1557 2488 in
1586 2433 1822 2492 transitu
1847 2435 2086 2494 demon-

474 2512 700 2578 stratur,
722 2526 850 2568 cum
867 2511 1174 2573 diciturzEt
1189 2519 1462 2576 ostendisti
1481 2538 1699 2580 aurora:
1717 2525 1888 2581 locum
1907 2543 2079 2585 suum.

473 2595 576 2652 Cui
609 2598 760 2654 enim
789 2601 946 2659 locus
975 2619 1107 2660 suus
1137 2606 1471 2678 ostenditur,
1502 2611 1749 2681 profecto
1779 2629 1848 2669 ex
1880 2615 1989 2671 alio
2015 2616 2083 2672 ad

472 2684 625 2742 aliud
655 2696 903 2748 vocatur.
926 2691 1072 2760 Quid
1091 2701 1173 2750 est
1201 2694 1350 2752 enim
1372 2696 1526 2756 locus
1555 2715 1786 2772 aurorae,
1819 2705 1928 2762 nisi
1955 2723 2080 2780 per-

472 2772 616 2831 fecta
643 2776 863 2836 claritas
887 2781 905 2815 ί
934 2781 1170 2840 visionis
1197 2791 1412 2844 aeternae
1435 2787 1465 2844 7
1493 2789 1578 2846 Ad
1607 2807 1771 2865 quem
1801 2811 1928 2851 cum
1957 2772 2081 2870 per-

469 2863 640 2922 ducta
666 2867 898 2938 venerit,
924 2867 1040 2942 jam
1068 2871 1136 2928 de
1163 2881 1450 2933 transactae
1466 2863 1646 2936 noctis
1661 2881 1902 2940 tenebris
1932 2863 2078 2942 nihil

469 2951 658 3012 habet.
689 2957 849 3016 Nunc
875 2966 1059 3016 autem
1089 2960 1271 3020 adhuc
1291 2966 1659 3025 tentationum
1684 2971 1966 3031 molestias
1985 2991 2078 3032 su-

467 3043 702 3116 stinens,
736 3047 866 3120 quia
885 3065 982 3122 per
997 3049 1363 3111 intentionem
1387 3056 1571 3114 cordis
1589 3059 1660 3116 ad
1679 3061 1833 3118 aliud
1849 3062 2081 3120 festinat

464 3131 1017 3205 Ecclesia,adlocum
1046 3157 1206 3198 suum
1239 3143 1418 3202 tendit
1445 3162 1663 3204 aurora.
1687 3149 1862 3218 Quem
1894 3151 2076 3209 locum

2205 599 2340 644 esse.
2383 589 2456 645 Et
2484 607 2701 648 rursum
2733 593 2875 652 Mihi
2901 614 3022 654 vere
3056 598 3303 658 Christus
3337 609 3434 672 est,
3483 611 3535 662 et
3577 609 3730 664 mori
3759 610 3838 666 lu-

2201 691 2351 768 crum
2377 679 2610 752 (Philip.
2635 699 2674 750 1,
2707 683 2824 756 21).
2858 687 2933 742 Et
2959 703 3187 747 rursum
3223 708 3236 747 :
3267 691 3480 750 Scimus
3505 698 3839 768 quentia-ssi

2204 763 2467 825 terrestris
2491 770 2678 827 domus
2701 781 2890 832 nostra
2902 777 3070 850 hujus
3089 780 3444 840 habitationis
3473 763 3833 860 dissolutior,

2199 857 2343 927 quod
2369 860 2764 930 aediﬁcationem
2789 882 2856 922 ea:
2880 867 2990 923 Deo
3017 869 3285 940 habemus,
3334 873 3553 930 domum
3581 893 3697 932 non
3719 857 3836 934 ααξ

2200 945 2496 1019 itu/actam,
2524 959 2778 1010 «sternam
2798 954 2855 1010 in
2874 957 3016 1014 culis
3045 959 3142 1031 (II
3161 961 3292 1019 Cor.
3309 977 3364 1030 v,
3389 963 3632 1036 l).Bene
3643 975 3836 1025 autem

2201 1046 2324 1108 post
2349 1047 2534 1097 ortum
2556 1058 2718 1101 suum
2751 1045 2937 1104 locum
2969 1065 3109 1122 prop
3125 1052 3272 1108 rium
3295 1068 3507 1111 aurora:
3519 1056 3836 1117 ostendisse

2199 1142 2257 1182 se
2286 1128 2558 1200 perhibet,
2582 1134 2711 1208 quia
2737 1135 2942 1195 futura
2987 1139 3375 1200 retributionis
3401 1143 3828 1219 beatitudinem,

2200 1219 2519 1294 priusquam
2555 1239 2652 1296 per
2679 1242 2880 1300 corpus
2923 1229 3049 1301 ipse
3093 1229 3490 1304 innotesceret,
3519 1237 3580 1294 in
3609 1255 3834 1312 pauco—

2197 1323 2320 1365 rum
2347 1309 2636 1370 intellectu
2662 1315 2969 1374 continuit.
3000 1317 3140 1377 Cum
3176 1337 3311 1379 vero
3340 1309 3829 1386 humanm‘nativi'

2198 1398 2327 1456 tatis
2372 1398 2597 1458 inﬁrma
2642 1406 2906 1478 suscepit,
2974 1415 3222 1466 venturae
3269 1411 3538 1471 claritatis
3562 1417 3826 1476 notitiam

2197 1493 2344 1554 920
2374 1492 2395 1526 δ
2427 1491 2489 1548 in
2519 1493 2904 1554 multitudinis
2953 1499 3259 1559 innumerae
3312 1519 3500 1562 amore
3543 1508 3824 1567 dilatavit.

2197 1587 2467 1646 Sedcum
2501 1590 2684 1650 divini
2734 1596 2916 1668 operis
2946 1601 3279 1672 mysterium
3324 1603 3404 1662 sic
3441 1607 3824 1668 misericordia

2196 1686 2437 1752 peragat,
2471 1688 2535 1738 ut
2563 1689 2748 1740 tamen
2779 1692 2834 1741 et
2871 1685 2954 1744 ira
2985 1690 3306 1763 comitetur,
3339 1704 3613 1769 quatenus
3638 1702 3823 1758 occul°

2197 1773 2287 1824 tus
2322 1769 2530 1828 arbiter
2573 1773 2716 1830 alios
2755 1776 3060 1848 respiciens
3089 1780 3348 1853 redimat,
3394 1785 3534 1844 alios
3567 1787 3823 1848 deserens

2121 1873 2168 1934 Β
2198 1859 2410 1930 perdat,
2429 1861 2560 1934 quia
2575 1865 2943 1938 cognovimus
2963 1871 3244 1944 quomodo
3260 1889 3356 1946 per
3377 1873 3817 1938 incarnationem

2197 1969 2355 2010 suam
2397 1955 2600 2015 electos
2657 1959 2957 2034 illuminet,
3016 1967 3309 2028 audiamus
3347 1988 3498 2030 nunc
3535 1976 3818 2049 quomodo

2199 2045 2461 2118 reprobos
2490 2048 2734 2109 damnet.
2766 2053 3029 2128 Sequitur
3063 2076 3076 2116 :

2673 2141 2901 2202 CAPUT
2929 2147 3004 2204 IIl
3040 2147 3184 2224 [Rec.
3217 2151 3360 2227 1m.

2270 2224 2440 2285 Vane.
2475 2227 2560 2286 13.
2590 2259 2662 2273 -
2689 2233 2947 2306 Nunquid
2993 2239 3204 2296 tenuisti
3243 2224 3541 2302 concutiens
3577 2252 3815 2307 extremus

2197 2321 2371 2387 terra,
2401 2327 2451 2376 et
2475 2324 2751 2381 excussisti
2777 2326 2966 2400 impios
2997 2348 3064 2386 ea:
3091 2350 3152 2388 ea
3172 2334 3200 2389 ?

2265 2407 2319 2464 5.
2361 2408 2625 2468 Dominus
2651 2412 2882 2483 abjeclos
2916 2423 2966 2474 et
2992 2418 3217 2478 humiles
3245 2423 3414 2496 elegit.
3445 2453 3518 2466 -—
3547 2426 3812 2486 Extrema

2193 2503 2352 2555 terrm
2381 2501 2652 2559 Dominus
2700 2507 2904 2576 tenuit,
2951 2509 3084 2582 quia
3131 2511 3190 2568 in
3219 2511 3332 2571 ﬁne
3360 2517 3695 2575 saeculorum
3743 2520 3809 2576 ad

2192 2586 2510 2646 destitutam
2534 2591 2648 2664 jam
2665 2601 2720 2651 et
2739 2595 3064 2670 alienigenis
3080 2601 3299 2674 regibus
3335 2604 3619 2664 subditam
3649 2626 3808 2682 syna-

2193 2692 2384 2748 gogam
2425 2679 2596 2749 venit;
2623 2689 2788 2757 atque
2817 2701 2888 2741 ex
2915 2686 3012 2744 illa
3040 2687 3242 2763 impios
3269 2679 3807 2772 excussit,quiaispi-

2191 2765 2374 2823 ritalia
2402 2767 2530 2827 ﬁdei
2560 2771 2985 2844 praedicamenta
2999 2790 3312 2852 renuentes,
3330 2784 3496 2840 etiam
3513 2801 3546 2844 a
3563 2765 3805 2845 carnalis

2191 2856 2448 2914 sacriﬁcii
2478 2859 2656 2932 gloria
2686 2864 2909 2936 repulit.
2943 2866 3045 2924 Vel
3073 2878 3220 2927 certe
3249 2879 3500 2931 extrema
3537 2883 3700 2934 terra;
3732 2886 3805 2935 te-

2189 2947 2334 3016 nuit,
2359 2947 2491 3022 quia
2518 2965 2590 3006 ex
2616 2951 2806 3010 Judaea
2835 2971 3036 3026 paucos
3065 2958 3308 3032 abjectos
3340 2971 3396 3019 et
3422 2963 3664 3024 humiles
3695 2968 3801 3023 ele-

2189 3035 2286 3107 git.
2318 3037 2584 3097 Extrema
2621 3049 2780 3099 terrae
2811 3045 3010 3115 tenuit,
3042 3049 3174 3118 quia
3203 3050 3339 3122 legis
3369 3051 3623 3112 doctores
3651 3055 3802 3114 dese-

2187 3141 2334 3196 rens,
2362 3127 2665 3200 piscatores
2713 3134 2984 3206 assumpit
3039 3137 3252 3208 (Matth.
3311 3157 3390 3210 Iv,
3455 3142 3568 3216 18).
3632 3146 3802 3203 Dum-

468 3219 516 3276 si
549 3231 731 3280 mente
749 3240 862 3282 non
891 3236 1160 3298 cerneret,
1193 3230 1252 3286 in
1283 3230 1450 3304 hujus
1479 3235 1608 3292 vitm
1639 3215 1800 3294 nocte
1835 3255 2077 3298 remane-
2115 3252 2160 3314 α
2187 3231 2292 3314 Ἷηθ
2321 3215 2446 3314 ei“?
2467 3225 2718 3314 θχπθίΡὲ
2743 3229 2930 3314 Peneis,
2959 3242 3030 3282 ex
3071 3242 3136 3283 ⁸³
3164 3227 3364 3302 impios
3396 3233 3636 3302 “cum:
3669 3234 3802 3310 quia

467 3315 569 3366 ret.
589 3311 612 3346 ³
627 3311 734 3368 Sed
761 3329 888 3370 cum
917 3316 1168 3388 quotidie
1188 3320 1475 3378 contendit
1493 3323 1705 3394 perﬁci,
1733 3333 1789 3382 et
1814 3327 1872 3383 in
1898 3328 2072 3388 lucem

465 3399 716 3471 quotidie
735 3403 944 3473 augeri,
979 3403 1164 3462 locum
1194 3422 1354 3463 suum
1377 3407 1493 3481 jam
1525 3413 1814 3486 conspicit,
1832 3425 1886 3474 et
1912 3419 2071 3491 plene

2183 3304 2317 3361 dum
2350 3306 2602 3366 inﬁrmos
2631 3308 2822 3370 fideles
2853 3313 3094 3384 roborat,
3127 3315 3296 3375 fortes
3325 3319 3385 3376 in
3416 3320 3514 3378 illa
3541 3304 3794 3381 inﬁdeles

2183 3395 2432 3454 damnat.
2463 3399 2628 3456 Recte
2657 3416 2789 3459 vero
2837 3403 3003 3461 etiam
3043 3409 3339 3465 concutiens
3385 3410 3624 3482 addidit,
3667 3416 3796 3488 quia

463 3485 572 3542 sibi
608 3487 908 3548 clarescere
951 3492 1124 3550 solem
1160 3497 1380 3568 quaerit.
1435 3499 1642 3557 Locum
1666 3485 1844 3562 suum
1872 3485 2072 3567 aurora

464 3575 770 3600 η---ε,ι-....
819 3579 1029 3600 ..--...ι-
1070 3597 1112 3600 ,Α
1197 3591 1213 3600 ι
1353 3585 1364 3596 ι
1537 3589 1553 3600 1
1703 3599 1708 3600 ,
1845 3595 1860 3600 _
1955 3596 1971 3600 _

2192 3501 2280 3560 per
2305 3485 2606 3546 adventum
2633 3506 2793 3546 suum
2827 3493 2849 3528 ⁶
2879 3491 3148 3553 immensa
3171 3497 3472 3558 formidine
3499 3501 3668 3559 etiam
3685 3485 3797 3560 ire-

2192 3575 2474 3600 ---ι--..ηρ
2514 3577 2666 3600 --...1-
2709 3595 2874 3600 --μ-,.-
2897 3598 2933 3600 _,
2965 3582 3001 3600 ·.
3048 3583 3084 3600 n
3297 3589 3309 3600 ο
3424 3589 3436 3600 .
3583 3592 3604 3600 -

461 3575 792 3649 considerat,
813 3579 1036 3654 quando
1064 3591 1252 3641 sancta
1275 3585 1460 3644 anima
1487 3589 1556 3646 ad
1587 3595 2067 3667 contemplandam

2192 3575 2478 3649 proborum
2509 3577 2676 3636 corda
2701 3582 3025 3640 commovit.
3046 3583 3311 3645 Concussi
3342 3589 3548 3664 quippe
3575 3592 3797 3652 fuerant

459 3664 763 3724 conditoris
798 3669 887 3726 sui
915 3671 1154 3744 speciem
1179 3673 1390 3747 ﬂagrat.
1422 3677 1722 3769 Adlocum
1751 3664 1911 3740 suum
1949 3703 2066 3758 per-

2192 3667 2274 3742 ;ui
2311 3667 2571 3726 dicebant
2615 3688 2628 3726 :
2676 3671 2828 3729 Nihil
2863 3675 3200 3769 proﬁcimus,
3241 3696 3351 3736 ecce
3389 3687 3532 3738 totus
3563 3685 3798 3742 mundus

449 3753 670 3826 tingere
695 3771 896 3818 aurora
919 3761 1216 3834 satagebat,
1239 3781 1364 3821 cum
1393 3767 1572 3826 David
1603 3769 1812 3829 diceret
1840 3791 1851 3828 :
1887 3753 2067 3834 Sitivit

2192 3759 2198 3788 τ
2213 3763 2338 3829 post
2363 3774 2482 3814 eum
2517 3759 2653 3814 abiit
2681 3760 2986 3834 (Joan.xn,
3021 3765 3137 3837 19).
3171 3767 3276 3825 Res
3304 3776 3490 3827 autem
3519 3787 3644 3845 qua
3670 3791 3796 3832 con-

452 3843 635 3902 aninta
664 3863 781 3906 mea
805 3850 879 3906 ad
905 3851 1075 3907 Deum
1102 3853 1278 3910 civum
1305 3857 1535 3930 quando}
1553 3861 1780 3932 veniam,
1812 3869 1859 3918 et
1891 3881 2064 3936 appa-
2173 3849 2398 3962 ξιιξίῐηῖ
2418 3849 2531 3908 huc
2559 3851 2803 3962 illucque
3043 3855 3325 3962 fatigatur.
3357 3859 3639 3962 concussa
3663 3880 3793 3962 ergo

454 3933 575 3962 ..-ιη
607 3942 724 3962 -..4-
755 3936 938 3962 l..-:__.
977 3941 1068 3962 n_:
1092 3941 1244 3962 [nhs
1290 3960 1320 3962 η
1428 3945 1519 3962 ηιμ
1548 3947 1572 3962 ιν
2204 3955 2236 3962 --
2282 3955 2352 3962 _.-
2399 3947 2550 3962 _--_-x
2594 3957 2706 3962 -..μ
2778 3957 2795 3962 Α
2909 3961 2928 3962 η
2962 3951 3031 3962 ...1

454 3933 576 3988 robo
603 3942 724 3992 ante
749 3936 944 4007 faciem
967 3941 1068 3997 Dei
1090 3941 1262 4013 (Psal.
1289 3960 1400 4014 ω,
1427 3945 1458 4001 3
1464 3947 1519 4017 γι
1547 3947 1754 4006 Locum
1779 3933 1941 4008 suum
1963 3933 2062 4010 've.
2169 3937 2570 4051 ξιιάωαῖιιθξξι,
2589 3957 2712 4013 quae
2731 3941 2800 3998 de
2819 3941 3042 4051 ρξτίεέο
3085 3961 3182 4018 per
3213 3947 3354 4051 alios
3385 3933 3792 4051 digehft-Q'Ea

457 4019 592 4080 ritas
615 4039 828 4084 aurora
858 4030 1216 4101 monstrabat,
1249 4049 1375 4090 cum
1407 4050 1506 4107 per
1531 4036 1883 4096 Salomonem
1915 4041 2060 4100 dice.

2192 4043 2336 4082 tonus
2363 4034 2439 4084 est
2469 4030 2650 4100 (Joan.
2679 4046 2778 4098 vn,
2815 4031 2930 4104 i2).
2961 4033 3035 4089 Et
3063 4050 3160 4106 per
3187 4036 3328 4092 alios
3355 4038 3670 4110 resistebat,
3705 4042 3792 4098 di-

453 4117 538 4167 ret
568 4129 582 4168 :
612 4114 754 4182 Quid
779 4116 930 4174 habet
954 4119 1188 4192 amplius
1213 4123 1425 4194 sapiens
1453 4143 1490 4182 α
1508 4128 1687 4194 stulto;
1707 4134 1756 4184 et
1783 4130 1914 4201 quid
1927 4149 2060 4203 pau-

445 4217 546 4273 per
578 4203 688 4259 nisi
725 4211 786 4260 ut
827 4215 1017 4280 pergat
1064 4211 1196 4268 illuc
1233 4212 1324 4268 ubi
1363 4219 1445 4269 est
1479 4215 1590 4271 vita
1616 4219 1820 4288 (Eccle.
1853 4235 1932 4289 vr,
1965 4222 2060 4295 8)?

451 4289 624 4360 Quem
653 4295 899 4366 profecto
927 4299 1110 4357 locum
1138 4301 1305 4358 etiam
1335 4304 1777 4377 praecedentibus
1805 4289 2056 4368 incarna-

447 4379 658 4438 tionem
707 4399 862 4441 suam
913 4387 1160 4460 patribus
1197 4399 1322 4464 post
1373 4400 1559 4450 ortum
1591 4411 1753 4452 suum
1783 4399 2056 4457 Dominus

447 4471 712 4541 ostendit,
743 4473 874 4548 quia
895 4475 1004 4534 nisi
1034 4494 1130 4551 per
1151 4479 1456 4554 prophetiae
1475 4482 1734 4555 spiritum
1764 4483 2054 4544 incarnan-

2168 4135 2335 4176 cens:
2367 4121 2489 4176 Non
2518 4121 2625 4189 sed,
2643 4121 2840 4177 seducit
2870 4123 3056 4180 turbas
3086 4125 3314 4200 (Ibid).
3344 4127 3448 4184 Per
3473 4131 3621 4188 alios
3649 4131 3792 4191 dioe-

2164 4208 2260 4266 bat
2282 4226 2294 4264 :
2320 4208 2440 4266 Nisi
2465 4209 2549 4265 hic
2575 4217 2703 4267 esset
2727 4229 2764 4268 a
2777 4211 2910 4278 Deo,
2930 4230 3039 4269 non
3062 4221 3275 4287 poterat
3291 4215 3470 4287 facere
3487 4221 3786 4294 quidquam

2165 4298 2354 4368 (Joan,
2376 4315 2457 4368 Ix,
2489 4298 2606 4372 33).
2640 4302 2823 4374 Atque
2849 4301 2920 4358 ad
2939 4310 3257 4362 extremum
3277 4323 3376 4379 per
3395 4308 3538 4366 alios
3557 4311 3788 4369 clamat:

2167 4387 2228 4444 Si
2255 4403 2364 4442 nou
2389 4394 2518 4444 esset
2542 4388 2624 4444 hic
2649 4389 2984 4460 malefactor,
3003 4410 3111 4448 non
3126 4394 3221 4450 tibi
3241 4397 3652 4456 tradidissemus
3673 4419 3790 4458 eum

2166 4475 2350 4548 (Joan.
2381 4493 2546 4548 xvm,
2577 4478 2696 4552 30).
2727 4479 2999 4538 Concussi
3031 4483 3278 4557 quidem,
3327 4487 3423 4544 sed
3467 4504 3582 4545 non
3622 4507 3788 4563 pros-

447 4558 581 4616 dum
609 4577 858 4634 supernae
877 4567 1067 4639 patriae
1094 4584 1276 4642 regem
1302 4579 1716 4642 cognoscerent,
1739 4573 1884 4630 bona
1913 4575 1960 4648 ej
1969 4594 2052 4634 us-

447 4646 568 4676 λιι-..ι
598 4652 783 4676 ..-ι-ζ..
824 4670 976 4676 .__-__
1022 4665 1191 4676 _,,,A,,.
1222 4657 1270 4676 1,
1315 4658 1389 4676 ej,
1465 4659 1564 4676 10'.
1830 4663 1880 4676 σε
2025 4675 2032 4676 ,

2192 4565 2301 4621 .rati
2343 4572 2472 4622 sunt
2522 4567 2766 4640 reprobi,
2803 4585 2931 4626 cum
2979 4570 3146 4628 modo
3201 4573 3472 4632 miracula
3525 4558 3784 4652 obstupe°

445 4646 570 4706 dem
598 4652 788 4724 patria:
819 4670 983 4730 quam
1013 4665 1195 4716 essent
1211 4657 1604 4717 desiderabilia
1633 4677 1746 4718 non
1789 4646 2058 4724 viderent.

445 4735 648 4770 [mum
681 4756 840 4770 ..κη-..ι
872 4745 1074 4770 -.-_:.--
1109 4762 1319 4770 -.μη-μ
1352 4747 1618 4770 ..-ι-ε.-ε.
1686 4765 1800 4770 -..ω
1839 4752 1961 4770 n_.,,

2192 4663 2383 4713 scentes
2408 4665 2714 4726 cernerent,
2747 4657 2914 4716 modo
2933 4659 3276 4720 inﬁrmitatis
3315 4665 3620 4738 opprobria
3651 4646 3786 4725 des-

2192 4739 2432 4770 .z’..:-...s--
2482 4745 2773 4770 :__:.I-_-..a
2874 4749 3049 4770 s__.-4
3115 4767 3200 4770 A__
3223 4769 3276 4770 γη
3345 4752 3358 4770 9
3417 4753 3439 4770 ρ
3617 4763 3630 4770 -
3771 4761 3781 4770 .

444 4735 650 4795 Locum
680 4756 842 4798 suum
872 4745 1076 4802 veritas
1108 4762 1322 4803 aurora
1352 4747 1648 4820 patefecit,
1680 4765 1807 4807 cum
1838 4752 2055 4812 Patrem

444 4840 622 4857 tun—sum
669 4827 954 4857 A:--:.._I:-
1002 4833 1162 4857 _-a::..
1236 4833 1458 4857 j:-_____
1500 4837 1652 4857 n_.___
1715 4855 1754 4857 ,η
1887 4843 1901 4857 1
1949 4843 1986 4857 μ
2024 4849 2057 4857 ..

2192 4739 2436 4803 δίοὶθιιῑθε
2482 4745 2796 4806 irriderent.
2854 4749 3056 4806 Annon
3104 4735 3371 4810 concussi
3393 4735 3658 4826 'fuerant,
3689 4761 3784 4832 qui

2192 4833 2418 4857 II--L-_A
2443 4851 2456 4857 -
2494 4837 2770 4857 n_-__-__-_-
2809 4837 2968 4857 ___,',_4,
3189 4847 3200 4857 .
3360 4849 3372 4857 .
3415 4844 3472 4857 οπο
3519 4847 3545 4857 Α
3611 4847 3622 4857 .
3659 4853 3671 4857 -

442 4840 623 4884 coram
667 4827 958 4904 discipulis
1002 4833 1184 4906 petiit,
1231 4833 1458 4893 dicens:
1489 4837 1672 4906 Pater,
1705 4855 1843 4910 quos
1865 4843 2057 4904 dedisti

2192 4833 2456 4892 licebant:
2491 4837 2773 4908 Quousque
2797 4837 3037 4894 animam
3083 4847 3325 4898 nostram
3355 4844 3498 4902 tollis
3516 4847 3546 4902 ἲ
3571 4847 3624 4901 si
3651 4827 3783 4902 tuves

443 4915 592 4986 mihi,
633 4921 752 4976 volo
780 4927 842 4976 ut
867 4923 959 4978 ubi
982 4939 1072 4994 ego
1100 4939 1219 4979 sum
1247 4925 1270 4960 ⁸
1296 4931 1346 4980 et
1372 4925 1461 4983 illi
1496 4925 1605 4982 sint
1629 4945 1828 4985 mecum
1859 4933 2050 5002 (Joan.
2167 4923 2548 5034 σξνίδιιωζάεο
2573 4926 2723 4982 nobis
2762 4929 3194 5034 palqmidoau...
3229 4947 3288 5000 χ,
3323 4932 3440 5032 ξι).
3495 4934 3600 5034 Vel
3625 4945 3782 5034 ferte

441 5023 581 5074 xm,
609 5009 720 5084 24),
758 5012 967 5072 Locum
996 5030 1161 5070 suum
1189 5031 1402 5073 auram
1433 5020 1783 5090 ωοιιειιιανίι,
1805 5039 1938 5080 cum
1971 5025 2053 5081 di.
2161 5019 2408 5070 extrema
2433 5020 2594 5072 terra
2619 5018 2902 5075 concussit
2931 5025 2986 5074 et
3019 5021 3220 5089 tenuit,
3251 5021 3386 5096 quia
3401 5039 3532 5080 cum
3556 5024 3782 5084 inﬁrma

438 5107 582 5156 ceret
613 5116 624 5156 :
663 5101 967 5176 Ubicunque
989 5101 1160 5174 fuerit
1183 5120 1395 5178 corpus,
1416 5105 1569 5164 ‘illic
1597 5113 2054 5184 congregabantur
2161 5103 2330 5208 corda.
2354 5103 2654 5216 humilium
2675 5107 3032 5216 ipiojimore'
3053 5111 3270 5216 terruit,
3319 5128 3679 5216 nequaquam
3718 5133 3781 5173 ea

440 5193 490 5244 et
511 5191 710 5262 aquila
735 5193 954 5265 (Matth.
985 5209 1146 5262 XXIV,
1177 5195 1294 5267 28).
1328 5197 1416 5254 Ad
1457 5197 1608 5258 hunc
1649 5201 1832 5259 locum
1885 5221 2048 5278 quem
2154 5197 2370 5270 judicio
2387 5197 2642 5258 districto
2661 5199 2979 5308 dereliquit.
3009 5202 3148 5304 Inde
3163 5203 3315 5260 enim
3326 5205 3647 5308 ‘multitudo
3665 5225 3778 5308 cre-

438 5291 773 5355 cognoverat
803 5282 1088 5356 pervenire
1119 5301 1316 5342 aurora
1343 5287 1655 5360 festinabat,
1677 5310 1803 5350 cum
1835 5295 2038 5354 Paulus

2192 5289 2401 5346 entium
2431 5289 2489 5346 in
2515 5291 2692 5348 Deum
2713 5291 2996 5349 robustius
3023 5293 3197 5362 stetit,
3229 5294 3452 5352 undein
3473 5312 3536 5353 se
3567 5297 3773 5355 humi-

2149 5516 2530 5605 greggbuntui'.
2815 5589 2852 5605 ν
2969 5589 2979 5600 ο
3717 5595 3727 5605 .

2222 5589 2242 5622 ⁵
2275 5587 2472 5656 Laud.,
2501 5605 2561 5643 in
2578 5589 2942 5645 multitudines
2961 5589 3270 5646 innumeras
3286 5608 3471 5648 amore
3489 5594 3765 5652 dilatavit.

2224 5660 2246 5694 ⁸
2275 5657 2499 5732 Ehroic.
2529 5667 2584 5715 et
2611 5661 2681 5715 al.
2705 5661 2917 5732 Norm.,
2947 5661 3202 5717 immensa
3227 5661 3573 5732 fortitudine.
3599 5666 3764 5722 Corb.

2151 5729 2362 5816 Germ.,
2387 5730 2443 5816 in
2481 5731 2737 5816 immensa
2765 5731 3073 5816 ﬁormidine.
3107 5809 3118 5816 ι
3228 5729 3236 5732 ⁷
3377 5805 3414 5816 υ

2223 5803 2244 5837 ⁷
2277 5801 2447 5857 Laud.
2481 5809 2536 5858 et
2565 5801 2728 5861 Corb.
2761 5803 2970 5871 Germ.,
2997 5809 3122 5876 post
3146 5820 3265 5860 eum
3287 5805 3457 5862 cadit.

516 5511 540 5590 ί.
571 5509 804 5592 Turon_.,
847 5507 1014 5568 Corb.
1077 5511 1287 5581 Germ.,
1329 5513 1553 5584 Pratel.,
1603 5517 1776 5574 Laud.
1821 5528 1877 5577 et
1917 5521 2036 5592 alii,

439 5579 660 5674 visfo'i'tis
687 5579 924 5674 intemrq.
944 5655 966 5674 1
1194 5657 1230 5674 ﬂ
1941 5664 1951 5674 ι

511 5653 534 5686 ²
561 5652 794 5734 Turon.,
815 5655 906 5744 sed
931 5655 1056 5744 dum
1072 5657 1315 5744 quotidie
1341 5661 1526 5744 augeri
1553 5663 1724 5718 locum
1748 5679 1902 5744 suum
1921 5664 2041 5734 jam

435 5736 560 5779 cons
601 5723 708 5792 icit,
740 5731 787 5782 et
807 5727 959 5800 plene
981 5723 1392 5787 sibi—clarescere
1414 5723 1578 5788 solem
1609 5734 1820 5804 quaerit.

509 5795 530 5830 ³
555 5740 752 5856 Band”
773 5805 821 5854 et
846 5799 959 5856 illic
985 5799 1091 5855 sint
1122 5819 1337 5856 mecum.

509 5812 530 5830 ο
555 5812 752 5867 Laud,
773 5812 821 5854 et
846 5812 959 5856 uno
985 5812 1091 5855 sint
1122 5819 1337 5857 mecum.

509 5868 531 5902 ⁴
557 5866 722 5928 Corb.
770 5871 982 5942 Germ.,
1031 5873 1252 5942 Pratel.,
1299 5873 1443 5932 Utic.
1487 5881 1541 5930 et
1604 5875 1702 5944 al.,
1745 5876 1877 5932 illuc
1907 5893 2043 5932 con-
