3920 6370
137 346 243 404 481

852 351 1227 411 MORALIUM
1267 354 1400 414 LIB.
1443 355 1655 414 XXIX.
1697 388 1769 402 —
1806 359 1878 417 IN
1917 359 2142 419 CAPUT
2181 365 2472 424 XXXVIII
2512 369 2573 424 Β.
2615 367 2758 426 JOB.

3364 369 3470 428 482

140 462 276 519 liata
305 465 628 557 trepidavit.
658 468 796 524 Nam
826 467 955 541 quia
982 484 1107 526 eum
1128 471 1275 526 Deus
1311 487 1475 543 quem
1504 474 1754 530 concutit
1785 477 1837 538 Α
1867 477 1965 533 tati
1991 479 2359 536 renuerint.—
2378 480 2519 548 Quia
2547 481 2679 537 dum
2710 481 2932 540 credere
2958 483 3179 542 veritati
3211 493 3475 557 renuunt,

139 560 314 623 tenet,
349 554 598 613 insinuat
626 571 722 630 per
751 558 1098 630 prophetam,
1129 559 1319 618 dicens
1353 579 1364 617 :
1411 562 1582 634 Super
1609 581 1761 636 quem

138 644 431 714 requiescet
459 645 685 717 spiritus
713 664 879 716 meus,
922 647 1030 703 nisi
1058 665 1219 721 super
1252 651 1501 706 humilem
1529 659 1576 707 et
1603 653 1760 724 quie-

143 738 278 798 tum,
305 740 356 788 et
397 740 696 791 trementem
735 753 1001 793 sermones
1028 755 1169 794 meos
1195 740 1359 810 (Isai.
1393 757 1549 809 var,
1579 731 1759 811 2,‘sec.

141 822 360 895 LXX)?
408 823 550 892 Quia
573 841 700 881 eum
732 841 895 900 quem
927 829 1175 886 concutit
1204 837 1373 900 tenet,
1421 834 1437 866 ¹
1469 832 1762 890 Salomone

140 920 447 970 attestante
476 913 794 984 intimatur,
820 917 950 990 quia
976 918 1085 974 ait:
1122 920 1320 976 Beatus
1338 921 1426 976 vir
1444 922 1536 992 qui
1562 940 1764 995 semper

139 1007 217 1056 est
237 1003 476 1074 pauidus
492 1022 514 1069 ;
542 1003 637 1074 qui
661 1012 836 1061 autem
864 1009 1051 1062 mentis
1069 1015 1144 1063 est
1157 1010 1326 1078 durce,
1354 1011 1560 1066 cor-ruit
1579 1013 1633 1066 in
1652 1030 1762 1069 ma-

144 1095 258 1150 lum
291 1095 482 1165 (Prov.
516 1112 726 1164 xxvm,
760 1097 872 1168 14).
923 1099 1100 1171 Igitur
1129 1101 1258 1172 quia
1289 1110 1536 1159 extrema
1563 1104 1763 1162 Iudaea

141 1187 426 1242 Dominus
447 1185 506 1240 in
527 1188 793 1258 apostolis
821 1189 1022 1257 tenuit,
1055 1197 1218 1263 atque
1247 1208 1316 1247 ex
1346 1192 1440 1248 illa
1467 1193 1686 1252 Scribas
1709 1201 1766 1250 et

141 1275 458 1332 Pharisaeos
487 1293 551 1333 ac
581 1277 870 1349 pontiﬁces
917 1279 1223 1351 impietatis
1264 1298 1375 1337 suae
1405 1283 1605 1340 merito
1634 1285 1765 1341 exi-

141 1373 310 1436 gente
338 1366 679 1438 reprobavit,
713 1367 850 1441 quid
877 1369 1060 1426 adhuc
1088 1369 1156 1427 de
1183 1385 1375 1429 eorum
1407 1372 1764 1432 damnatione

141 1453 418 1514 subdatur
443 1455 754 1516 audiamus.
784 1458 1046 1533 Sequitur
1073 1479 1086 1517 :

774 1575 1001 1633 CAPUT
1042 1577 1136 1633 IV.

217 1661 394 1721 Vsus.
426 1662 512 1720 14.
543 1694 614 1706 -
641 1665 968 1722 Restituetur
1007 1671 1068 1722 ut
1112 1667 1279 1722 lutum
1322 1666 1674 1738 signaculum,
1718 1676 1767 1726 et

142 1753 310 1809 stabit
335 1753 472 1808 sicut
497 1753 873 1811 aestimatum.

1869 567 2239 638 cognitionem
2270 569 2404 642 legis
2424 569 2482 625 in
2505 578 2828 643 perpetuum
2853 575 3147 642 amittunt;
3180 583 3234 632 et
3254 575 3386 632 dum
3409 575 3477 634 de

1870 665 2092 730 accepta
2137 659 2253 731 lege
2285 659 2636 732 superbiunt,
2685 659 2954 717 nimirum
2987 663 3054 720 de
3092 665 3334 722 scientia:
3363 683 3476 723 suae

1871 745 2044 817 gloria
2071 757 2363 806 caecantur.
2415 750 2692 822 Scriptum
2727 751 2931 824 quippe
2959 760 3040 808 est
3074 771 3084 809 :
3124 755 3509 811 Obscurentnr'

1871 835 2010 891 oculi
2036 853 2237 906 eorum,
2269 854 2332 894 ne
2359 839 2572 894 videant
2597 840 2780 911 (Psal.
2805 856 3006 909 vam,
3036 841 3153 914 24).
3202 843 3481 899 Rursum-

1872 940 1978 997 que
2007 925 2277 998 scriptum
2305 936 2419 985 est:
2453 931 2683 986 Excwca
2714 946 2805 984 cor
2828 930 3018 1001 populi
3040 929 3225 999 hujus,
3256 937 3302 986 et
3325 949 3482 987 aures

1872 1013 1988 1083 ejus
2011 1032 2248 1087 aggrava
2274 1019 2438 1089 (Isai.
2461 1035 2540 1087 vr,
2579 1018 2690 1091 10).
2719 1019 2791 1073 Et
2811 1034 3031 1075 rursum
3061 1019 3330 1092 scriptum
3363 1029 3477 1078 est:

1873 1103 1940 1158 In
1971 1103 2242 1173 judicium
2277 1123 2366 1179 ego
2411 1106 2469 1162 in
2508 1107 2644 1161 hunc
2684 1108 2941 1163 mundum
2969 1107 3108 1174 veni,
3155 1114 3213 1162 ut
3255 1109 3350 1180 qui
3378 1125 3485 1164 non

1873 1191 2071 1259 vident,
2089 1193 2338 1262 videant;
2357 1202 2406 1251 et
2427 1196 2520 1267 qui
2539 1197 2734 1265 vident,
2757 1196 2877 1252 eieci
2895 1197 3029 1269 ﬁant
3051 1198 3233 1269 (Joan.
3267 1214 3348 1266 rx,
3365 1198 3481 1270 39).

1875 1280 1946 1336 Et
1975 1282 2105 1356 quia
2125 1286 2451 1359 semetipsos
2477 1286 2545 1343 de
2577 1286 2711 1360 legis
2739 1286 3002 1360 operibus
3021 1295 3213 1346 contra
3233 1286 3483 1347 condito-

1873 1387 1990 1428 rem
2022 1373 2156 1448 legis
2185 1378 2525 1446 extuleruut,
2560 1384 2683 1450 apte
2710 1377 2972 1434 subditur
3004 1397 3016 1436 :

2507 1485 2736 1543 CAPUT
2774 1487 2869 1543 VI.

1954 1581 2090 1636 Iam.
2119 1607 2190 1619 —
2218 1579 2295 1633 Et
2321 1575 2594 1631 brachium
2622 1577 2881 1631 excelsum
2910 1581 3224 1634 conteretur.

1943 1669 1998 1724 9.
2034 1667 2273 1738 Superba
2306 1665 2430 1736 legis
2459 1663 2752 1720 observatio
2782 1665 3484 1736 reprobata.—Excelsum

1876 1758 2079 1831 quippe
2115 1755 2406 1812 brachium
2440 1755 2765 1823 conteritur,
2815 1755 3058 1828 quando,
3104 1757 3398 1828 praedicata
3426 1756 3487 1813 ﬁ-

219 1845 275 1901 6.
320 1846 500 1902 Judwi
527 1847 594 1904 ab
625 1847 858 1904 lateritio
888 1865 1044 1920 opere
1067 1846 1228 1920 prius
1258 1847 1490 1918 liberati,
1523 1851 1650 1905 dum
1675 1857 1771 1905 ter.
1799 1848 1848 1909 B
1875 1847 1965 1904 dei
1999 1845 2194 1919 gratia,
2238 1844 2472 1918 superba
2521 1845 2659 1916 legis
2688 1846 2937 1918 operatio
2984 1845 3329 1917 reprobatur,
3360 1861 3487 1902 cum

143 1953 282 1992 rena
333 1938 572 2009 sapiunt,
616 1938 812 1994 iterum
856 1939 928 1994 ad
977 1939 1166 1994 lateres
1208 1940 1500 1998 redierunt.
1531 1972 1601 1982 —
1629 1940 1775 2008 Quid

145 2026 304 2083 aliud
335 2027 616 2085 Dominus
644 2027 861 2100 plebem
886 2030 1242 2087 Israeliticam
1273 2029 1382 2086 nisi
1413 2030 1591 2086 lutum
1625 2046 1773 2102 repe-

149 2118 248 2185 rit,
290 2133 458 2191 quam
506 2117 788 2192 obsequiis
832 2119 1122 2192 gentilium
1165 2119 1409 2177 deditam
1444 2121 1501 2176 in
1529 2121 1773 2193 Egypto

153 2208 495 2266 servientem
520 2210 787 2268 lateribus
806 2211 1026 2267 invenit
1041 2211 1070 2267 ‘i
1089 2211 1264 2279 Quam
1286 2209 1418 2267 dum
1440 2218 1523 2268 tot
1540 2211 1772 2267 miracu-

153 2300 222 2356 lis
249 2298 321 2356 ad
352 2307 553 2357 terram
586 2315 744 2374 repro
763 2301 1048 2359 missionis
1078 2301 1242 2358 duxit
1284 2301 1489 2374 (Exod.
1522 2319 1578 2370 ν,
1610 2318 1714 2372 seq.
1723 2302 1769 2372 ),

149 2391 290 2448 dum
323 2390 643 2464 perductam
691 2393 1031 2466 cognitionis
1079 2409 1190 2450 suae
1225 2393 1457 2450 scientia
1493 2391 1767 2464 implevit,

149 2480 290 2537 dum
315 2487 400 2538 tot
429 2497 627 2539 arcana
657 2489 990 2540 secretorum
1015 2483 1063 2539 ei
1084 2499 1181 2556 per
1205 2482 1548 2556 prophetiam
1581 2488 1770 2538 contu-

151 2571 254 2638 lit;
289 2571 425 2644 quid
455 2587 576 2628 eam
606 2571 758 2629 aliud
779 2589 941 2646 quam
963 2571 1220 2629 servandi
1251 2571 1502 2645 mysterii
1522 2571 1770 2644 signacu-

152 2661 273 2716 lum
307 2661 486 2719 fecit?
536 2662 558 2697 ³
590 2663 711 2734 Ipsa
750 2663 950 2736 quippe
988 2662 1180 2719 divina
1208 2662 1496 2736 prophetia
1524 2663 1770 2718 clausum

155 2749 446 2808 continuit
477 2748 751 2822 quidquid
782 2749 848 2805 de
881 2766 936 2806 se
966 2748 1185 2806 Veritas
1215 2754 1353 2812 921
1390 2749 1448 2803 in
1478 2747 1587 2803 ﬁne
1616 2763 1770 2802 reve-

152 2847 316 2904 lavit.
351 2846 462 2903 Sed
492 2845 625 2902 dum
652 2854 778 2919 post
807 2855 888 2904 tot
917 2846 1110 2904 divina
1138 2855 1361 2916 secreta,
1394 2855 1516 2920 post
1544 2854 1626 2902 tot
1655 2862 1774 2918 per-

151 2946 318 3013 cepta
338 2937 612 2995 miracula
634 2937 689 2994 in
712 2937 1092 3009 Redemptoris
1111 2938 1194 2994 sui
1217 2936 1481 3006 adventu,
1512 2939 1637 3010 plus
1668 2944 1774 2992 ter-

155 3043 277 3084 ram
311 3043 478 3101 quam
511 3025 802 3082 veritatem
833 3024 1052 3094 dilexit,
1079 3042 1175 3099 per
1204 3025 1512 3082 sacerdotes
1542 3025 1730 3082 dicens
1757 3043 1769 3082 :

159 3123 220 3180 Si
261 3121 583 3178 dimittimus
612 3139 728 3176 eum
756 3120 852 3190 sic,
902 3137 1078 3176 omnes
1113 3121 1322 3176 credent
1348 3121 1406 3175 in
1433 3136 1571 3188 eum,
1604 3125 1651 3173 et
1679 3136 1775 3174 ve-

1881 1937 2086 1994 dicitur
2111 1955 2121 1991 :
2147 1938 2238 1990 E1:
2257 1935 2503 2007 ope-ribus
2523 1935 2646 2007 legis
2665 1950 2770 1990 non
2775 1933 3164 2008 justiﬁcabitur
3179 1935 3348 1991 omnis
3362 1951 3489 1991 caro

1883 2027 2058 2099 (Rom.
2090 2041 2173 2093 ιιι,
2206 2024 2321 2096 20).

1954 2117 2039 2174 10.
2084 2117 2346 2171 Extrema
2386 2114 2635 2171 Ecclesia!
2662 2114 2755 2185 qui
2792 2117 2934 2172 Deus
2962 2121 3010 2171 et
3040 2121 3207 2172 teneat
3234 2121 3282 2173 et
3306 2131 3490 2172 concu-

1883 2208 2002 2264 tiat.
2019 2237 2090 2249 —
2110 2206 2322 2264 Cuncta
2348 2212 2534 2261 tamen
2561 2205 2680 2262 haec
2709 2204 2945 2278 intelligi
2971 2212 3025 2262 et
3049 2205 3210 2262 aliter
3237 2214 3487 2279 possunt.

1881 2299 2103 2355 Terram
2133 2296 2334 2371 quippe
2363 2295 2649 2369 Scriptura
2670 2311 2823 2354 sacra
2853 2311 3051 2353 vocare
3079 2296 3369 2353 consuevit
3389 2297 3495 2354 Ec-

1881 2389 2125 2446 clesiam.
2145 2388 2409 2444 Extrema
2434 2385 2607 2458 igitur
2633 2395 2788 2442 terrae
2810 2385 3082 2442 Dominus
3109 2393 3259 2442 tenet
3286 2392 3341 2441 et
3364 2402 3492 2442 con-

1880 2480 2041 2550 cutit,
2071 2478 2202 2552 quia
2224 2477 2484 2534 Ecclesiae
2513 2493 2625 2533 suae
2654 2476 2853 2533 ultima
2881 2493 2976 2549 per
3004 2474 3304 2531 adventum
3333 2475 3492 2531 Anti-

1881 2568 2076 2627 christi
2108 2567 2492 2642 persecutione
2525 2565 2925 2622 immanissima
2956 2563 3170 2620 turbari
3197 2563 3492 2637 permittit,

1883 2676 1986 2716 nec
2007 2668 2191 2715 tamen
2213 2657 2584 2732 permittendo
2605 2656 2827 2712 deserit.
2852 2656 3005 2712 Hanc
3023 2662 3224 2712 terram
3241 2654 3494 2727 aliquan-

1885 2749 1956 2805 do
1977 2749 2248 2805 Dominus
2274 2756 2445 2816 tenet,
2478 2755 2531 2804 et
2561 2763 2674 2803 non
2705 2745 2985 2812 concutit;
3019 2743 3319 2818 aliquando
3346 2752 3496 2800 tenet

1885 2847 1938 2896 et
1959 2839 2228 2906 concutit,
2262 2839 2393 2912 quia
2414 2837 2580 2893 modo
2602 2853 2720 2892 eam
2745 2835 3044 2908 tranquilla
3074 2851 3204 2908 pace
3226 2833 3354 2889 ﬁdei
3375 2849 3495 2905 pos-

1884 2929 2046 2992 sidet,
2080 2927 2245 2984 modo
2275 2925 2614 2983 commoveri
2646 2925 2857 2996 impetu
2884 2922 3284 2996 persecutionis
3313 2922 3492 2995 jubet.

1957 3019 2042 3073 11.
2077 3017 2142 3073 In
2167 3016 2412 3072 Ecclesiae
2437 3014 2892 3086 persecutionibus
2918 3012 3051 3083 falsi
3080 3012 3376 3070 Christiani
3404 3028 3493 3065 ex-

1882 3108 2157 3164 cutiuntur
2185 3107 2323 3162 sicut
2357 3107 2636 3176 palew.—
2665 3104 2809 3160 Bene
2853 3111 3037 3158 autem
3071 3117 3199 3160 cum
3248 3100 3454 3157 diceret
3484 3119 3496 3158 :

154 3212 310 3268 nient
351 3211 602 3280 Romani,
658 3218 705 3266 et
753 3189 935 3266 tollent
983 3217 1221 3266 nostrum
1279 3211 1449 3266 locum
1495 3215 1541 3264 et
1578 3214 1773 3280 gentem
1802 3217 1846 3278 ρ
1881 3198 2141 3269 Nunquid
2172 3195 2382 3252 tenuisti
2416 3194 2710 3249 concutiens
2743 3198 2982 3248 extrema
3019 3196 3193 3261 ter-rce,
3226 3189 3379 3248 illico
3408 3189 3498 3246 ad-

162 3299 353 3373 (Joan.
379 3314 458 3364 χι,
483 3297 598 3370 48),
634 3297 789 3372 quasi
819 3297 888 3355 ad
909 3315 1001 3354 eos
1029 3312 1167 3370 quos
1187 3297 1244 3352 in
1272 3297 1516 3370 Egypto
1544 3295 1778 3368 relique-

160 3397 248 3446 ret
278 3388 476 3444 lateres
507 3385 708 3455 rediit;
742 3395 799 3444 et
827 3405 946 3461 qua
978 3387 1124 3444 facta
1149 3387 1266 3459 jam
1298 3386 1396 3441 Dei
1429 3385 1775 3458 signaculum

163 3481 371 3548 fuerat,
409 3477 477 3534 ad
508 3478 614 3535 hoc
659 3495 714 3534 se
745 3479 945 3535 iterum
980 3479 1127 3553 quod
1169 3479 1481 3535 deseruerat
1525 3476 1778 3545 inﬂexit;

164 3571 463 3642 lutumque
484 3585 540 3625 se
560 3576 685 3640 post
705 3569 1048 3641 signaculum
1071 3568 1130 3624 in
1151 3568 1329 3625 oculis
1349 3567 1601 3624 veritatis
1628 3565 1782 3621 exhi-

165 3662 314 3730 buit,
340 3676 468 3716 cum
497 3675 592 3733 per
614 3661 917 3732 impietatis
935 3661 1206 3716 malitiam
1240 3659 1448 3731 accepti
1479 3656 1635 3714 verbi
1667 3673 1784 3730 my-

167 3754 339 3812 steria
357 3751 624 3826 perdidit,
649 3760 704 3810 et
729 3753 850 3811 sola
880 3760 1097 3810 terrena
1121 3767 1307 3825 sapere
1339 3768 1460 3825 quae
1489 3749 1786 3824 inquinant

167 3845 358 3917 elegit.

247 3963 301 4019 7.
336 3961 452 4019 Soli
475 3961 666 4018 littera
682 3958 964 4016 servientes
983 3957 1092 4014 Deo
1107 3974 1207 4030 per
1226 3955 1534 4014 charitatem
1557 3956 1790 4014 adlicere-

170 4071 233 4111 re
251 4055 564 4110 noluerunt.
581 4083 652 4094 —
671 4051 777 4108 Ubi
798 4057 922 4124 apte
951 4048 1338 4122 subjungitur:
1370 4051 1446 4106 Et
1470 4049 1632 4106 stabit
1656 4049 1794 4104 sicut

176 4144 559 4200 vestimentum.
584 4140 844 4214 Impolita
865 4156 1103 4213 namque
1123 4147 1179 4196 et
1198 4140 1470 4213 grossiora
1498 4138 1790 4195 vestimen-

176 4244 235 4291 ta
251 4235 423 4290 etiam
451 4249 576 4290 cum
601 4230 798 4288 induta
825 4231 1056 4299 fuerint,
1075 4230 1206 4304 quia
1227 4229 1510 4286 induentis
1530 4227 1793 4285 membris

176 4326 322 4382 bene
351 4322 626 4398 applicata
653 4337 766 4378 non
797 4320 1092 4389 inhaerent,
1122 4327 1268 4377 stare
1298 4319 1574 4376 feruntur.
1607 4318 1796 4375 Iudaea

179 4416 354 4489 igitur
399 4413 549 4471 circa
597 4411 849 4468 veritatis
899 4411 1157 4467 notitiam
1206 4411 1373 4467 etiam
1421 4427 1548 4468 cum
1589 4409 1796 4466 servire

179 4503 487 4572 videretur,
536 4503 680 4558 sicut
713 4499 1108 4557 vestimentum
1137 4500 1308 4569 stetit,
1355 4500 1484 4573 quia
1511 4515 1606 4571 per
1634 4507 1797 4555 exte-

180 4600 333 4656 riora
362 4595 622 4652 mandata
649 4594 858 4652 servire
879 4609 935 4649 se
953 4593 1195 4649 Domino
1217 4592 1476 4661 ostendit,
1500 4591 1595 4648 sed
1615 4591 1794 4648 adhae-

179 4705 304 4747 rere
333 4687 385 4744 ei
412 4690 433 4723 ³
466 4703 562 4760 per
591 4683 878 4743 charitatis
906 4682 1329 4755 intelligentiam
1363 4683 1562 4739 noluit.
1597 4683 1619 4718 ‘
1646 4684 1791 4739 Dum

182 4779 362 4837 solam
383 4777 441 4832 in
458 4773 748 4849 praeceptis
767 4774 866 4830 Dei
895 4775 1134 4829 litteram
1156 4773 1354 4841 tenuit,
1376 4780 1430 4829 et
1449 4787 1791 4845 nequaquam

183 4885 245 4926 se
275 4883 372 4941 per
399 4867 659 4939 spiritum
680 4863 936 4922 sensibus
963 4863 1176 4919 intimis
1199 4861 1412 4935 junxit,
1445 4863 1597 4936 quasi
1628 4862 1676 4917 ei
1699 4861 1796 4935 qui

184 4975 245 5016 se
277 4958 534 5016 induerat
561 4973 675 5014 non
703 4954 955 5014 adhaesit.
987 4952 1092 5010 Ubi
1120 4960 1175 5009 et
1203 4961 1326 5026 apte
1358 4952 1711 5026 subjungitur
1744 4971 1755 5009 :

816 5044 1046 5102 CAPUT
1086 5043 1157 5100 V.

266 5140 438 5199 Vsus.
472 5140 560 5196 i5.
590 5168 662 5180 —
686 5135 981 5207 Auferetur
1008 5133 1075 5190 ab
1104 5131 1283 5205 impiis
1319 5133 1414 5189 lucc
1441 5148 1557 5188 sua.

263 5230 318 5289 8.
358 5230 716 5304 Cagnitionem
746 5227 872 5300 legis
899 5227 1214 5294 amiserunt,
1242 5224 1382 5297 quod
1416 5223 1623 5280 credere
1651 5223 1802 5280 veri-

273 5443 288 5478 ¹
333 5438 497 5499 Corb.
549 5439 759 5507 Germ.,
818 5435 1082 5505 Vindoc.,
1133 5434 1332 5505 Laud.,
1375 5433 1601 5504 Pratel.,
1639 5433 1804 5491 Salo-

191 5530 349 5571 mone
372 5518 650 5569 attestante
675 5527 772 5565 nos
800 5510 1023 5565 instruit
1049 5507 1141 5580 qui
1168 5508 1266 5563 ait.

273 5587 296 5622 ³
332 5585 426 5642 Sic
472 5583 635 5641 Corb.
697 5583 908 5648 Germ.,
972 5577 1204 5648 Turon.,
1260 5577 1496 5637 Vindoc.
1556 5584 1610 5633 et
1663 5594 1807 5634 unus

193 5657 426 5716 Ebroic.
458 5657 519 5711 In
550 5654 720 5710 Laud.
755 5653 993 5724 legitur;
1027 5652 1083 5706 in
1107 5653 1224 5724 ipsa
1255 5651 1446 5722 quippe
1473 5649 1656 5704 divina.
1680 5667 1806 5722 pro-

192 5729 482 5803 phetiazln
503 5727 727 5803 P_ratel.,
751 5723 992 5803 Uticensi
1014 5730 1068 5803 et
1087 5723 1157 5779 al.
1180 5723 1396 5803 Narin,
1418 5738 1555 5794 quos
1574 5737 1807 5795 sequuno

199 5794 294 5878 im:
317 5798 492 5878 eam,
525 5799 644 5878 iam
670 5797 863 5878 quippe
891 5796 983 5878 ἀίει
1013 5794 1391 5878 immutatis-

275 5874 295 5907 ³
339 5864 495 5926 Alter
524 5864 779 5936 Ebroic.,
796 5864 892 5938 per
919 5864 1194 5921 charitatis
1224 5864 1620 5935 indulgentiam.

1888 3287 2080 3360 junxit
2112 3306 2123 3343 :
2157 3289 2230 3344 Et
2258 3285 2537 3340 exc-ussisli
2567 3283 2756 3355 impios
2785 3301 2849 3339 ea:
2879 3285 2984 3340 ea?
3011 3287 3319 3339 Attestante
3349 3281 3500 3336 enim

1891 3379 2083 3446 Paulo,
2120 3376 2368 3450 plerique
2403 3375 2461 3430 in
2492 3391 2554 3430 ea
2592 3380 2722 3430 sunt
2762 3373 2854 3446 qui
2893 3372 3230 3431 conﬁtentur
3258 3387 3313 3428 se
3344 3386 3504 3427 nosse

1890 3470 2090 3536 Deum,
2123 3466 2284 3523 factis
2310 3473 2492 3521 autem
2523 3470 2726 3536 negant
2754 3462 2895 3535 (Tit.
2923 3480 2960 3531 ι,
2996 3463 3110 3535 16).
3146 3461 3347 3534 lmpios
3377 3476 3503 3532 ergo

1893 3576 1963 3616 ex
1988 3575 2051 3615 ea
2074 3555 2346 3614 Dominus
2373 3554 2606 3622 excutit,
2640 3554 2770 3626 quia
2790 3552 2848 3607 hi
2870 3569 3008 3626 quos
3027 3569 3177 3609 nunc
3205 3551 3403 3608 intima
3423 3550 3504 3606 vi-

1894 3647 1972 3704 tia
1991 3644 2297 3720 possident,
2327 3651 2462 3700 tunc
2492 3643 2548 3699 in
2580 3641 2898 3715 voraginem
2930 3650 3129 3715 apertae
3161 3639 3506 3697 inﬁdelitatis

1895 3736 2125 3803 cadent;
2159 3743 2321 3808 atque
2350 3732 2408 3789 in
2441 3749 2698 3790 acervum
2729 3733 3008 3804 palearum
3039 3737 3347 3798 transeunt,
3378 3745 3505 3785 cum

1894 3826 2220 3887 tentationis
2251 3824 2406 3882 illius
2434 3841 2569 3881 aura
2596 3831 3037 3881 commoventur.
3069 3823 3141 3878 Et
3169 3820 3423 3896 quamvis
3451 3836 3508 3876 se

1898 3935 2048 3975 nunc
2077 3915 2178 3974 sub
2208 3914 2387 3988 specie
2417 3913 2546 3970 ﬁdei
2577 3913 2724 3968 intra
2753 3927 2890 3969 areae
2920 3912 3103 3969 sinum
3135 3919 3343 3985 tegant,
3375 3918 3508 3966 tunc

1899 4009 2167 4066 nimirum
2184 4012 2342 4062 extra
2361 4018 2656 4076 granorum
2679 4002 2964 4060 cumulum
2981 4000 3220 4058 districti
3236 3997 3510 4057 examinis

1901 4097 2211 4156 ventilabro
2241 4093 2510 4151 resilient.

1977 4188 2120 4263 [Rec.
2151 4182 2278 4258 IV.]
2310 4187 2456 4247 922
2491 4182 2578 4241 12.
2610 4183 2679 4240 In
2704 4181 2819 4239 illis
2842 4180 3176 4253 signaculum
3205 4177 3328 4254 ﬁdei
3353 4177 3510 4234 verti-

1907 4295 1994 4344 tur
2020 4287 2079 4341 in
2109 4285 2296 4341 lutum.
2316 4280 2555 4340 —Unde
2584 4289 2639 4339 et
2668 4287 2792 4354 apte
2821 4278 3208 4353 subjungitur:
3241 4277 3514 4335 Restitua-

1908 4385 1995 4434 tu-r
2015 4384 2073 4432 ut
2094 4378 2263 4433 lutum
2283 4375 2638 4447 signaculum.
2661 4375 2742 4429 Ac
2769 4372 2817 4428 si
2845 4379 3031 4444 aperte
3052 4369 3262 4427 diceret
3283 4387 3293 4424 :
3327 4368 3398 4425 Hi
3419 4368 3515 4442 qui

1906 4487 2056 4527 nunc
2075 4467 2335 4524 videntur
2357 4466 2414 4521 in
2437 4464 2699 4523 Ecclesia
2720 4464 2849 4521 sinu
2870 4463 3239 4537 signaculum,
3263 4467 3397 4517 tunc
3422 4475 3516 4515 an-

1825 4594 1874 4654 D
1906 4569 1960 4618 te
1990 4559 2180 4617 oculos
2209 4556 2462 4614 omnium
2495 4555 2859 4611 restituentur
2887 4561 2949 4609 ut
2979 4553 3182 4620 lutum,
3214 4549 3272 4608 id
3292 4557 3395 4621 est,
3425 4565 3517 4606 ne-

1907 4667 2179 4728 quaquam
2207 4647 2420 4722 judicia
2439 4646 2730 4703 hominum
2764 4645 2832 4702 de
2862 4645 3202 4718 professione
3232 4641 3520 4714 religionis

1903 4743 2126 4809 fallunt,
2159 4742 2179 4775 5
2211 4739 2306 4796 sed
2336 4737 2485 4811 quod
2516 4744 2733 4793 terrena
2763 4735 2999 4808 sapiant,
3043 4734 3515 4791 demonstrantur.

1905 4834 2054 4890 Solet
2081 4830 2230 4886 enim
2262 4829 2546 4900 Scriptura
2575 4843 2727 4883 sacra
2755 4842 2854 4900 pro
2888 4824 2996 4880 ﬁde
3026 4823 3300 4896 appellare
3329 4821 3521 4892 signa—

1905 4924 2116 4990 culum,
2143 4937 2242 4993 pro
2271 4919 2568 4990 iniquitate
2596 4918 2797 4973 lutum.
2842 4915 2977 4972 Nam
3010 4913 3160 4969 ﬁlius
3183 4910 3375 4984 junior
3401 4909 3520 4983 qui,

1906 5021 2233 5084 consumpta
2253 5009 2580 5078 substantia,
2601 5007 2667 5064 ad
2691 5017 2899 5080 patrem
2923 5004 3088 5059 rediit
3111 5004 3262 5076 (Luc.
3281 5017 3380 5068 xv,
3401 4999 3520 5072 22),

1907 5105 1967 5161 in
2005 5117 2231 5158 munere
2261 5099 2528 5156 annulum
2559 5097 2789 5168 accepit.
2815 5093 3054 5152 Gentilis
3082 5090 3230 5148 enim
3262 5090 3521 5162 populus,

1909 5193 2026 5266 qui,
2059 5190 2477 5247 immortalitate
2503 5186 2736 5262 perdita,
2769 5184 2840 5241 ad
2867 5186 3044 5241 Deum
3074 5178 3394 5254 paenitendo
3427 5195 3525 5234 re-

1984 5427 2005 5462 ‘
2045 5426 2105 5483 In
2132 5426 2260 5482 Mss.
2302 5423 2516 5491 Norm.,
2567 5421 2685 5477 haec
2727 5419 2798 5476 ad
2838 5416 3181 5491 superiorem
3228 5412 3522 5491 periodum

1984 5434 2005 5462 ‘
2045 5434 2105 5483 In
2132 5434 2260 5482 Mss.
2302 5434 2516 5491 Norm.,
2567 5434 2685 5477 haec
2727 5434 2798 5476 au
2838 5434 3178 5545 superiorem
3228 5434 3522 5488 periouum

1913 5496 2426 5574 pertinent,_sicque
2450 5493 2652 5574 legitur
2676 5492 2808 5574 :‘se‘d
2833 5491 2909 5574 ad
2923 5506 3108 5574 ferere
3204 5486 3524 5574 perpluri-

1917 5560 2038 5627 latis
2060 5560 2456 5640 intelligentiam
2480 5560 2602 5640 (51;,
2625 5561 3056 5636 indulgentiam)
3079 5560 3273 5640 noluit,
3296 5560 3421 5640 dum
3442 5574 3527 5640 so-

1919 5646 2116 5700 lam....
2165 5630 2274 5697 lect.
2311 5630 2498 5695 tenuit;
2535 5630 2612 5693 Et
2637 5630 2975 5708 nequiquam
3005 5630 3125 5692 se...
3157 5632 3368 5702 jumit,
3398 5630 3527 5700 quia

1916 5717 1986 5781 ei,
2019 5723 2122 5771 etc.

1989 5770 2213 5845 5iCorb.
2247 5786 2454 5851 Germ.,
2505 5780 2702 5849 Laud.,
2752 5779 2949 5838 Pratel.
2983 5785 3038 5835 et
3068 5777 3142 5834 al.
3185 5775 3403 5843 Nomm,
3433 5770 3524 5828 804

1917 5875 2079 5931 quam
2109 5863 2320 5917 terrena
2352 5872 2446 5928 sap
2453 5855 2585 5911 iant.
