  <div class='ocr_page' id='page_1' title='image "/cluster/home/n/w/nwhite01/storage/ocr_20150623/76/umn.31951002477369g/249.png"; bbox 0 0 3920 6374; ppageno 0'>
   <div class='ocr_carea' id='block_1_1' title="bbox 417 345 528 404">
    <p class='ocr_par' dir='ltr' id='par_1_1' title="bbox 417 345 528 404">
     <span class='ocr_line' id='line_1_1' title="bbox 417 345 528 404; baseline 0.018 -2"><span class='ocrx_word' id='word_1_1' title='bbox 417 345 528 404; x_wconf 70' lang='grc'><strong>483</strong></span> 
     </span>
    </p>
   </div>
   <div class='ocr_carea' id='block_1_2' title="bbox 415 548 2028 631">
    <p class='ocr_par' dir='ltr' id='par_1_2' title="bbox 415 548 2028 631">
     <span class='ocr_line' id='line_1_2' title="bbox 415 548 2028 631; baseline -0.008 -17"><span class='ocrx_word' id='word_1_2' title='bbox 415 571 623 631; x_wconf 92' lang='lat' dir='ltr'><strong>sponso</strong></span> <span class='ocrx_word' id='word_1_3' title='bbox 651 569 753 611; x_wconf 90' lang='lat' dir='ltr'><strong>suo</strong></span> <span class='ocrx_word' id='word_1_4' title='bbox 784 551 1047 610; x_wconf 67' lang='lat' dir='ltr'><strong>Ecclesia</strong></span> <span class='ocrx_word' id='word_1_5' title='bbox 1071 551 1308 609; x_wconf 88' lang='lat' dir='ltr'><strong>dicitur:</strong></span> <span class='ocrx_word' id='word_1_6' title='bbox 1343 551 1486 608; x_wconf 88' lang='lat' dir='ltr'><strong>Pone</strong></span> <span class='ocrx_word' id='word_1_7' title='bbox 1510 567 1592 605; x_wconf 85' lang='lat' dir='ltr'><strong>me</strong></span> <span class='ocrx_word' id='word_1_8' title='bbox 1613 554 1673 604; x_wconf 91' lang='lat' dir='ltr'><strong>ut</strong></span> <span class='ocrx_word' id='word_1_9' title='bbox 1695 548 2028 621; x_wconf 74' lang='lat' dir='ltr'><strong>signaculum</strong></span> 
     </span>
    </p>
   </div>
   <div class='ocr_carea' id='block_1_3' title="bbox 415 637 2027 716">
    <p class='ocr_par' dir='ltr' id='par_1_3' title="bbox 415 637 2027 716">
     <span class='ocr_line' id='line_1_3' title="bbox 415 637 2027 716; baseline -0.007 -14"><span class='ocrx_word' id='word_1_10' title='bbox 415 662 576 716; x_wconf 85' lang='lat' dir='ltr'><strong>super</strong></span> <span class='ocrx_word' id='word_1_11' title='bbox 595 660 686 700; x_wconf 90' lang='lat' dir='ltr'><strong>cor</strong></span> <span class='ocrx_word' id='word_1_12' title='bbox 707 649 855 698; x_wconf 86' lang='lat' dir='ltr'><strong>tuum</strong></span> <span class='ocrx_word' id='word_1_13' title='bbox 878 643 1064 713; x_wconf 84' lang='lat' dir='ltr'><strong>(Cant.</strong></span> <span class='ocrx_word' id='word_1_14' title='bbox 1085 657 1211 710; x_wconf 77' lang='lat' dir='ltr'><strong>vui,</strong></span> <span class='ocrx_word' id='word_1_15' title='bbox 1227 640 1310 712; x_wconf 88' lang='lat'><strong>6).</strong></span> <span class='ocrx_word' id='word_1_16' title='bbox 1343 639 1556 696; x_wconf 81' lang='lat' dir='ltr'><strong>Idcirco</strong></span> <span class='ocrx_word' id='word_1_17' title='bbox 1585 653 1822 710; x_wconf 82' lang='lat' dir='ltr'><strong>namque</strong></span> <span class='ocrx_word' id='word_1_18' title='bbox 1849 637 2027 709; x_wconf 83' lang='lat' dir='ltr'><strong>signa-</strong></span> 
     </span>
    </p>
   </div>
   <div class='ocr_carea' id='block_1_4' title="bbox 411 727 2027 804">
    <p class='ocr_par' dir='ltr' id='par_1_4' title="bbox 411 727 2027 804">
     <span class='ocr_line' id='line_1_4' title="bbox 411 727 2027 804; baseline -0.006 -14"><span class='ocrx_word' id='word_1_19' title='bbox 411 733 606 790; x_wconf 86' lang='lat' dir='ltr'>culum</span> <span class='ocrx_word' id='word_1_20' title='bbox 632 731 796 789; x_wconf 84' lang='lat' dir='ltr'><strong>rebus</strong></span> <span class='ocrx_word' id='word_1_21' title='bbox 823 730 1080 804; x_wconf 50' lang='lat' dir='ltr'><strong>ponitnis</strong></span> <span class='ocrx_word' id='word_1_22' title='bbox 1098 747 1168 788; x_wconf 89' lang='lat' dir='ltr'><strong>ne</strong></span> <span class='ocrx_word' id='word_1_23' title='bbox 1187 746 1294 804; x_wconf 90' lang='lat' dir='ltr'><strong>qua</strong></span> <span class='ocrx_word' id='word_1_24' title='bbox 1317 727 1699 801; x_wconf 79' lang='lat' dir='ltr'><strong>diripientium</strong></span> <span class='ocrx_word' id='word_1_25' title='bbox 1729 741 2027 800; x_wconf 69' lang='lat' dir='ltr'><strong>praesump-</strong></span> 
     </span>
    </p>
   </div>
   <div class='ocr_carea' id='block_1_5' title="bbox 410 814 2028 892">
    <p class='ocr_par' dir='ltr' id='par_1_5' title="bbox 410 814 2028 892">
     <span class='ocr_line' id='line_1_5' title="bbox 410 814 2028 892; baseline -0.006 -14"><span class='ocrx_word' id='word_1_26' title='bbox 410 822 567 878; x_wconf 89' lang='lat' dir='ltr'><strong>tione</strong></span> <span class='ocrx_word' id='word_1_27' title='bbox 595 827 954 878; x_wconf 86' lang='lat' dir='ltr'><strong>temerentur.</strong></span> <span class='ocrx_word' id='word_1_28' title='bbox 985 820 1234 892; x_wconf 88' lang='lat' dir='ltr'><strong>Sponsus</strong></span> <span class='ocrx_word' id='word_1_29' title='bbox 1261 834 1392 889; x_wconf 90' lang='lat' dir='ltr'><strong>ergo</strong></span> <span class='ocrx_word' id='word_1_30' title='bbox 1426 818 1442 852; x_wconf 81' lang='grc'>¹</span> <span class='ocrx_word' id='word_1_31' title='bbox 1486 815 1544 872; x_wconf 92' lang='lat' dir='ltr'><strong>in</strong></span> <span class='ocrx_word' id='word_1_32' title='bbox 1571 814 1740 873; x_wconf 91' lang='lat' dir='ltr'><strong>corde</strong></span> <span class='ocrx_word' id='word_1_33' title='bbox 1763 816 2028 888; x_wconf 90' lang='lat' dir='ltr'><strong>signacu-</strong></span> 
     </span>
    </p>
   </div>
   <div class='ocr_carea' id='block_1_6' title="bbox 417 904 2028 984">
    <p class='ocr_par' dir='ltr' id='par_1_6' title="bbox 417 904 2028 984">
     <span class='ocr_line' id='line_1_6' title="bbox 417 904 2028 984; baseline -0.007 -15"><span class='ocrx_word' id='word_1_34' title='bbox 417 913 533 968; x_wconf 88' lang='lat' dir='ltr'><strong>lum</strong></span> <span class='ocrx_word' id='word_1_35' title='bbox 565 911 795 984; x_wconf 92' lang='lat' dir='ltr'><strong>ponitur</strong></span> <span class='ocrx_word' id='word_1_36' title='bbox 827 907 1052 980; x_wconf 79' lang='lat' dir='ltr'><strong>quando</strong></span> <span class='ocrx_word' id='word_1_37' title='bbox 1081 907 1210 963; x_wconf 90' lang='lat' dir='ltr'><strong>ﬁdei</strong></span> <span class='ocrx_word' id='word_1_38' title='bbox 1241 905 1360 978; x_wconf 92' lang='lat' dir='ltr'><strong>ejus</strong></span> <span class='ocrx_word' id='word_1_39' title='bbox 1388 905 1714 976; x_wconf 79' lang='lat' dir='ltr'><strong>mysterium</strong></span> <span class='ocrx_word' id='word_1_40' title='bbox 1743 904 1802 960; x_wconf 91' lang='lat' dir='ltr'><strong>in</strong></span> <span class='ocrx_word' id='word_1_41' title='bbox 1831 911 2028 960; x_wconf 88' lang='lat' dir='ltr'><strong>custo-</strong></span> 
     </span>
    </p>
   </div>
   <div class='ocr_carea' id='block_1_7' title="bbox 413 992 2028 1068">
    <p class='ocr_par' dir='ltr' id='par_1_7' title="bbox 413 992 2028 1068">
     <span class='ocr_line' id='line_1_7' title="bbox 413 992 2028 1068; baseline -0.004 -13"><span class='ocrx_word' id='word_1_42' title='bbox 413 999 505 1055; x_wconf 91' lang='lat' dir='ltr'><strong>dia</strong></span> <span class='ocrx_word' id='word_1_43' title='bbox 536 1006 738 1054; x_wconf 68' lang='lat' dir='ltr'><strong>nostra</strong></span> <span class='ocrx_word' id='word_1_44' title='bbox 771 994 1129 1068; x_wconf 73' lang='lat' dir='ltr'><strong>cogitationis</strong></span> <span class='ocrx_word' id='word_1_45' title='bbox 1157 992 1522 1066; x_wconf 84' lang='lat' dir='ltr'><strong>imprimitur,</strong></span> <span class='ocrx_word' id='word_1_46' title='bbox 1557 1000 1620 1050; x_wconf 90' lang='lat' dir='ltr'><strong>ut</strong></span> <span class='ocrx_word' id='word_1_47' title='bbox 1665 993 1760 1050; x_wconf 91' lang='lat' dir='ltr'><strong>ille</strong></span> <span class='ocrx_word' id='word_1_48' title='bbox 1786 992 2028 1050; x_wconf 91' lang='lat' dir='ltr'><strong>inﬁdelis</strong></span> 
     </span>
    </p>
   </div>
   <div class='ocr_carea' id='block_1_8' title="bbox 414 1081 2028 1156">
    <p class='ocr_par' dir='ltr' id='par_1_8' title="bbox 414 1081 2028 1156">
     <span class='ocr_line' id='line_1_8' title="bbox 414 1081 2028 1156; baseline -0.002 -14"><span class='ocrx_word' id='word_1_49' title='bbox 414 1102 626 1155; x_wconf 89' lang='lat' dir='ltr'><strong>servus,</strong></span> <span class='ocrx_word' id='word_1_50' title='bbox 649 1084 922 1141; x_wconf 89' lang='lat' dir='ltr'><strong>nimirum</strong></span> <span class='ocrx_word' id='word_1_51' title='bbox 943 1089 1129 1140; x_wconf 88' lang='lat' dir='ltr'><strong>noster</strong></span> <span class='ocrx_word' id='word_1_52' title='bbox 1148 1081 1521 1152; x_wconf 85' lang='lat' dir='ltr'><strong>adversarius,</strong></span> <span class='ocrx_word' id='word_1_53' title='bbox 1543 1098 1670 1139; x_wconf 90' lang='lat' dir='ltr'><strong>cum</strong></span> <span class='ocrx_word' id='word_1_54' title='bbox 1689 1083 1902 1156; x_wconf 88' lang='lat' dir='ltr'><strong>signata</strong></span> <span class='ocrx_word' id='word_1_55' title='bbox 1919 1082 2028 1139; x_wconf 91' lang='lat' dir='ltr'><strong>ﬁde</strong></span> 
     </span>
    </p>
   </div>
   <div class='ocr_carea' id='block_1_9' title="bbox 413 1173 2030 1246">
    <p class='ocr_par' dir='ltr' id='par_1_9' title="bbox 413 1173 2030 1246">
     <span class='ocr_line' id='line_1_9' title="bbox 413 1173 2030 1246; baseline -0.004 -11"><span class='ocrx_word' id='word_1_56' title='bbox 413 1178 580 1236; x_wconf 91' lang='lat' dir='ltr'><strong>corda</strong></span> <span class='ocrx_word' id='word_1_57' title='bbox 606 1176 942 1244; x_wconf 85' lang='lat' dir='ltr'><strong>considerat,</strong></span> <span class='ocrx_word' id='word_1_58' title='bbox 969 1173 1241 1231; x_wconf 90' lang='lat' dir='ltr'><strong>tentando</strong></span> <span class='ocrx_word' id='word_1_59' title='bbox 1270 1189 1335 1231; x_wconf 89' lang='lat' dir='ltr'><strong>ea</strong></span> <span class='ocrx_word' id='word_1_60' title='bbox 1355 1173 1662 1246; x_wconf 88' lang='lat' dir='ltr'><strong>irrumpere</strong></span> <span class='ocrx_word' id='word_1_61' title='bbox 1681 1189 1793 1230; x_wconf 92' lang='lat' dir='ltr'><strong>non</strong></span> <span class='ocrx_word' id='word_1_62' title='bbox 1814 1189 2030 1246; x_wconf 84' lang='lat' dir='ltr'><strong>praesu-</strong></span> 
     </span>
    </p>
   </div>
   <div class='ocr_carea' id='block_1_10' title="bbox 416 1261 2029 1335">
    <p class='ocr_par' dir='ltr' id='par_1_10' title="bbox 416 1261 2029 1335">
     <span class='ocr_line' id='line_1_10' title="bbox 416 1261 2029 1335; baseline -0.004 -11"><span class='ocrx_word' id='word_1_63' title='bbox 416 1275 550 1324; x_wconf 86' lang='lat' dir='ltr'><strong>mat.</strong></span> <span class='ocrx_word' id='word_1_64' title='bbox 581 1269 602 1302; x_wconf 78' lang='grc'>³</span> <span class='ocrx_word' id='word_1_65' title='bbox 631 1267 734 1323; x_wconf 89' lang='lat' dir='ltr'><strong>Per</strong></span> <span class='ocrx_word' id='word_1_66' title='bbox 755 1266 934 1322; x_wconf 89' lang='lat' dir='ltr'><strong>lutum</strong></span> <span class='ocrx_word' id='word_1_67' title='bbox 964 1280 1099 1320; x_wconf 89' lang='lat' dir='ltr'><strong>vero</strong></span> <span class='ocrx_word' id='word_1_68' title='bbox 1120 1271 1338 1320; x_wconf 87' lang='lat' dir='ltr'><strong>terrena</strong></span> <span class='ocrx_word' id='word_1_69' title='bbox 1366 1262 1621 1335; x_wconf 89' lang='lat' dir='ltr'><strong>contagia</strong></span> <span class='ocrx_word' id='word_1_70' title='bbox 1649 1261 2029 1319; x_wconf 89' lang='lat' dir='ltr'><strong>demonstran-</strong></span> 
     </span>
    </p>
   </div>
   <div class='ocr_carea' id='block_1_11' title="bbox 417 1353 2030 1428">
    <p class='ocr_par' dir='ltr' id='par_1_11' title="bbox 417 1353 2030 1428">
     <span class='ocr_line' id='line_1_11' title="bbox 417 1353 2030 1428; baseline -0.002 -14"><span class='ocrx_word' id='word_1_71' title='bbox 417 1367 528 1427; x_wconf 88' lang='lat' dir='ltr'><strong>tur,</strong></span> <span class='ocrx_word' id='word_1_72' title='bbox 549 1363 842 1414; x_wconf 85' lang='lat' dir='ltr'><strong>attestante</strong></span> <span class='ocrx_word' id='word_1_73' title='bbox 862 1353 1155 1411; x_wconf 88' lang='lat' dir='ltr'><strong>Psalmista</strong></span> <span class='ocrx_word' id='word_1_74' title='bbox 1175 1354 1271 1428; x_wconf 89' lang='lat' dir='ltr'><strong>qui</strong></span> <span class='ocrx_word' id='word_1_75' title='bbox 1291 1353 1372 1410; x_wconf 88' lang='lat' dir='ltr'><strong>ait</strong></span> <span class='ocrx_word' id='word_1_76' title='bbox 1394 1370 1408 1409; x_wconf 88' lang='lat'><strong>:</strong></span> <span class='ocrx_word' id='word_1_77' title='bbox 1441 1353 1701 1410; x_wconf 65' lang='lat' dir='ltr'><strong>Edumisti</strong></span> <span class='ocrx_word' id='word_1_78' title='bbox 1718 1370 1800 1408; x_wconf 90' lang='lat' dir='ltr'><strong>me</strong></span> <span class='ocrx_word' id='word_1_79' title='bbox 1827 1353 1889 1408; x_wconf 89' lang='lat' dir='ltr'><strong>de</strong></span> <span class='ocrx_word' id='word_1_80' title='bbox 1911 1355 2030 1410; x_wconf 90' lang='lat' dir='ltr'><strong>lacu</strong></span> 
     </span>
    </p>
   </div>
   <div class='ocr_carea' id='block_1_12' title="bbox 413 1440 2031 1516">
    <p class='ocr_par' dir='ltr' id='par_1_12' title="bbox 413 1440 2031 1516">
     <span class='ocr_line' id='line_1_12' title="bbox 413 1440 2031 1516; baseline -0.003 -13"><span class='ocrx_word' id='word_1_81' title='bbox 413 1447 662 1512; x_wconf 68' lang='lat' dir='ltr'><strong>miseria,</strong></span> <span class='ocrx_word' id='word_1_82' title='bbox 683 1451 732 1500; x_wconf 87' lang='lat' dir='ltr'><strong>et</strong></span> <span class='ocrx_word' id='word_1_83' title='bbox 759 1445 821 1500; x_wconf 81' lang='lat' dir='ltr'><strong>de</strong></span> <span class='ocrx_word' id='word_1_84' title='bbox 843 1445 954 1500; x_wconf 88' lang='lat' dir='ltr'><strong>luto</strong></span> <span class='ocrx_word' id='word_1_85' title='bbox 981 1443 1130 1515; x_wconf 69' lang='lat' dir='ltr'><strong>facis</strong></span> <span class='ocrx_word' id='word_1_86' title='bbox 1159 1444 1386 1516; x_wconf 85' lang='lat' dir='ltr'><strong>(Psalm.</strong></span> <span class='ocrx_word' id='word_1_87' title='bbox 1412 1459 1577 1512; x_wconf 79' lang='lat' dir='ltr'><strong>xxix,</strong></span> <span class='ocrx_word' id='word_1_88' title='bbox 1597 1442 1678 1515; x_wconf 92' lang='lat'><strong>3).</strong></span> <span class='ocrx_word' id='word_1_89' title='bbox 1701 1441 1843 1510; x_wconf 83' lang='lat' dir='ltr'><strong>Quia</strong></span> <span class='ocrx_word' id='word_1_90' title='bbox 1862 1440 2031 1513; x_wconf 78' lang='lat' dir='ltr'><strong>igitur</strong></span> 
     </span>
    </p>
   </div>
   <div class='ocr_carea' id='block_1_13' title="bbox 415 1529 2032 1605">
    <p class='ocr_par' dir='ltr' id='par_1_13' title="bbox 415 1529 2032 1605">
     <span class='ocr_line' id='line_1_13' title="bbox 415 1529 2032 1605; baseline -0.003 -14"><span class='ocrx_word' id='word_1_91' title='bbox 415 1534 580 1592; x_wconf 89' lang='lat' dir='ltr'><strong>multi</strong></span> <span class='ocrx_word' id='word_1_92' title='bbox 605 1535 666 1590; x_wconf 91' lang='lat' dir='ltr'><strong>in</strong></span> <span class='ocrx_word' id='word_1_93' title='bbox 695 1533 931 1592; x_wconf 85' lang='lat' dir='ltr'><strong>terrenis</strong></span> <span class='ocrx_word' id='word_1_94' title='bbox 963 1532 1234 1605; x_wconf 76' lang='lat' dir='ltr'><strong>contagiis</strong></span> <span class='ocrx_word' id='word_1_95' title='bbox 1263 1531 1504 1602; x_wconf 85' lang='lat' dir='ltr'><strong>inventi,</strong></span> <span class='ocrx_word' id='word_1_96' title='bbox 1533 1529 1788 1604; x_wconf 89' lang='lat' dir='ltr'><strong>perducti</strong></span> <span class='ocrx_word' id='word_1_97' title='bbox 1817 1529 1886 1586; x_wconf 91' lang='lat' dir='ltr'><strong>ad</strong></span> <span class='ocrx_word' id='word_1_98' title='bbox 1913 1531 2032 1587; x_wconf 89' lang='lat' dir='ltr'><strong>Ec-</strong></span> 
     </span>
    </p>
   </div>
   <div class='ocr_carea' id='block_1_14' title="bbox 414 1621 2033 1694">
    <p class='ocr_par' dir='ltr' id='par_1_14' title="bbox 414 1621 2033 1694">
     <span class='ocr_line' id='line_1_14' title="bbox 414 1621 2033 1694; baseline -0.003 -14"><span class='ocrx_word' id='word_1_99' title='bbox 414 1623 659 1692; x_wconf 75' lang='lat' dir='ltr'><strong>clesium,</strong></span> <span class='ocrx_word' id='word_1_100' title='bbox 704 1622 942 1680; x_wconf 70' lang='lat' dir='ltr'><strong>caelestis</strong></span> <span class='ocrx_word' id='word_1_101' title='bbox 969 1621 1099 1678; x_wconf 91' lang='lat' dir='ltr'><strong>ﬁdei</strong></span> <span class='ocrx_word' id='word_1_102' title='bbox 1129 1628 1473 1679; x_wconf 88' lang='lat' dir='ltr'><strong>sacramento</strong></span> <span class='ocrx_word' id='word_1_103' title='bbox 1515 1621 1826 1694; x_wconf 78' lang='lat' dir='ltr'><strong>signantur,</strong></span> <span class='ocrx_word' id='word_1_104' title='bbox 1858 1628 1912 1675; x_wconf 90' lang='lat' dir='ltr'><strong>et</strong></span> <span class='ocrx_word' id='word_1_105' title='bbox 1939 1626 2033 1676; x_wconf 91' lang='lat' dir='ltr'><strong>ta-</strong></span> 
     </span>
    </p>
   </div>
   <div class='ocr_carea' id='block_1_15' title="bbox 415 1711 2033 1786">
    <p class='ocr_par' dir='ltr' id='par_1_15' title="bbox 415 1711 2033 1786">
     <span class='ocr_line' id='line_1_15' title="bbox 415 1711 2033 1786; baseline -0.001 -15"><span class='ocrx_word' id='word_1_106' title='bbox 415 1731 544 1771; x_wconf 88' lang='lat' dir='ltr'><strong>men</strong></span> <span class='ocrx_word' id='word_1_107' title='bbox 574 1713 643 1770; x_wconf 87' lang='lat' dir='ltr'><strong>ab</strong></span> <span class='ocrx_word' id='word_1_108' title='bbox 672 1713 882 1786; x_wconf 87' lang='lat' dir='ltr'><strong>iniquis</strong></span> <span class='ocrx_word' id='word_1_109' title='bbox 909 1713 1170 1786; x_wconf 87' lang='lat' dir='ltr'><strong>operibus</strong></span> <span class='ocrx_word' id='word_1_110' title='bbox 1198 1728 1311 1769; x_wconf 92' lang='lat' dir='ltr'><strong>non</strong></span> <span class='ocrx_word' id='word_1_111' title='bbox 1352 1711 1640 1780; x_wconf 88' lang='lat' dir='ltr'><strong>recedunt,</strong></span> <span class='ocrx_word' id='word_1_112' title='bbox 1688 1727 1854 1785; x_wconf 87' lang='lat' dir='ltr'><strong>seque</strong></span> <span class='ocrx_word' id='word_1_113' title='bbox 1883 1726 2033 1769; x_wconf 89' lang='lat' dir='ltr'><strong>nunc</strong></span> 
     </span>
    </p>
   </div>
   <div class='ocr_carea' id='block_1_16' title="bbox 1635 331 2524 392">
    <p class='ocr_par' dir='ltr' id='par_1_16' title="bbox 1635 331 2524 392">
     <span class='ocr_line' id='line_1_16' title="bbox 1635 331 2524 392; baseline -0.001 0"><span class='ocrx_word' id='word_1_114' title='bbox 1635 335 1885 392; x_wconf 81' lang='lat' dir='ltr'><strong>SANCTI</strong></span> <span class='ocrx_word' id='word_1_115' title='bbox 1923 331 2260 392; x_wconf 76' lang='lat' dir='ltr'><strong>GREGORII</strong></span> <span class='ocrx_word' id='word_1_116' title='bbox 2296 331 2524 391; x_wconf 77' lang='lat' dir='ltr'><strong>MAGNI</strong></span> 
     </span>
    </p>
   </div>
   <div class='ocr_carea' id='block_1_17' title="bbox 419 456 2100 537">
    <p class='ocr_par' dir='ltr' id='par_1_17' title="bbox 419 456 2100 537">
     <span class='ocr_line' id='line_1_17' title="bbox 419 456 2100 537; baseline -0.007 -13"><span class='ocrx_word' id='word_1_117' title='bbox 419 468 676 534; x_wconf 78' lang='lat' dir='ltr'><strong>vertitur,</strong></span> <span class='ocrx_word' id='word_1_118' title='bbox 726 479 824 537; x_wconf 87' lang='lat' dir='ltr'><strong>per</strong></span> <span class='ocrx_word' id='word_1_119' title='bbox 863 461 993 519; x_wconf 91' lang='lat' dir='ltr'><strong>ﬁdei</strong></span> <span class='ocrx_word' id='word_1_120' title='bbox 1021 461 1367 536; x_wconf 76' lang='lat' dir='ltr'><strong>signaculum</strong></span> <span class='ocrx_word' id='word_1_121' title='bbox 1410 460 1680 520; x_wconf 87' lang='lat' dir='ltr'><strong>munitur.</strong></span> <span class='ocrx_word' id='word_1_122' title='bbox 1724 456 1880 516; x_wconf 87' lang='lat' dir='ltr'><strong>Unde</strong></span> <span class='ocrx_word' id='word_1_123' title='bbox 1909 465 1965 513; x_wconf 89' lang='lat' dir='ltr'><strong>et</strong></span> <span class='ocrx_word' id='word_1_124' title='bbox 1990 474 2021 513; x_wconf 87' lang='lat' dir='ltr'><strong>a</strong></span> <span class='ocrx_word' id='word_1_125' title='bbox 2047 465 2100 524; x_wconf 76' lang='grc' dir='ltr'><strong>Α</strong></span> 
     </span>
    </p>
   </div>
   <div class='ocr_carea' id='block_1_18' title="bbox 2723 452 3236 514">
    <p class='ocr_par' dir='ltr' id='par_1_18' title="bbox 2723 452 3236 514">
     <span class='ocr_line' id='line_1_18' title="bbox 2723 452 3236 514; baseline -0.002 0"><span class='ocrx_word' id='word_1_126' title='bbox 2723 454 2952 514; x_wconf 76' lang='lat' dir='ltr'><strong>CAPUT</strong></span> <span class='ocrx_word' id='word_1_127' title='bbox 2989 452 3111 510; x_wconf 81' lang='lat' dir='ltr'><strong>VII.</strong></span> <span class='ocrx_word' id='word_1_128' title='bbox 3223 503 3236 513; x_wconf 81' lang='lat'><strong>.</strong></span> 
     </span>
    </p>
   </div>
   <div class='ocr_carea' id='block_1_19' title="bbox 2205 542 3480 616">
    <p class='ocr_par' dir='ltr' id='par_1_19' title="bbox 2205 542 3480 616">
     <span class='ocr_line' id='line_1_19' title="bbox 2205 542 3480 616; baseline -0.005 -11"><span class='ocrx_word' id='word_1_129' title='bbox 2205 547 2378 605; x_wconf 74' lang='lat' dir='ltr'><strong>Vnus.</strong></span> <span class='ocrx_word' id='word_1_130' title='bbox 2412 548 2498 605; x_wconf 76' lang='grc'><strong>15.</strong></span> <span class='ocrx_word' id='word_1_131' title='bbox 2529 576 2597 589; x_wconf 91' lang='grc'><strong>-</strong></span> <span class='ocrx_word' id='word_1_132' title='bbox 2626 545 2921 616; x_wconf 77' lang='lat' dir='ltr'><strong>Auferetur</strong></span> <span class='ocrx_word' id='word_1_133' title='bbox 2945 544 3012 600; x_wconf 88' lang='lat' dir='ltr'><strong>ab</strong></span> <span class='ocrx_word' id='word_1_134' title='bbox 3032 542 3209 616; x_wconf 86' lang='lat' dir='ltr'><strong>impiis</strong></span> <span class='ocrx_word' id='word_1_135' title='bbox 3235 543 3334 598; x_wconf 75' lang='lat' dir='ltr'><strong>lus:</strong></span> <span class='ocrx_word' id='word_1_136' title='bbox 3358 557 3480 598; x_wconf 86' lang='lat' dir='ltr'><strong>sua.</strong></span> 
     </span>
    </p>
   </div>
   <div class='ocr_carea' id='block_1_20' title="bbox 2207 629 3754 704">
    <p class='ocr_par' dir='ltr' id='par_1_20' title="bbox 2207 629 3754 704">
     <span class='ocr_line' id='line_1_20' title="bbox 2207 629 3754 704; baseline -0.006 -11"><span class='ocrx_word' id='word_1_137' title='bbox 2207 637 2294 693; x_wconf 71' lang='grc'><strong>14.</strong></span> <span class='ocrx_word' id='word_1_138' title='bbox 2329 637 2672 694; x_wconf 84' lang='lat' dir='ltr'><strong>Credentibus</strong></span> <span class='ocrx_word' id='word_1_139' title='bbox 2696 641 2745 691; x_wconf 87' lang='lat' dir='ltr'><strong>et</strong></span> <span class='ocrx_word' id='word_1_140' title='bbox 2768 635 2908 690; x_wconf 89' lang='lat' dir='ltr'><strong>male</strong></span> <span class='ocrx_word' id='word_1_141' title='bbox 2931 632 3222 689; x_wconf 79' lang='lat' dir='ltr'><strong>viventibus</strong></span> <span class='ocrx_word' id='word_1_142' title='bbox 3249 630 3373 704; x_wconf 69' lang='lat' dir='ltr'><strong>ﬁdei</strong></span> <span class='ocrx_word' id='word_1_143' title='bbox 3398 631 3574 686; x_wconf 80' lang='lat' dir='ltr'><strong>lumen</strong></span> <span class='ocrx_word' id='word_1_144' title='bbox 3595 629 3754 700; x_wconf 80' lang='lat' dir='ltr'><strong>aufe-</strong></span> 
     </span>
    </p>
   </div>
   <div class='ocr_carea' id='block_1_21' title="bbox 2135 719 3752 798">
    <p class='ocr_par' dir='ltr' id='par_1_21' title="bbox 2135 719 3752 798">
     <span class='ocr_line' id='line_1_21' title="bbox 2135 719 3752 798; baseline -0.003 -17"><span class='ocrx_word' id='word_1_145' title='bbox 2135 733 2304 794; x_wconf 81' lang='lat' dir='ltr'><strong>retur,</strong></span> <span class='ocrx_word' id='word_1_146' title='bbox 2352 726 2584 782; x_wconf 79' lang='lat' dir='ltr'><strong>maa-ime</strong></span> <span class='ocrx_word' id='word_1_147' title='bbox 2621 722 2998 798; x_wconf 75' lang='lat' dir='ltr'><strong>persecutionis</strong></span> <span class='ocrx_word' id='word_1_148' title='bbox 3037 719 3354 778; x_wconf 70' lang='lat' dir='ltr'><strong>Antichristi</strong></span> <span class='ocrx_word' id='word_1_149' title='bbox 3393 725 3646 793; x_wconf 86' lang='lat' dir='ltr'><strong>tempore.</strong></span> <span class='ocrx_word' id='word_1_150' title='bbox 3679 751 3752 763; x_wconf 97' lang='lat'><em>—</em></span> 
     </span>
    </p>
   </div>
   <div class='ocr_carea' id='block_1_22' title="bbox 2134 811 3751 890">
    <p class='ocr_par' dir='ltr' id='par_1_22' title="bbox 2134 811 3751 890">
     <span class='ocr_line' id='line_1_22' title="bbox 2134 811 3751 890; baseline -0.006 -16"><span class='ocrx_word' id='word_1_151' title='bbox 2134 817 2321 890; x_wconf 86' lang='lat' dir='ltr'><strong>Neque</strong></span> <span class='ocrx_word' id='word_1_152' title='bbox 2349 816 2497 872; x_wconf 89' lang='lat' dir='ltr'><strong>enim</strong></span> <span class='ocrx_word' id='word_1_153' title='bbox 2526 831 2618 870; x_wconf 89' lang='lat' dir='ltr'><strong>eos</strong></span> <span class='ocrx_word' id='word_1_154' title='bbox 2648 831 2797 871; x_wconf 90' lang='lat' dir='ltr'><strong>nunc</strong></span> <span class='ocrx_word' id='word_1_155' title='bbox 2833 813 2934 870; x_wconf 91' lang='lat' dir='ltr'><strong>Dei</strong></span> <span class='ocrx_word' id='word_1_156' title='bbox 2963 812 3149 868; x_wconf 89' lang='lat' dir='ltr'><strong>lumen</strong></span> <span class='ocrx_word' id='word_1_157' title='bbox 3178 811 3440 878; x_wconf 85' lang='lat' dir='ltr'><strong>illustrat,</strong></span> <span class='ocrx_word' id='word_1_158' title='bbox 3472 813 3624 872; x_wconf 83' lang='lat'><strong>923</strong></span> <span class='ocrx_word' id='word_1_159' title='bbox 3651 811 3751 884; x_wconf 87' lang='lat' dir='ltr'><strong>qui</strong></span> 
     </span>
    </p>
   </div>
   <div class='ocr_carea' id='block_1_23' title="bbox 2137 905 3748 988">
    <p class='ocr_par' dir='ltr' id='par_1_23' title="bbox 2137 905 3748 988">
     <span class='ocr_line' id='line_1_23' title="bbox 2137 905 3748 988; baseline -0.005 -18"><span class='ocrx_word' id='word_1_160' title='bbox 2137 913 2452 988; x_wconf 87' lang='lat' dir='ltr'><strong>iniquitatis</strong></span> <span class='ocrx_word' id='word_1_161' title='bbox 2478 929 2590 969; x_wconf 68' lang='lat' dir='ltr'><strong>suae</strong></span> <span class='ocrx_word' id='word_1_162' title='bbox 2617 910 2888 968; x_wconf 89' lang='lat' dir='ltr'><strong>malitiam</strong></span> <span class='ocrx_word' id='word_1_163' title='bbox 2916 909 3046 966; x_wconf 92' lang='lat' dir='ltr'><strong>ﬁdei</strong></span> <span class='ocrx_word' id='word_1_164' title='bbox 3067 909 3294 966; x_wconf 90' lang='lat' dir='ltr'><strong>nomine</strong></span> <span class='ocrx_word' id='word_1_165' title='bbox 3314 907 3566 981; x_wconf 85' lang='lat' dir='ltr'><strong>palliant.</strong></span> <span class='ocrx_word' id='word_1_166' title='bbox 3601 905 3748 981; x_wconf 84' lang='lat' dir='ltr'><strong>[Vet.</strong></span> 
     </span>
    </p>
   </div>
   <div class='ocr_carea' id='block_1_24' title="bbox 2137 996 3752 1078">
    <p class='ocr_par' dir='ltr' id='par_1_24' title="bbox 2137 996 3752 1078">
     <span class='ocr_line' id='line_1_24' title="bbox 2137 996 3752 1078; baseline -0.005 -16"><span class='ocrx_word' id='word_1_167' title='bbox 2137 1007 2250 1070; x_wconf 88' lang='lat' dir='ltr'><strong>III,</strong></span> <span class='ocrx_word' id='word_1_168' title='bbox 2279 1006 2399 1062; x_wconf 85' lang='lat' dir='ltr'><strong>Rec.</strong></span> <span class='ocrx_word' id='word_1_169' title='bbox 2441 1002 2528 1078; x_wconf 82' lang='grc' dir='ltr'><strong>ν.]</strong></span> <span class='ocrx_word' id='word_1_170' title='bbox 2572 1003 2709 1060; x_wconf 89' lang='lat' dir='ltr'><strong>Nam</strong></span> <span class='ocrx_word' id='word_1_171' title='bbox 2757 1001 2888 1057; x_wconf 90' lang='lat' dir='ltr'><strong>dum</strong></span> <span class='ocrx_word' id='word_1_172' title='bbox 2932 999 3094 1074; x_wconf 89' lang='lat' dir='ltr'><strong>juxta</strong></span> <span class='ocrx_word' id='word_1_173' title='bbox 3136 997 3586 1072; x_wconf 69' lang='lat' dir='ltr'><strong>praedicationem</strong></span> <span class='ocrx_word' id='word_1_174' title='bbox 3617 996 3752 1054; x_wconf 88' lang='lat' dir='ltr'><strong>ﬁdei</strong></span> 
     </span>
    </p>
   </div>
   <div class='ocr_carea' id='block_1_25' title="bbox 2137 1086 3752 1165">
    <p class='ocr_par' dir='ltr' id='par_1_25' title="bbox 2137 1086 3752 1165">
     <span class='ocr_line' id='line_1_25' title="bbox 2137 1086 3752 1165; baseline -0.004 -17"><span class='ocrx_word' id='word_1_175' title='bbox 2137 1093 2326 1150; x_wconf 87' lang='lat' dir='ltr'><strong>vivere</strong></span> <span class='ocrx_word' id='word_1_176' title='bbox 2369 1093 2676 1165; x_wconf 89' lang='lat' dir='ltr'><strong>negligunt,</strong></span> <span class='ocrx_word' id='word_1_177' title='bbox 2740 1099 2795 1148; x_wconf 88' lang='lat' dir='ltr'><strong>et</strong></span> <span class='ocrx_word' id='word_1_178' title='bbox 2832 1099 3015 1147; x_wconf 86' lang='lat' dir='ltr'><strong>tamen</strong></span> <span class='ocrx_word' id='word_1_179' title='bbox 3049 1088 3296 1145; x_wconf 89' lang='lat' dir='ltr'><strong>eamdem</strong></span> <span class='ocrx_word' id='word_1_180' title='bbox 3349 1087 3515 1144; x_wconf 89' lang='lat' dir='ltr'><strong>ﬁdem</strong></span> <span class='ocrx_word' id='word_1_181' title='bbox 3563 1086 3752 1160; x_wconf 87' lang='lat' dir='ltr'><strong>specie</strong></span> 
     </span>
    </p>
   </div>
   <div class='ocr_carea' id='block_1_26' title="bbox 2137 1175 3750 1251">
    <p class='ocr_par' dir='ltr' id='par_1_26' title="bbox 2137 1175 3750 1251">
     <span class='ocr_line' id='line_1_26' title="bbox 2137 1175 3750 1251; baseline -0.006 -11"><span class='ocrx_word' id='word_1_182' title='bbox 2137 1192 2302 1240; x_wconf 88' lang='lat' dir='ltr'><strong>tenus</strong></span> <span class='ocrx_word' id='word_1_183' title='bbox 2331 1189 2688 1250; x_wconf 85' lang='lat' dir='ltr'><strong>venerantur,</strong></span> <span class='ocrx_word' id='word_1_184' title='bbox 2709 1181 2977 1237; x_wconf 89' lang='lat' dir='ltr'><strong>honorem</strong></span> <span class='ocrx_word' id='word_1_185' title='bbox 2997 1179 3127 1234; x_wconf 65' lang='lat' dir='ltr'><strong>vita:</strong></span> <span class='ocrx_word' id='word_1_186' title='bbox 3155 1176 3441 1251; x_wconf 61' lang='lat' dir='ltr'><strong>praesentis</strong></span> <span class='ocrx_word' id='word_1_187' title='bbox 3468 1192 3540 1232; x_wconf 82' lang='lat' dir='ltr'><strong>ex</strong></span> <span class='ocrx_word' id='word_1_188' title='bbox 3568 1175 3750 1232; x_wconf 83' lang='lat' dir='ltr'><strong>nomi-</strong></span> 
     </span>
    </p>
   </div>
   <div class='ocr_carea' id='block_1_27' title="bbox 2138 1264 3751 1345">
    <p class='ocr_par' dir='ltr' id='par_1_27' title="bbox 2138 1264 3751 1345">
     <span class='ocr_line' id='line_1_27' title="bbox 2138 1264 3751 1345; baseline -0.006 -16"><span class='ocrx_word' id='word_1_189' title='bbox 2138 1289 2208 1328; x_wconf 89' lang='lat' dir='ltr'><strong>ne</strong></span> <span class='ocrx_word' id='word_1_190' title='bbox 2250 1271 2538 1344; x_wconf 79' lang='lat' dir='ltr'><strong>religionis</strong></span> <span class='ocrx_word' id='word_1_191' title='bbox 2580 1279 2858 1345; x_wconf 67' lang='lat' dir='ltr'><strong>quaerunt,</strong></span> <span class='ocrx_word' id='word_1_192' title='bbox 2916 1268 3132 1341; x_wconf 90' lang='lat' dir='ltr'><strong>hocque</strong></span> <span class='ocrx_word' id='word_1_193' title='bbox 3185 1265 3266 1322; x_wconf 91' lang='lat' dir='ltr'><strong>eis</strong></span> <span class='ocrx_word' id='word_1_194' title='bbox 3306 1281 3378 1322; x_wconf 87' lang='lat' dir='ltr'><strong>ex</strong></span> <span class='ocrx_word' id='word_1_195' title='bbox 3421 1264 3530 1322; x_wconf 91' lang='lat' dir='ltr'><strong>ﬁde</strong></span> <span class='ocrx_word' id='word_1_196' title='bbox 3577 1265 3751 1332; x_wconf 90' lang='lat' dir='ltr'><strong>lucet,</strong></span> 
     </span>
    </p>
   </div>
   <div class='ocr_carea' id='block_1_28' title="bbox 2139 1354 3754 1436">
    <p class='ocr_par' dir='ltr' id='par_1_28' title="bbox 2139 1354 3754 1436">
     <span class='ocr_line' id='line_1_28' title="bbox 2139 1354 3754 1436; baseline -0.006 -17"><span class='ocrx_word' id='word_1_197' title='bbox 2139 1361 2287 1436; x_wconf 91' lang='lat' dir='ltr'><strong>quod</strong></span> <span class='ocrx_word' id='word_1_198' title='bbox 2315 1377 2408 1418; x_wconf 89' lang='lat' dir='ltr'><strong>eos</strong></span> <span class='ocrx_word' id='word_1_199' title='bbox 2438 1360 2577 1417; x_wconf 88' lang='lat' dir='ltr'><strong>ﬁdes</strong></span> <span class='ocrx_word' id='word_1_200' title='bbox 2604 1375 2790 1416; x_wconf 91' lang='lat' dir='ltr'><strong>coram</strong></span> <span class='ocrx_word' id='word_1_201' title='bbox 2820 1355 3144 1414; x_wconf 89' lang='lat' dir='ltr'><strong>hominibus</strong></span> <span class='ocrx_word' id='word_1_202' title='bbox 3173 1355 3406 1412; x_wconf 84' lang='lat' dir='ltr'><strong>refovet.</strong></span> <span class='ocrx_word' id='word_1_203' title='bbox 3443 1354 3586 1411; x_wconf 89' lang='lat' dir='ltr'><strong>Sunt</strong></span> <span class='ocrx_word' id='word_1_204' title='bbox 3615 1369 3754 1410; x_wconf 84' lang='lat' dir='ltr'><strong>vero</strong></span> 
     </span>
    </p>
   </div>
   <div class='ocr_carea' id='block_1_29' title="bbox 2140 1441 3752 1523">
    <p class='ocr_par' dir='ltr' id='par_1_29' title="bbox 2140 1441 3752 1523">
     <span class='ocr_line' id='line_1_29' title="bbox 2140 1441 3752 1523; baseline -0.006 -15"><span class='ocrx_word' id='word_1_205' title='bbox 2140 1450 2420 1520; x_wconf 88' lang='lat' dir='ltr'><strong>nonnulli,</strong></span> <span class='ocrx_word' id='word_1_206' title='bbox 2452 1449 2548 1523; x_wconf 91' lang='lat' dir='ltr'><strong>qui</strong></span> <span class='ocrx_word' id='word_1_207' title='bbox 2567 1457 2772 1506; x_wconf 63' lang='lat' dir='ltr'><strong>aeterna</strong></span> <span class='ocrx_word' id='word_1_208' title='bbox 2801 1464 2921 1521; x_wconf 66' lang='lat' dir='ltr'><strong>quae</strong></span> <span class='ocrx_word' id='word_1_209' title='bbox 2941 1446 3177 1503; x_wconf 89' lang='lat' dir='ltr'><strong>audiunt</strong></span> <span class='ocrx_word' id='word_1_210' title='bbox 3197 1445 3468 1502; x_wconf 84' lang='lat' dir='ltr'><strong>veraciter</strong></span> <span class='ocrx_word' id='word_1_211' title='bbox 3489 1441 3752 1511; x_wconf 89' lang='lat' dir='ltr'><strong>credunt,</strong></span> 
     </span>
    </p>
   </div>
   <div class='ocr_carea' id='block_1_30' title="bbox 2140 1531 3751 1612">
    <p class='ocr_par' dir='ltr' id='par_1_30' title="bbox 2140 1531 3751 1612">
     <span class='ocr_line' id='line_1_30' title="bbox 2140 1531 3751 1612; baseline -0.005 -16"><span class='ocrx_word' id='word_1_212' title='bbox 2140 1547 2194 1596; x_wconf 91' lang='lat' dir='ltr'><strong>et</strong></span> <span class='ocrx_word' id='word_1_213' title='bbox 2215 1548 2399 1596; x_wconf 90' lang='lat' dir='ltr'><strong>tamen</strong></span> <span class='ocrx_word' id='word_1_214' title='bbox 2418 1537 2597 1594; x_wconf 91' lang='lat' dir='ltr'><strong>eidem</strong></span> <span class='ocrx_word' id='word_1_215' title='bbox 2623 1554 2787 1612; x_wconf 89' lang='lat' dir='ltr'><strong>quam</strong></span> <span class='ocrx_word' id='word_1_216' title='bbox 2809 1543 3000 1593; x_wconf 89' lang='lat' dir='ltr'><strong>tenent</strong></span> <span class='ocrx_word' id='word_1_217' title='bbox 3029 1535 3159 1592; x_wconf 91' lang='lat' dir='ltr'><strong>ﬁdei</strong></span> <span class='ocrx_word' id='word_1_218' title='bbox 3180 1534 3323 1590; x_wconf 88' lang='lat' dir='ltr'><strong>male</strong></span> <span class='ocrx_word' id='word_1_219' title='bbox 3344 1531 3586 1589; x_wconf 90' lang='lat' dir='ltr'><strong>vivendo</strong></span> <span class='ocrx_word' id='word_1_220' title='bbox 3615 1548 3751 1588; x_wconf 84' lang='lat' dir='ltr'><strong>con-</strong></span> 
     </span>
    </p>
   </div>
   <div class='ocr_carea' id='block_1_31' title="bbox 2141 1621 3748 1699">
    <p class='ocr_par' dir='ltr' id='par_1_31' title="bbox 2141 1621 3748 1699">
     <span class='ocr_line' id='line_1_31' title="bbox 2141 1621 3748 1699; baseline -0.006 -13"><span class='ocrx_word' id='word_1_221' title='bbox 2141 1629 2440 1686; x_wconf 88' lang='lat' dir='ltr'><strong>tradicunt.</strong></span> <span class='ocrx_word' id='word_1_222' title='bbox 2493 1627 2709 1684; x_wconf 84' lang='lat' dir='ltr'><strong>Habent</strong></span> <span class='ocrx_word' id='word_1_223' title='bbox 2756 1626 2816 1683; x_wconf 91' lang='lat' dir='ltr'><strong>hi</strong></span> <span class='ocrx_word' id='word_1_224' title='bbox 2859 1640 3076 1699; x_wconf 91' lang='lat' dir='ltr'><strong>quoque</strong></span> <span class='ocrx_word' id='word_1_225' title='bbox 3108 1626 3130 1660; x_wconf 71' lang='grc'><strong>⁸</strong></span> <span class='ocrx_word' id='word_1_226' title='bbox 3177 1623 3239 1680; x_wconf 91' lang='lat' dir='ltr'><strong>in</strong></span> <span class='ocrx_word' id='word_1_227' title='bbox 3285 1621 3530 1679; x_wconf 88' lang='lat' dir='ltr'><strong>tenebris</strong></span> <span class='ocrx_word' id='word_1_228' title='bbox 3563 1621 3748 1678; x_wconf 90' lang='lat' dir='ltr'><strong>lucem</strong></span> 
     </span>
    </p>
   </div>
   <div class='ocr_carea' id='block_1_32' title="bbox 2141 1713 3752 1792">
    <p class='ocr_par' dir='ltr' id='par_1_32' title="bbox 2141 1713 3752 1792">
     <span class='ocr_line' id='line_1_32' title="bbox 2141 1713 3752 1792; baseline -0.004 -17"><span class='ocrx_word' id='word_1_229' title='bbox 2141 1735 2319 1786; x_wconf 88' lang='lat' dir='ltr'><strong>suam,</strong></span> <span class='ocrx_word' id='word_1_230' title='bbox 2351 1719 2483 1792; x_wconf 87' lang='lat' dir='ltr'><strong>quia</strong></span> <span class='ocrx_word' id='word_1_231' title='bbox 2513 1718 2646 1775; x_wconf 91' lang='lat' dir='ltr'><strong>dum</strong></span> <span class='ocrx_word' id='word_1_232' title='bbox 2686 1733 2944 1791; x_wconf 88' lang='lat' dir='ltr'><strong>perversa</strong></span> <span class='ocrx_word' id='word_1_233' title='bbox 2987 1723 3178 1790; x_wconf 90' lang='lat' dir='ltr'><strong>agunt,</strong></span> <span class='ocrx_word' id='word_1_234' title='bbox 3228 1722 3282 1771; x_wconf 90' lang='lat' dir='ltr'><strong>et</strong></span> <span class='ocrx_word' id='word_1_235' title='bbox 3309 1720 3493 1771; x_wconf 89' lang='lat' dir='ltr'><strong>tamen</strong></span> <span class='ocrx_word' id='word_1_236' title='bbox 3535 1713 3604 1769; x_wconf 91' lang='lat' dir='ltr'><strong>de</strong></span> <span class='ocrx_word' id='word_1_237' title='bbox 3633 1715 3752 1773; x_wconf 86' lang='lat' dir='ltr'><strong>Deo</strong></span> 
     </span>
    </p>
   </div>
   <div class='ocr_carea' id='block_1_33' title="bbox 415 1799 3748 1895">
    <p class='ocr_par' dir='ltr' id='par_1_33' title="bbox 415 1799 3748 1895">
     <span class='ocr_line' id='line_1_33' title="bbox 415 1799 3748 1895; baseline -0.006 -17"><span class='ocrx_word' id='word_1_238' title='bbox 415 1803 546 1895; x_wconf 60' lang='grc' dir='ltr'>ίίάξθξ</span> <span class='ocrx_word' id='word_1_239' title='bbox 566 1801 840 1895; x_wconf 52' lang='grc' dir='ltr'><strong>νβιδωίηθ</strong></span> <span class='ocrx_word' id='word_1_240' title='bbox 854 1809 1174 1895; x_wconf 43' lang='lat' dir='ltr'><strong>spumeum.</strong></span> <span class='ocrx_word' id='word_1_241' title='bbox 1192 1801 1428 1895; x_wconf 57' lang='grc' dir='ltr'><strong>ξθάοαω</strong></span> <span class='ocrx_word' id='word_1_242' title='bbox 1451 1809 1666 1895; x_wconf 57' lang='grc' dir='ltr'><strong>ῐθωριιξ</strong></span> <span class='ocrx_word' id='word_1_243' title='bbox 1685 1799 2024 1895; x_wconf 43' lang='lat' dir='ltr'><strong>immisti“)!</strong></span> <span class='ocrx_word' id='word_1_244' title='bbox 2058 1833 2105 1895; x_wconf 81' lang='grc' dir='ltr'><strong>Β</strong></span> <span class='ocrx_word' id='word_1_245' title='bbox 2141 1818 2285 1868; x_wconf 86' lang='lat' dir='ltr'><strong>recta</strong></span> <span class='ocrx_word' id='word_1_246' title='bbox 2313 1810 2582 1876; x_wconf 89' lang='lat' dir='ltr'><strong>sentiunt,</strong></span> <span class='ocrx_word' id='word_1_247' title='bbox 2611 1825 2679 1866; x_wconf 91' lang='lat' dir='ltr'><strong>ne</strong></span> <span class='ocrx_word' id='word_1_248' title='bbox 2712 1809 3095 1865; x_wconf 88' lang='lat' dir='ltr'><strong>tenebrescant</strong></span> <span class='ocrx_word' id='word_1_249' title='bbox 3121 1804 3399 1874; x_wconf 90' lang='lat' dir='ltr'><strong>funditus,</strong></span> <span class='ocrx_word' id='word_1_250' title='bbox 3417 1820 3490 1860; x_wconf 81' lang='lat' dir='ltr'><strong>ex</strong></span> <span class='ocrx_word' id='word_1_251' title='bbox 3509 1802 3748 1877; x_wconf 88' lang='lat' dir='ltr'><strong>quadam</strong></span> 
     </span>
    </p>
   </div>
   <div class='ocr_carea' id='block_1_34' title="bbox 416 1888 2026 1964">
    <p class='ocr_par' dir='ltr' id='par_1_34' title="bbox 416 1888 2026 1964">
     <span class='ocr_line' id='line_1_34' title="bbox 416 1888 2026 1964; baseline -0.004 -16"><span class='ocrx_word' id='word_1_252' title='bbox 416 1891 553 1964; x_wconf 87' lang='lat' dir='ltr'><strong>quid</strong></span> <span class='ocrx_word' id='word_1_253' title='bbox 577 1891 691 1948; x_wconf 89' lang='lat' dir='ltr'><strong>sint</strong></span> <span class='ocrx_word' id='word_1_254' title='bbox 723 1891 991 1948; x_wconf 88' lang='lat' dir='ltr'><strong>veraciter</strong></span> <span class='ocrx_word' id='word_1_255' title='bbox 1017 1890 1337 1962; x_wconf 89' lang='lat' dir='ltr'><strong>ostendunt,</strong></span> <span class='ocrx_word' id='word_1_256' title='bbox 1370 1899 1514 1947; x_wconf 89' lang='lat' dir='ltr'><strong>recte</strong></span> <span class='ocrx_word' id='word_1_257' title='bbox 1543 1888 1752 1947; x_wconf 91' lang='lat' dir='ltr'><strong>dicitur</strong></span> <span class='ocrx_word' id='word_1_258' title='bbox 1786 1907 1798 1945; x_wconf 90' lang='lat'>:</span> <span class='ocrx_word' id='word_1_259' title='bbox 1841 1888 2026 1946; x_wconf 86' lang='lat' dir='ltr'><strong>Resti-</strong></span> 
     </span>
    </p>
   </div>
   <div class='ocr_carea' id='block_1_35' title="bbox 417 1976 2030 2053">
    <p class='ocr_par' dir='ltr' id='par_1_35' title="bbox 417 1976 2030 2053">
     <span class='ocr_line' id='line_1_35' title="bbox 417 1976 2030 2053; baseline -0.002 -16"><span class='ocrx_word' id='word_1_260' title='bbox 417 1987 594 2038; x_wconf 85' lang='lat' dir='ltr'><strong>tuetur</strong></span> <span class='ocrx_word' id='word_1_261' title='bbox 620 1981 676 2036; x_wconf 91' lang='lat' dir='ltr'><strong>in</strong></span> <span class='ocrx_word' id='word_1_262' title='bbox 705 1981 875 2036; x_wconf 87' lang='lat' dir='ltr'><strong>lutum</strong></span> <span class='ocrx_word' id='word_1_263' title='bbox 904 1981 1257 2053; x_wconf 77' lang='lat' dir='ltr'><strong>signaculum.</strong></span> <span class='ocrx_word' id='word_1_264' title='bbox 1305 1982 1456 2049; x_wconf 89' lang='lat' dir='ltr'><strong>Quos</strong></span> <span class='ocrx_word' id='word_1_265' title='bbox 1483 1979 1634 2036; x_wconf 89' lang='lat' dir='ltr'><strong>enim</strong></span> <span class='ocrx_word' id='word_1_266' title='bbox 1663 1993 1814 2034; x_wconf 87' lang='lat' dir='ltr'><strong>nunc</strong></span> <span class='ocrx_word' id='word_1_267' title='bbox 1840 1976 2030 2034; x_wconf 89' lang='lat' dir='ltr'><strong>ﬁdeles</strong></span> 
     </span>
    </p>
   </div>
   <div class='ocr_carea' id='block_1_36' title="bbox 415 2071 2031 2150">
    <p class='ocr_par' dir='ltr' id='par_1_36' title="bbox 415 2071 2031 2150">
     <span class='ocr_line' id='line_1_36' title="bbox 415 2071 2031 2150; baseline -0.006 -15"><span class='ocrx_word' id='word_1_268' title='bbox 415 2077 715 2144; x_wconf 86' lang='lat' dir='ltr'><strong>credimus,</strong></span> <span class='ocrx_word' id='word_1_269' title='bbox 773 2076 924 2150; x_wconf 87' lang='lat' dir='ltr'><strong>ipsos</strong></span> <span class='ocrx_word' id='word_1_270' title='bbox 968 2084 1102 2133; x_wconf 90' lang='lat' dir='ltr'><strong>tunc</strong></span> <span class='ocrx_word' id='word_1_271' title='bbox 1129 2074 1264 2131; x_wconf 88' lang='lat' dir='ltr'><strong>ﬁdei</strong></span> <span class='ocrx_word' id='word_1_272' title='bbox 1305 2071 1492 2130; x_wconf 85' lang='lat' dir='ltr'><strong>hostes</strong></span> <span class='ocrx_word' id='word_1_273' title='bbox 1537 2071 1928 2138; x_wconf 89' lang='lat' dir='ltr'><strong>inveniemus;</strong></span> <span class='ocrx_word' id='word_1_274' title='bbox 1976 2078 2031 2126; x_wconf 89' lang='lat' dir='ltr'><strong>et</strong></span> 
     </span>
    </p>
   </div>
   <div class='ocr_carea' id='block_1_37' title="bbox 415 2161 2031 2242">
    <p class='ocr_par' dir='ltr' id='par_1_37' title="bbox 415 2161 2031 2242">
     <span class='ocr_line' id='line_1_37' title="bbox 415 2161 2031 2242; baseline -0.006 -18"><span class='ocrx_word' id='word_1_275' title='bbox 415 2167 670 2242; x_wconf 88' lang='lat' dir='ltr'><strong>quamvis</strong></span> <span class='ocrx_word' id='word_1_276' title='bbox 714 2173 1016 2239; x_wconf 85' lang='lat' dir='ltr'><strong>appareant</strong></span> <span class='ocrx_word' id='word_1_277' title='bbox 1063 2179 1178 2220; x_wconf 92' lang='lat' dir='ltr'><strong>non</strong></span> <span class='ocrx_word' id='word_1_278' title='bbox 1219 2162 1419 2220; x_wconf 89' lang='lat' dir='ltr'><strong>tentati</strong></span> <span class='ocrx_word' id='word_1_279' title='bbox 1464 2161 1838 2234; x_wconf 77' lang='lat' dir='ltr'><strong>signaculum,</strong></span> <span class='ocrx_word' id='word_1_280' title='bbox 1868 2167 2031 2216; x_wconf 89' lang='lat' dir='ltr'><strong>erunt</strong></span> 
     </span>
    </p>
   </div>
   <div class='ocr_carea' id='block_1_38' title="bbox 415 2248 2028 2331">
    <p class='ocr_par' dir='ltr' id='par_1_38' title="bbox 415 2248 2028 2331">
     <span class='ocr_line' id='line_1_38' title="bbox 415 2248 2028 2331; baseline -0.006 -17"><span class='ocrx_word' id='word_1_281' title='bbox 415 2259 610 2331; x_wconf 87' lang='lat' dir='ltr'><strong>procul</strong></span> <span class='ocrx_word' id='word_1_282' title='bbox 655 2256 830 2313; x_wconf 88' lang='lat' dir='ltr'><strong>dubio</strong></span> <span class='ocrx_word' id='word_1_283' title='bbox 859 2255 1057 2313; x_wconf 89' lang='lat' dir='ltr'><strong>tentati</strong></span> <span class='ocrx_word' id='word_1_284' title='bbox 1088 2255 1292 2311; x_wconf 91' lang='lat' dir='ltr'><strong>lutum.</strong></span> <span class='ocrx_word' id='word_1_285' title='bbox 1325 2251 1481 2308; x_wconf 89' lang='lat' dir='ltr'><strong>Unde</strong></span> <span class='ocrx_word' id='word_1_286' title='bbox 1521 2260 1578 2307; x_wconf 91' lang='lat' dir='ltr'><strong>et</strong></span> <span class='ocrx_word' id='word_1_287' title='bbox 1610 2257 1756 2306; x_wconf 89' lang='lat' dir='ltr'><strong>recte</strong></span> <span class='ocrx_word' id='word_1_288' title='bbox 1798 2248 2028 2318; x_wconf 88' lang='lat' dir='ltr'><strong>dicitur,</strong></span> 
     </span>
    </p>
   </div>
   <div class='ocr_carea' id='block_1_39' title="bbox 414 2339 2029 2418">
    <p class='ocr_par' dir='ltr' id='par_1_39' title="bbox 414 2339 2029 2418">
     <span class='ocr_line' id='line_1_39' title="bbox 414 2339 2029 2418; baseline -0.005 -16"><span class='ocrx_word' id='word_1_289' title='bbox 414 2348 756 2414; x_wconf 81' lang='lat' dir='ltr'><strong>Restituetur,</strong></span> <span class='ocrx_word' id='word_1_290' title='bbox 791 2345 923 2418; x_wconf 89' lang='lat' dir='ltr'><strong>quia</strong></span> <span class='ocrx_word' id='word_1_291' title='bbox 953 2343 1135 2418; x_wconf 90' lang='lat' dir='ltr'><strong>qualis</strong></span> <span class='ocrx_word' id='word_1_292' title='bbox 1165 2357 1357 2398; x_wconf 90' lang='lat' dir='ltr'><strong>eorum</strong></span> <span class='ocrx_word' id='word_1_293' title='bbox 1383 2339 1723 2398; x_wconf 86' lang='lat' dir='ltr'><strong>conscientia</strong></span> <span class='ocrx_word' id='word_1_294' title='bbox 1749 2355 1864 2396; x_wconf 90' lang='lat' dir='ltr'><strong>esse</strong></span> <span class='ocrx_word' id='word_1_295' title='bbox 1901 2346 2029 2394; x_wconf 88' lang='lat' dir='ltr'><strong>ante</strong></span> 
     </span>
    </p>
   </div>
   <div class='ocr_carea' id='block_1_40' title="bbox 415 2428 2030 2510">
    <p class='ocr_par' dir='ltr' id='par_1_40' title="bbox 415 2428 2030 2510">
     <span class='ocr_line' id='line_1_40' title="bbox 415 2428 2030 2510; baseline -0.004 -19"><span class='ocrx_word' id='word_1_296' title='bbox 415 2434 579 2493; x_wconf 88' lang='lat' dir='ltr'><strong>ﬁdem</strong></span> <span class='ocrx_word' id='word_1_297' title='bbox 619 2436 825 2510; x_wconf 90' lang='lat' dir='ltr'><strong>potuit,</strong></span> <span class='ocrx_word' id='word_1_298' title='bbox 877 2436 899 2470; x_wconf 83' lang='grc'>³</span> <span class='ocrx_word' id='word_1_299' title='bbox 931 2435 1070 2490; x_wconf 82' lang='lat' dir='ltr'><strong>tales</strong></span> <span class='ocrx_word' id='word_1_300' title='bbox 1097 2448 1190 2488; x_wconf 91' lang='lat' dir='ltr'><strong>eos</strong></span> <span class='ocrx_word' id='word_1_301' title='bbox 1219 2437 1343 2502; x_wconf 92' lang='lat' dir='ltr'><strong>post</strong></span> <span class='ocrx_word' id='word_1_302' title='bbox 1383 2429 1612 2486; x_wconf 90' lang='lat' dir='ltr'><strong>modum</strong></span> <span class='ocrx_word' id='word_1_303' title='bbox 1656 2428 1886 2502; x_wconf 89' lang='lat' dir='ltr'><strong>reproba</strong></span> <span class='ocrx_word' id='word_1_304' title='bbox 1915 2428 2030 2484; x_wconf 86' lang='lat' dir='ltr'><strong>vita</strong></span> 
     </span>
    </p>
   </div>
   <div class='ocr_carea' id='block_1_41' title="bbox 413 2517 2030 2596">
    <p class='ocr_par' dir='ltr' id='par_1_41' title="bbox 413 2517 2030 2596">
     <span class='ocr_line' id='line_1_41' title="bbox 413 2517 2030 2596; baseline -0.007 -14"><span class='ocrx_word' id='word_1_305' title='bbox 413 2525 717 2582; x_wconf 90' lang='lat' dir='ltr'><strong>convincit.</strong></span> <span class='ocrx_word' id='word_1_306' title='bbox 742 2525 822 2581; x_wconf 91' lang='lat' dir='ltr'><strong>De</strong></span> <span class='ocrx_word' id='word_1_307' title='bbox 846 2522 1052 2596; x_wconf 89' lang='lat' dir='ltr'><strong>quibus</strong></span> <span class='ocrx_word' id='word_1_308' title='bbox 1069 2527 1195 2594; x_wconf 89' lang='lat' dir='ltr'><strong>apte</strong></span> <span class='ocrx_word' id='word_1_309' title='bbox 1219 2517 1575 2592; x_wconf 87' lang='lat' dir='ltr'><strong>subjungitur</strong></span> <span class='ocrx_word' id='word_1_310' title='bbox 1596 2537 1607 2575; x_wconf 90' lang='lat'>:</span> <span class='ocrx_word' id='word_1_311' title='bbox 1627 2519 1702 2576; x_wconf 89' lang='lat' dir='ltr'><strong>Et</strong></span> <span class='ocrx_word' id='word_1_312' title='bbox 1719 2517 1877 2574; x_wconf 89' lang='lat' dir='ltr'><strong>stabit</strong></span> <span class='ocrx_word' id='word_1_313' title='bbox 1893 2517 2030 2572; x_wconf 82' lang='lat' dir='ltr'><strong>sicut</strong></span> 
     </span>
    </p>
   </div>
   <div class='ocr_carea' id='block_1_42' title="bbox 415 2615 797 2669">
    <p class='ocr_par' dir='ltr' id='par_1_42' title="bbox 415 2615 797 2669">
     <span class='ocr_line' id='line_1_42' title="bbox 415 2615 797 2669; baseline -0.005 -1"><span class='ocrx_word' id='word_1_314' title='bbox 415 2632 498 2668; x_wconf 72' lang='lat' dir='ltr'><strong>res</strong></span> <span class='ocrx_word' id='word_1_315' title='bbox 504 2615 620 2669; x_wconf 81' lang='lat' dir='ltr'><strong>time</strong></span> <span class='ocrx_word' id='word_1_316' title='bbox 626 2620 774 2668; x_wconf 71' lang='lat' dir='ltr'><strong>nium</strong></span> <span class='ocrx_word' id='word_1_317' title='bbox 785 2655 797 2666; x_wconf 94' lang='lat'><strong>.</strong></span> 
     </span>
    </p>
   </div>
   <div class='ocr_carea' id='block_1_43' title="bbox 488 2697 2024 2772">
    <p class='ocr_par' dir='ltr' id='par_1_43' title="bbox 488 2697 2024 2772">
     <span class='ocr_line' id='line_1_43' title="bbox 488 2697 2024 2772; baseline -0.006 -11"><span class='ocrx_word' id='word_1_318' title='bbox 488 2704 574 2760; x_wconf 79' lang='lat' dir='ltr'><strong>i5.</strong></span> <span class='ocrx_word' id='word_1_319' title='bbox 615 2703 804 2764; x_wconf 78' lang='lat' dir='ltr'><strong>Multis</strong></span> <span class='ocrx_word' id='word_1_320' title='bbox 830 2718 969 2756; x_wconf 86' lang='lat' dir='ltr'><strong>nunc</strong></span> <span class='ocrx_word' id='word_1_321' title='bbox 996 2700 1152 2772; x_wconf 88' lang='lat' dir='ltr'><strong>quasi</strong></span> <span class='ocrx_word' id='word_1_322' title='bbox 1172 2699 1485 2756; x_wconf 80' lang='lat' dir='ltr'><strong>vestimentis</strong></span> <span class='ocrx_word' id='word_1_323' title='bbox 1513 2705 1744 2756; x_wconf 87' lang='lat' dir='ltr'><strong>ornatur</strong></span> <span class='ocrx_word' id='word_1_324' title='bbox 1766 2697 2024 2765; x_wconf 83' lang='lat' dir='ltr'><strong>Ecclesia,</strong></span> 
     </span>
    </p>
   </div>
   <div class='ocr_carea' id='block_1_44' title="bbox 420 2787 2027 2864">
    <p class='ocr_par' dir='ltr' id='par_1_44' title="bbox 420 2787 2027 2864">
     <span class='ocr_line' id='line_1_44' title="bbox 420 2787 2027 2864; baseline -0.004 -16"><span class='ocrx_word' id='word_1_325' title='bbox 420 2793 630 2864; x_wconf 82' lang='lat' dir='ltr'><strong>quibus,</strong></span> <span class='ocrx_word' id='word_1_326' title='bbox 656 2793 918 2863; x_wconf 78' lang='lat' dir='ltr'><strong>ﬂagrante</strong></span> <span class='ocrx_word' id='word_1_327' title='bbox 940 2789 1318 2862; x_wconf 84' lang='lat' dir='ltr'><strong>persecutione,</strong></span> <span class='ocrx_word' id='word_1_328' title='bbox 1349 2788 1730 2844; x_wconf 84' lang='lat' dir='ltr'><strong>nudabitur.—</strong></span> <span class='ocrx_word' id='word_1_329' title='bbox 1751 2787 1854 2843; x_wconf 92' lang='lat' dir='ltr'><strong>Tot</strong></span> <span class='ocrx_word' id='word_1_330' title='bbox 1877 2802 2027 2842; x_wconf 90' lang='lat' dir='ltr'><strong>nunc</strong></span> 
     </span>
    </p>
   </div>
   <div class='ocr_carea' id='block_1_45' title="bbox 417 2874 2026 2956">
    <p class='ocr_par' dir='ltr' id='par_1_45' title="bbox 417 2874 2026 2956">
     <span class='ocr_line' id='line_1_45' title="bbox 417 2874 2026 2956; baseline -0.005 -18"><span class='ocrx_word' id='word_1_331' title='bbox 417 2881 574 2956; x_wconf 89' lang='lat' dir='ltr'><strong>quasi</strong></span> <span class='ocrx_word' id='word_1_332' title='bbox 597 2879 844 2937; x_wconf 87' lang='lat' dir='ltr'><strong>vestibus</strong></span> <span class='ocrx_word' id='word_1_333' title='bbox 861 2887 1051 2936; x_wconf 89' lang='lat' dir='ltr'><strong>sancta</strong></span> <span class='ocrx_word' id='word_1_334' title='bbox 1063 2878 1310 2934; x_wconf 89' lang='lat' dir='ltr'><strong>Ecclesia</strong></span> <span class='ocrx_word' id='word_1_335' title='bbox 1329 2877 1603 2946; x_wconf 90' lang='lat' dir='ltr'><strong>induitur,</strong></span> <span class='ocrx_word' id='word_1_336' title='bbox 1623 2885 1755 2950; x_wconf 91' lang='lat' dir='ltr'><strong>quot</strong></span> <span class='ocrx_word' id='word_1_337' title='bbox 1774 2874 2026 2930; x_wconf 89' lang='lat' dir='ltr'><strong>ﬁdelium</strong></span> 
     </span>
    </p>
   </div>
   <div class='ocr_carea' id='block_1_46' title="bbox 417 2966 2023 3040">
    <p class='ocr_par' dir='ltr' id='par_1_46' title="bbox 417 2966 2023 3040">
     <span class='ocr_line' id='line_1_46' title="bbox 417 2966 2023 3040; baseline -0.004 -11"><span class='ocrx_word' id='word_1_338' title='bbox 417 2973 773 3029; x_wconf 86' lang='lat' dir='ltr'><strong>veneratione</strong></span> <span class='ocrx_word' id='word_1_339' title='bbox 791 2970 1100 3028; x_wconf 89' lang='lat' dir='ltr'><strong>decoratur.</strong></span> <span class='ocrx_word' id='word_1_340' title='bbox 1126 2968 1280 3026; x_wconf 89' lang='lat' dir='ltr'><strong>Unde</strong></span> <span class='ocrx_word' id='word_1_341' title='bbox 1295 2978 1348 3026; x_wconf 91' lang='lat' dir='ltr'><strong>et</strong></span> <span class='ocrx_word' id='word_1_342' title='bbox 1364 2968 1413 3025; x_wconf 92' lang='lat' dir='ltr'><strong>ei</strong></span> <span class='ocrx_word' id='word_1_343' title='bbox 1433 2967 1670 3025; x_wconf 89' lang='lat' dir='ltr'><strong>ostensis</strong></span> <span class='ocrx_word' id='word_1_344' title='bbox 1700 2966 2023 3040; x_wconf 77' lang='lat' dir='ltr'><strong>gentilibus,</strong></span> 
     </span>
    </p>
   </div>
   <div class='ocr_carea' id='block_1_47' title="bbox 414 3055 2030 3134">
    <p class='ocr_par' dir='ltr' id='par_1_47' title="bbox 414 3055 2030 3134">
     <span class='ocr_line' id='line_1_47' title="bbox 414 3055 2030 3134; baseline -0.006 -14"><span class='ocrx_word' id='word_1_345' title='bbox 414 3080 446 3119; x_wconf 85' lang='lat' dir='ltr'><strong>a</strong></span> <span class='ocrx_word' id='word_1_346' title='bbox 489 3062 729 3120; x_wconf 91' lang='lat' dir='ltr'><strong>Domino</strong></span> <span class='ocrx_word' id='word_1_347' title='bbox 779 3076 878 3134; x_wconf 89' lang='lat' dir='ltr'><strong>per</strong></span> <span class='ocrx_word' id='word_1_348' title='bbox 921 3058 1252 3133; x_wconf 85' lang='lat' dir='ltr'><strong>Prophetam</strong></span> <span class='ocrx_word' id='word_1_349' title='bbox 1287 3058 1540 3115; x_wconf 87' lang='lat' dir='ltr'><strong>dicitur:</strong></span> <span class='ocrx_word' id='word_1_350' title='bbox 1585 3057 1710 3117; x_wconf 80' lang='lat' dir='ltr'><strong>Vivo</strong></span> <span class='ocrx_word' id='word_1_351' title='bbox 1737 3073 1851 3128; x_wconf 83' lang='lat' dir='ltr'><strong>ego,</strong></span> <span class='ocrx_word' id='word_1_352' title='bbox 1897 3055 2030 3110; x_wconf 85' lang='lat' dir='ltr'><strong>dicit</strong></span> 
     </span>
    </p>
   </div>
   <div class='ocr_carea' id='block_1_48' title="bbox 413 3145 2025 3223">
    <p class='ocr_par' dir='ltr' id='par_1_48' title="bbox 413 3145 2025 3223">
     <span class='ocr_line' id='line_1_48' title="bbox 413 3145 2025 3223; baseline -0.006 -15"><span class='ocrx_word' id='word_1_353' title='bbox 413 3153 692 3222; x_wconf 84' lang='lat' dir='ltr'><strong>Dom-inus,</strong></span> <span class='ocrx_word' id='word_1_354' title='bbox 722 3151 852 3223; x_wconf 85' lang='lat' dir='ltr'><strong>quia</strong></span> <span class='ocrx_word' id='word_1_355' title='bbox 895 3149 1137 3206; x_wconf 84' lang='lat' dir='ltr'><strong>omnibus</strong></span> <span class='ocrx_word' id='word_1_356' title='bbox 1181 3148 1262 3204; x_wconf 88' lang='lat' dir='ltr'><strong>his</strong></span> <span class='ocrx_word' id='word_1_357' title='bbox 1289 3149 1430 3204; x_wconf 72' lang='lat' dir='ltr'><strong>velut</strong></span> <span class='ocrx_word' id='word_1_358' title='bbox 1452 3152 1760 3202; x_wconf 87' lang='lat' dir='ltr'><strong>ornamento</strong></span> <span class='ocrx_word' id='word_1_359' title='bbox 1787 3145 2025 3200; x_wconf 79' lang='lat' dir='ltr'><strong>vestieris</strong></span> 
     </span>
    </p>
   </div>
   <div class='ocr_carea' id='block_1_49' title="bbox 2138 1892 3754 1972">
    <p class='ocr_par' dir='ltr' id='par_1_49' title="bbox 2138 1892 3754 1972">
     <span class='ocr_line' id='line_1_49' title="bbox 2138 1892 3754 1972; baseline -0.006 -16"><span class='ocrx_word' id='word_1_360' title='bbox 2138 1907 2291 1972; x_wconf 88' lang='lat' dir='ltr'><strong>parte</strong></span> <span class='ocrx_word' id='word_1_361' title='bbox 2335 1899 2550 1970; x_wconf 83' lang='lat' dir='ltr'><strong>fulgore</strong></span> <span class='ocrx_word' id='word_1_362' title='bbox 2597 1897 2828 1954; x_wconf 88' lang='lat' dir='ltr'><strong>luminis</strong></span> <span class='ocrx_word' id='word_1_363' title='bbox 2871 1897 3243 1954; x_wconf 88' lang='lat' dir='ltr'><strong>illustrantur.</strong></span> <span class='ocrx_word' id='word_1_364' title='bbox 3292 1893 3401 1962; x_wconf 88' lang='lat' dir='ltr'><strong>Qui</strong></span> <span class='ocrx_word' id='word_1_365' title='bbox 3443 1893 3582 1949; x_wconf 89' lang='lat' dir='ltr'><strong>dum</strong></span> <span class='ocrx_word' id='word_1_366' title='bbox 3623 1892 3754 1964; x_wconf 89' lang='lat' dir='ltr'><strong>plus</strong></span> 
     </span>
    </p>
   </div>
   <div class='ocr_carea' id='block_1_50' title="bbox 2139 1984 3752 2061">
    <p class='ocr_par' dir='ltr' id='par_1_50' title="bbox 2139 1984 3752 2061">
     <span class='ocr_line' id='line_1_50' title="bbox 2139 1984 3752 2061; baseline -0.004 -15"><span class='ocrx_word' id='word_1_367' title='bbox 2139 1998 2356 2046; x_wconf 90' lang='lat' dir='ltr'><strong>terrena</strong></span> <span class='ocrx_word' id='word_1_368' title='bbox 2384 2004 2550 2061; x_wconf 90' lang='lat' dir='ltr'><strong>quam</strong></span> <span class='ocrx_word' id='word_1_369' title='bbox 2579 1988 2844 2057; x_wconf 74' lang='lat' dir='ltr'><strong>cmlestia,</strong></span> <span class='ocrx_word' id='word_1_370' title='bbox 2884 1987 3010 2060; x_wconf 90' lang='lat' dir='ltr'><strong>plus</strong></span> <span class='ocrx_word' id='word_1_371' title='bbox 3046 2003 3168 2060; x_wconf 60' lang='lat' dir='ltr'><strong>quas</strong></span> <span class='ocrx_word' id='word_1_372' title='bbox 3197 1984 3392 2041; x_wconf 91' lang='lat' dir='ltr'><strong>vident</strong></span> <span class='ocrx_word' id='word_1_373' title='bbox 3417 1999 3584 2057; x_wconf 83' lang='lat' dir='ltr'><strong>quam</strong></span> <span class='ocrx_word' id='word_1_374' title='bbox 3627 1998 3752 2055; x_wconf 69' lang='lat' dir='ltr'><strong>quae</strong></span> 
     </span>
    </p>
   </div>
   <div class='ocr_carea' id='block_1_51' title="bbox 2139 2071 3750 2150">
    <p class='ocr_par' dir='ltr' id='par_1_51' title="bbox 2139 2071 3750 2150">
     <span class='ocr_line' id='line_1_51' title="bbox 2139 2071 3750 2150; baseline -0.004 -16"><span class='ocrx_word' id='word_1_375' title='bbox 2139 2079 2396 2146; x_wconf 89' lang='lat' dir='ltr'><strong>audiunt,</strong></span> <span class='ocrx_word' id='word_1_376' title='bbox 2428 2079 2449 2114; x_wconf 78' lang='grc'><strong><em>⁵</em></strong></span> <span class='ocrx_word' id='word_1_377' title='bbox 2480 2076 2745 2149; x_wconf 90' lang='lat' dir='ltr'><strong>diligunt,</strong></span> <span class='ocrx_word' id='word_1_378' title='bbox 2777 2077 3031 2150; x_wconf 88' lang='lat' dir='ltr'><strong>pulsante</strong></span> <span class='ocrx_word' id='word_1_379' title='bbox 3059 2072 3459 2149; x_wconf 86' lang='lat' dir='ltr'><strong>persecutionis</strong></span> <span class='ocrx_word' id='word_1_380' title='bbox 3487 2071 3750 2138; x_wconf 86' lang='lat' dir='ltr'><strong>articulo,</strong></span> 
     </span>
    </p>
   </div>
   <div class='ocr_carea' id='block_1_52' title="bbox 2139 2159 3753 2240">
    <p class='ocr_par' dir='ltr' id='par_1_52' title="bbox 2139 2159 3753 2240">
     <span class='ocr_line' id='line_1_52' title="bbox 2139 2159 3753 2240; baseline -0.006 -16"><span class='ocrx_word' id='word_1_381' title='bbox 2139 2167 2289 2240; x_wconf 93' lang='lat' dir='ltr'><strong>quod</strong></span> <span class='ocrx_word' id='word_1_382' title='bbox 2310 2175 2523 2224; x_wconf 90' lang='lat' dir='ltr'><strong>rectum</strong></span> <span class='ocrx_word' id='word_1_383' title='bbox 2554 2167 2778 2223; x_wconf 90' lang='lat' dir='ltr'><strong>credere</strong></span> <span class='ocrx_word' id='word_1_384' title='bbox 2799 2165 3134 2222; x_wconf 89' lang='lat' dir='ltr'><strong>videbantur</strong></span> <span class='ocrx_word' id='word_1_385' title='bbox 3158 2163 3445 2220; x_wconf 87' lang='lat' dir='ltr'><strong>amittunt.</strong></span> <span class='ocrx_word' id='word_1_386' title='bbox 3470 2159 3630 2230; x_wconf 86' lang='lat' dir='ltr'><strong>Quod</strong></span> <span class='ocrx_word' id='word_1_387' title='bbox 3651 2160 3753 2216; x_wconf 90' lang='lat' dir='ltr'><strong>illo</strong></span> 
     </span>
    </p>
   </div>
   <div class='ocr_carea' id='block_1_53' title="bbox 2140 2249 3753 2328">
    <p class='ocr_par' dir='ltr' id='par_1_53' title="bbox 2140 2249 3753 2328">
     <span class='ocr_line' id='line_1_53' title="bbox 2140 2249 3753 2328; baseline -0.004 -16"><span class='ocrx_word' id='word_1_388' title='bbox 2140 2256 2382 2312; x_wconf 89' lang='lat' dir='ltr'><strong>maxime</strong></span> <span class='ocrx_word' id='word_1_389' title='bbox 2409 2263 2655 2328; x_wconf 87' lang='lat' dir='ltr'><strong>tempore</strong></span> <span class='ocrx_word' id='word_1_390' title='bbox 2686 2254 3052 2327; x_wconf 88' lang='lat' dir='ltr'><strong>multiplicius</strong></span> <span class='ocrx_word' id='word_1_391' title='bbox 3078 2253 3283 2326; x_wconf 89' lang='lat' dir='ltr'><strong>agitur,</strong></span> <span class='ocrx_word' id='word_1_392' title='bbox 3326 2249 3572 2325; x_wconf 88' lang='lat' dir='ltr'><strong>quando,</strong></span> <span class='ocrx_word' id='word_1_393' title='bbox 3612 2266 3753 2306; x_wconf 88' lang='lat' dir='ltr'><strong>sur-</strong></span> 
     </span>
    </p>
   </div>
   <div class='ocr_carea' id='block_1_54' title="bbox 2139 2339 3749 2419">
    <p class='ocr_par' dir='ltr' id='par_1_54' title="bbox 2139 2339 3749 2419">
     <span class='ocr_line' id='line_1_54' title="bbox 2139 2339 3749 2419; baseline -0.004 -17"><span class='ocrx_word' id='word_1_394' title='bbox 2139 2354 2298 2419; x_wconf 89' lang='lat' dir='ltr'><strong>gente</strong></span> <span class='ocrx_word' id='word_1_395' title='bbox 2326 2346 2446 2419; x_wconf 89' lang='lat' dir='ltr'><strong>ipso</strong></span> <span class='ocrx_word' id='word_1_396' title='bbox 2476 2347 2801 2419; x_wconf 91' lang='lat' dir='ltr'><strong>iniquorum</strong></span> <span class='ocrx_word' id='word_1_397' title='bbox 2831 2343 3032 2416; x_wconf 89' lang='lat' dir='ltr'><strong>capite,</strong></span> <span class='ocrx_word' id='word_1_398' title='bbox 3069 2343 3128 2399; x_wconf 92' lang='lat' dir='ltr'><strong>in</strong></span> <span class='ocrx_word' id='word_1_399' title='bbox 3159 2349 3407 2399; x_wconf 87' lang='lat' dir='ltr'><strong>sanctam</strong></span> <span class='ocrx_word' id='word_1_400' title='bbox 3440 2339 3749 2397; x_wconf 73' lang='lat' dir='ltr'><strong>Ecclesium</strong></span> 
     </span>
    </p>
   </div>
   <div class='ocr_carea' id='block_1_55' title="bbox 2139 2428 3752 2508">
    <p class='ocr_par' dir='ltr' id='par_1_55' title="bbox 2139 2428 3752 2508">
     <span class='ocr_line' id='line_1_55' title="bbox 2139 2428 3752 2508; baseline -0.004 -18"><span class='ocrx_word' id='word_1_401' title='bbox 2139 2435 2521 2508; x_wconf 89' lang='lat' dir='ltr'><strong>persecutione</strong></span> <span class='ocrx_word' id='word_1_402' title='bbox 2540 2434 2958 2504; x_wconf 89' lang='lat' dir='ltr'><strong>ultima,liberis</strong></span> <span class='ocrx_word' id='word_1_403' title='bbox 2977 2432 3092 2489; x_wconf 89' lang='lat' dir='ltr'><strong>suis</strong></span> <span class='ocrx_word' id='word_1_404' title='bbox 3111 2431 3326 2488; x_wconf 86' lang='lat' dir='ltr'><strong>viribus</strong></span> <span class='ocrx_word' id='word_1_405' title='bbox 3339 2428 3458 2502; x_wconf 91' lang='lat' dir='ltr'><strong>ejus</strong></span> <span class='ocrx_word' id='word_1_406' title='bbox 3476 2428 3752 2485; x_wconf 87' lang='lat' dir='ltr'><strong>fortitudo</strong></span> 
     </span>
    </p>
   </div>
   <div class='ocr_carea' id='block_1_56' title="bbox 2139 2517 3752 2599">
    <p class='ocr_par' dir='ltr' id='par_1_56' title="bbox 2139 2517 3752 2599">
     <span class='ocr_line' id='line_1_56' title="bbox 2139 2517 3752 2599; baseline -0.004 -19"><span class='ocrx_word' id='word_1_407' title='bbox 2139 2532 2432 2599; x_wconf 84' lang='lat' dir='ltr'><strong>grassatur.</strong></span> <span class='ocrx_word' id='word_1_408' title='bbox 2466 2524 2549 2580; x_wconf 91' lang='lat' dir='ltr'><strong>Ibi</strong></span> <span class='ocrx_word' id='word_1_409' title='bbox 2573 2532 2705 2580; x_wconf 89' lang='lat' dir='ltr'><strong>tunc</strong></span> <span class='ocrx_word' id='word_1_410' title='bbox 2725 2540 2820 2580; x_wconf 89' lang='lat' dir='ltr'><strong>cor</strong></span> <span class='ocrx_word' id='word_1_411' title='bbox 2838 2520 3279 2594; x_wconf 90' lang='lat' dir='ltr'><strong>uniuscujusque</strong></span> <span class='ocrx_word' id='word_1_412' title='bbox 3297 2517 3632 2586; x_wconf 90' lang='lat' dir='ltr'><strong>ostenditur,</strong></span> <span class='ocrx_word' id='word_1_413' title='bbox 3654 2517 3752 2574; x_wconf 87' lang='lat' dir='ltr'><strong>ubi</strong></span> 
     </span>
    </p>
   </div>
   <div class='ocr_carea' id='block_1_57' title="bbox 2137 2607 3751 2689">
    <p class='ocr_par' dir='ltr' id='par_1_57' title="bbox 2137 2607 3751 2689">
     <span class='ocr_line' id='line_1_57' title="bbox 2137 2607 3751 2689; baseline -0.004 -19"><span class='ocrx_word' id='word_1_414' title='bbox 2137 2613 2410 2689; x_wconf 91' lang='lat' dir='ltr'><strong>quidquid</strong></span> <span class='ocrx_word' id='word_1_415' title='bbox 2454 2613 2512 2668; x_wconf 91' lang='lat' dir='ltr'><strong>in</strong></span> <span class='ocrx_word' id='word_1_416' title='bbox 2555 2612 2790 2670; x_wconf 90' lang='lat' dir='ltr'><strong>occultis</strong></span> <span class='ocrx_word' id='word_1_417' title='bbox 2813 2611 3020 2668; x_wconf 88' lang='lat' dir='ltr'><strong>latebat</strong></span> <span class='ocrx_word' id='word_1_418' title='bbox 3061 2609 3338 2683; x_wconf 90' lang='lat' dir='ltr'><strong>aperitur;</strong></span> <span class='ocrx_word' id='word_1_419' title='bbox 3388 2615 3444 2663; x_wconf 92' lang='lat' dir='ltr'><strong>et</strong></span> <span class='ocrx_word' id='word_1_420' title='bbox 3472 2607 3569 2680; x_wconf 91' lang='lat' dir='ltr'><strong>qui</strong></span> <span class='ocrx_word' id='word_1_421' title='bbox 3599 2622 3751 2664; x_wconf 91' lang='lat' dir='ltr'><strong>nunc</strong></span> 
     </span>
    </p>
   </div>
   <div class='ocr_carea' id='block_1_58' title="bbox 2137 2697 3754 2777">
    <p class='ocr_par' dir='ltr' id='par_1_58' title="bbox 2137 2697 3754 2777">
     <span class='ocr_line' id='line_1_58' title="bbox 2137 2697 3754 2777; baseline -0.005 -16"><span class='ocrx_word' id='word_1_422' title='bbox 2137 2722 2230 2762; x_wconf 92' lang='lat' dir='ltr'><strong>ore</strong></span> <span class='ocrx_word' id='word_1_423' title='bbox 2259 2712 2392 2762; x_wconf 90' lang='lat' dir='ltr'><strong>sunt</strong></span> <span class='ocrx_word' id='word_1_424' title='bbox 2419 2705 2521 2777; x_wconf 90' lang='lat' dir='ltr'><strong>pii,</strong></span> <span class='ocrx_word' id='word_1_425' title='bbox 2563 2711 2618 2762; x_wconf 90' lang='lat' dir='ltr'><strong>et</strong></span> <span class='ocrx_word' id='word_1_426' title='bbox 2645 2703 2808 2761; x_wconf 89' lang='lat' dir='ltr'><strong>corde</strong></span> <span class='ocrx_word' id='word_1_427' title='bbox 2838 2710 2969 2760; x_wconf 91' lang='lat' dir='ltr'><strong>sunt</strong></span> <span class='ocrx_word' id='word_1_428' title='bbox 2999 2701 3181 2774; x_wconf 89' lang='lat' dir='ltr'><strong>impii,</strong></span> <span class='ocrx_word' id='word_1_429' title='bbox 3217 2699 3498 2774; x_wconf 83' lang='lat' dir='ltr'><strong>publicata</strong></span> <span class='ocrx_word' id='word_1_430' title='bbox 3537 2697 3754 2754; x_wconf 79' lang='lat' dir='ltr'><strong>malitia</strong></span> 
     </span>
    </p>
   </div>
   <div class='ocr_carea' id='block_1_59' title="bbox 2135 2791 3752 2865">
    <p class='ocr_par' dir='ltr' id='par_1_59' title="bbox 2135 2791 3752 2865">
     <span class='ocr_line' id='line_1_59' title="bbox 2135 2791 3752 2865; baseline -0.005 -14"><span class='ocrx_word' id='word_1_431' title='bbox 2135 2801 2424 2863; x_wconf 88' lang='lat' dir='ltr'><strong>corruunt,</strong></span> <span class='ocrx_word' id='word_1_432' title='bbox 2455 2801 2509 2850; x_wconf 88' lang='lat' dir='ltr'><strong>et</strong></span> <span class='ocrx_word' id='word_1_433' title='bbox 2531 2794 2708 2850; x_wconf 90' lang='lat' dir='ltr'><strong>lucem</strong></span> <span class='ocrx_word' id='word_1_434' title='bbox 2739 2791 2870 2848; x_wconf 90' lang='lat' dir='ltr'><strong>ﬁdei</strong></span> <span class='ocrx_word' id='word_1_435' title='bbox 2895 2808 3058 2865; x_wconf 89' lang='lat' dir='ltr'><strong>quam</strong></span> <span class='ocrx_word' id='word_1_436' title='bbox 3078 2791 3259 2864; x_wconf 87' lang='lat' dir='ltr'><strong>specie</strong></span> <span class='ocrx_word' id='word_1_437' title='bbox 3279 2797 3442 2846; x_wconf 90' lang='lat' dir='ltr'><strong>tenus</strong></span> <span class='ocrx_word' id='word_1_438' title='bbox 3461 2796 3752 2846; x_wconf 83' lang='lat' dir='ltr'><strong>tenuerant</strong></span> 
     </span>
    </p>
   </div>
   <div class='ocr_carea' id='block_1_60' title="bbox 2136 2879 3753 2959">
    <p class='ocr_par' dir='ltr' id='par_1_60' title="bbox 2136 2879 3753 2959">
     <span class='ocr_line' id='line_1_60' title="bbox 2136 2879 3753 2959; baseline -0.005 -18"><span class='ocrx_word' id='word_1_439' title='bbox 2136 2885 2393 2959; x_wconf 87' lang='lat' dir='ltr'><strong>perdunt.</strong></span> <span class='ocrx_word' id='word_1_440' title='bbox 2439 2882 2547 2941; x_wconf 92' lang='lat' dir='ltr'><strong>Sed</strong></span> <span class='ocrx_word' id='word_1_441' title='bbox 2575 2885 2724 2940; x_wconf 87' lang='lat' dir='ltr'><strong>inter</strong></span> <span class='ocrx_word' id='word_1_442' title='bbox 2764 2882 2884 2940; x_wconf 68' lang='lat' dir='ltr'><strong>haec</strong></span> <span class='ocrx_word' id='word_1_443' title='bbox 2921 2897 3142 2938; x_wconf 87' lang='lat' dir='ltr'><strong>necesse</strong></span> <span class='ocrx_word' id='word_1_444' title='bbox 3169 2888 3252 2937; x_wconf 92' lang='lat' dir='ltr'><strong>est</strong></span> <span class='ocrx_word' id='word_1_445' title='bbox 3280 2887 3344 2936; x_wconf 88' lang='lat' dir='ltr'><strong>ut</strong></span> <span class='ocrx_word' id='word_1_446' title='bbox 3371 2879 3753 2953; x_wconf 89' lang='lat' dir='ltr'><strong>unusquisque</strong></span> 
     </span>
    </p>
   </div>
   <div class='ocr_carea' id='block_1_61' title="bbox 2136 2967 3753 3039">
    <p class='ocr_par' dir='ltr' id='par_1_61' title="bbox 2136 2967 3753 3039">
     <span class='ocr_line' id='line_1_61' title="bbox 2136 2967 3753 3039; baseline -0.006 -6"><span class='ocrx_word' id='word_1_447' title='bbox 2136 2984 2385 3033; x_wconf 87' lang='lat' dir='ltr'><strong>nostrum</strong></span> <span class='ocrx_word' id='word_1_448' title='bbox 2415 2973 2484 3031; x_wconf 89' lang='lat' dir='ltr'><strong>ad</strong></span> <span class='ocrx_word' id='word_1_449' title='bbox 2529 2973 2714 3030; x_wconf 89' lang='lat' dir='ltr'><strong>cordis</strong></span> <span class='ocrx_word' id='word_1_450' title='bbox 2743 2973 2831 3029; x_wconf 93' lang='lat' dir='ltr'><strong>sui</strong></span> <span class='ocrx_word' id='word_1_451' title='bbox 2867 2980 3140 3030; x_wconf 90' lang='lat' dir='ltr'><strong>secretum</strong></span> <span class='ocrx_word' id='word_1_452' title='bbox 3180 2970 3388 3039; x_wconf 90' lang='lat' dir='ltr'><strong>redeat,</strong></span> <span class='ocrx_word' id='word_1_453' title='bbox 3430 2977 3487 3026; x_wconf 91' lang='lat' dir='ltr'><strong>et</strong></span> <span class='ocrx_word' id='word_1_454' title='bbox 3511 2967 3753 3026; x_wconf 87' lang='lat' dir='ltr'><strong>actionis</strong></span> 
     </span>
    </p>
   </div>
   <div class='ocr_carea' id='block_1_62' title="bbox 2136 3058 3749 3136">
    <p class='ocr_par' dir='ltr' id='par_1_62' title="bbox 2136 3058 3749 3136">
     <span class='ocr_line' id='line_1_62' title="bbox 2136 3058 3749 3136; baseline -0.005 -15"><span class='ocrx_word' id='word_1_455' title='bbox 2136 3082 2246 3122; x_wconf 67' lang='lat' dir='ltr'><strong>sua:</strong></span> <span class='ocrx_word' id='word_1_456' title='bbox 2275 3064 2477 3122; x_wconf 90' lang='lat' dir='ltr'><strong>damna</strong></span> <span class='ocrx_word' id='word_1_457' title='bbox 2504 3064 2878 3136; x_wconf 87' lang='lat' dir='ltr'><strong>pertimescat,</strong></span> <span class='ocrx_word' id='word_1_458' title='bbox 2907 3078 2998 3131; x_wconf 90' lang='lat' dir='ltr'><strong>ne,</strong></span> <span class='ocrx_word' id='word_1_459' title='bbox 3016 3059 3368 3134; x_wconf 82' lang='lat' dir='ltr'><strong>exigentibus</strong></span> <span class='ocrx_word' id='word_1_460' title='bbox 3391 3058 3630 3124; x_wconf 88' lang='lat' dir='ltr'><strong>meritis,</strong></span> <span class='ocrx_word' id='word_1_461' title='bbox 3651 3074 3749 3131; x_wconf 89' lang='lat' dir='ltr'><strong>per</strong></span> 
     </span>
    </p>
   </div>
   <div class='ocr_carea' id='block_1_63' title="bbox 2136 3149 3751 3226">
    <p class='ocr_par' dir='ltr' id='par_1_63' title="bbox 2136 3149 3751 3226">
     <span class='ocr_line' id='line_1_63' title="bbox 2136 3149 3751 3226; baseline -0.004 -14"><span class='ocrx_word' id='word_1_462' title='bbox 2136 3155 2441 3214; x_wconf 87' lang='lat' dir='ltr'><strong>districtam</strong></span> <span class='ocrx_word' id='word_1_463' title='bbox 2467 3153 2742 3226; x_wconf 88' lang='lat' dir='ltr'><strong>justitiam</strong></span> <span class='ocrx_word' id='word_1_464' title='bbox 2765 3152 3109 3226; x_wconf 89' lang='lat' dir='ltr'><strong>judiciorum</strong></span> <span class='ocrx_word' id='word_1_465' title='bbox 3135 3151 3235 3210; x_wconf 91' lang='lat' dir='ltr'><strong>Dei</strong></span> <span class='ocrx_word' id='word_1_466' title='bbox 3257 3151 3317 3208; x_wconf 89' lang='lat' dir='ltr'><strong>in</strong></span> <span class='ocrx_word' id='word_1_467' title='bbox 3347 3150 3541 3208; x_wconf 88' lang='lat' dir='ltr'><strong>talium</strong></span> <span class='ocrx_word' id='word_1_468' title='bbox 3568 3149 3751 3207; x_wconf 87' lang='lat' dir='ltr'><strong>homi-</strong></span> 
     </span>
    </p>
   </div>
   <div class='ocr_carea' id='block_1_64' title="bbox 417 3217 2022 3315">
    <p class='ocr_par' dir='ltr' id='par_1_64' title="bbox 417 3217 2022 3315">
     <span class='ocr_line' id='line_1_64' title="bbox 417 3217 2022 3315; baseline -0.006 -16"><span class='ocrx_word' id='word_1_469' title='bbox 417 3243 572 3315; x_wconf 86' lang='lat' dir='ltr'><strong>(Isai.</strong></span> <span class='ocrx_word' id='word_1_470' title='bbox 607 3217 764 3309; x_wconf 61' lang='lat' dir='ltr'><strong>nix,</strong></span> <span class='ocrx_word' id='word_1_471' title='bbox 801 3240 918 3312; x_wconf 88' lang='grc'><strong>18).</strong></span> <span class='ocrx_word' id='word_1_472' title='bbox 958 3236 1152 3295; x_wconf 82' lang='lat' dir='ltr'><strong>Multis</strong></span> <span class='ocrx_word' id='word_1_473' title='bbox 1179 3244 1366 3292; x_wconf 86' lang='lat' dir='ltr'><strong>tamen</strong></span> <span class='ocrx_word' id='word_1_474' title='bbox 1393 3235 1553 3309; x_wconf 91' lang='lat' dir='ltr'><strong>quasi</strong></span> <span class='ocrx_word' id='word_1_475' title='bbox 1582 3233 1843 3290; x_wconf 88' lang='lat' dir='ltr'><strong>ﬁdelibus</strong></span> <span class='ocrx_word' id='word_1_476' title='bbox 1874 3249 2022 3290; x_wconf 90' lang='lat' dir='ltr'><strong>nunc</strong></span> 
     </span>
    </p>
   </div>
   <div class='ocr_carea' id='block_1_65' title="bbox 2134 3217 2884 3315">
    <p class='ocr_par' dir='ltr' id='par_1_65' title="bbox 2134 3243 2884 3302">
     <span class='ocr_line' id='line_1_65' title="bbox 2134 3243 2884 3302; baseline -0.001 -1"><span class='ocrx_word' id='word_1_477' title='bbox 2134 3261 2267 3302; x_wconf 91' lang='lat' dir='ltr'><strong>num</strong></span> <span class='ocrx_word' id='word_1_478' title='bbox 2297 3260 2589 3302; x_wconf 91' lang='lat' dir='ltr'><strong>numerum</strong></span> <span class='ocrx_word' id='word_1_479' title='bbox 2617 3243 2884 3301; x_wconf 87' lang='lat' dir='ltr'><strong>incurrat.</strong></span> 
     </span>
    </p>
   </div>
   <div class='ocr_carea' id='block_1_66' title="bbox 414 3323 2022 3404">
    <p class='ocr_par' dir='ltr' id='par_1_66' title="bbox 414 3323 2022 3404">
     <span class='ocr_line' id='line_1_66' title="bbox 414 3323 2022 3404; baseline -0.006 -16"><span class='ocrx_word' id='word_1_480' title='bbox 414 3333 596 3404; x_wconf 91' lang='lat' dir='ltr'><strong>specie</strong></span> <span class='ocrx_word' id='word_1_481' title='bbox 618 3339 778 3386; x_wconf 91' lang='lat' dir='ltr'><strong>tenus</strong></span> <span class='ocrx_word' id='word_1_482' title='bbox 801 3327 1076 3396; x_wconf 90' lang='lat' dir='ltr'><strong>induitur,</strong></span> <span class='ocrx_word' id='word_1_483' title='bbox 1107 3325 1204 3382; x_wconf 88' lang='lat' dir='ltr'><strong>sed</strong></span> <span class='ocrx_word' id='word_1_484' title='bbox 1224 3326 1476 3398; x_wconf 87' lang='lat' dir='ltr'><strong>pulsante</strong></span> <span class='ocrx_word' id='word_1_485' title='bbox 1498 3323 1899 3397; x_wconf 89' lang='lat' dir='ltr'><strong>persecutionis</strong></span> <span class='ocrx_word' id='word_1_486' title='bbox 1918 3324 2022 3379; x_wconf 89' lang='lat' dir='ltr'><strong>im-</strong></span> 
     </span>
    </p>
   </div>
   <div class='ocr_carea' id='block_1_67' title="bbox 414 3413 2026 3494">
    <p class='ocr_par' dir='ltr' id='par_1_67' title="bbox 414 3413 2026 3494">
     <span class='ocr_line' id='line_1_67' title="bbox 414 3413 2026 3494; baseline -0.003 -17"><span class='ocrx_word' id='word_1_487' title='bbox 414 3428 569 3494; x_wconf 87' lang='lat' dir='ltr'><strong>petu,</strong></span> <span class='ocrx_word' id='word_1_488' title='bbox 597 3427 734 3474; x_wconf 88' lang='lat' dir='ltr'><strong>tunc</strong></span> <span class='ocrx_word' id='word_1_489' title='bbox 755 3417 835 3473; x_wconf 90' lang='lat' dir='ltr'><strong>eis</strong></span> <span class='ocrx_word' id='word_1_490' title='bbox 861 3423 1032 3472; x_wconf 86' lang='lat' dir='ltr'><strong>exuta</strong></span> <span class='ocrx_word' id='word_1_491' title='bbox 1052 3415 1383 3482; x_wconf 86' lang='lat' dir='ltr'><strong>nudabitur;</strong></span> <span class='ocrx_word' id='word_1_492' title='bbox 1415 3413 1483 3470; x_wconf 90' lang='lat' dir='ltr'><strong>de</strong></span> <span class='ocrx_word' id='word_1_493' title='bbox 1503 3428 1738 3487; x_wconf 89' lang='lat' dir='ltr'><strong>quorum</strong></span> <span class='ocrx_word' id='word_1_494' title='bbox 1768 3421 1911 3469; x_wconf 89' lang='lat' dir='ltr'><strong>sorte</strong></span> <span class='ocrx_word' id='word_1_495' title='bbox 1932 3413 2026 3472; x_wconf 89' lang='lat' dir='ltr'><strong>hic</strong></span> 
     </span>
    </p>
   </div>
   <div class='ocr_carea' id='block_1_68' title="bbox 414 3504 2024 3566">
    <p class='ocr_par' dir='ltr' id='par_1_68' title="bbox 414 3504 2024 3566">
     <span class='ocr_line' id='line_1_68' title="bbox 414 3504 2024 3566; baseline -0.002 -1"><span class='ocrx_word' id='word_1_496' title='bbox 414 3510 622 3566; x_wconf 87' lang='lat' dir='ltr'><strong>dicitur</strong></span> <span class='ocrx_word' id='word_1_497' title='bbox 654 3526 666 3564; x_wconf 89' lang='lat'><strong>:</strong></span> <span class='ocrx_word' id='word_1_498' title='bbox 719 3509 794 3564; x_wconf 88' lang='lat' dir='ltr'><strong>Et</strong></span> <span class='ocrx_word' id='word_1_499' title='bbox 819 3506 981 3562; x_wconf 85' lang='lat' dir='ltr'><strong>stabit</strong></span> <span class='ocrx_word' id='word_1_500' title='bbox 1007 3505 1143 3560; x_wconf 89' lang='lat' dir='ltr'><strong>sicut</strong></span> <span class='ocrx_word' id='word_1_501' title='bbox 1169 3505 1548 3561; x_wconf 80' lang='lat' dir='ltr'><strong>vestimentum.</strong></span> <span class='ocrx_word' id='word_1_502' title='bbox 1581 3505 1734 3561; x_wconf 87' lang='lat' dir='ltr'><strong>Stare</strong></span> <span class='ocrx_word' id='word_1_503' title='bbox 1761 3520 1892 3560; x_wconf 90' lang='lat' dir='ltr'><strong>vero</strong></span> <span class='ocrx_word' id='word_1_504' title='bbox 1917 3504 2024 3562; x_wconf 89' lang='lat' dir='ltr'><strong>hoc</strong></span> 
     </span>
    </p>
   </div>
   <div class='ocr_carea' id='block_1_69' title="bbox 416 3597 2020 3675">
    <p class='ocr_par' dir='ltr' id='par_1_69' title="bbox 416 3597 2020 3675">
     <span class='ocr_line' id='line_1_69' title="bbox 416 3597 2020 3675; baseline -0.002 -16"><span class='ocrx_word' id='word_1_505' title='bbox 416 3602 536 3659; x_wconf 93' lang='lat' dir='ltr'><strong>loco</strong></span> <span class='ocrx_word' id='word_1_506' title='bbox 580 3600 809 3675; x_wconf 90' lang='lat' dir='ltr'><strong>ponitur</strong></span> <span class='ocrx_word' id='word_1_507' title='bbox 845 3599 906 3656; x_wconf 93' lang='lat' dir='ltr'><strong>in</strong></span> <span class='ocrx_word' id='word_1_508' title='bbox 941 3605 1165 3672; x_wconf 90' lang='lat' dir='ltr'><strong>peccato</strong></span> <span class='ocrx_word' id='word_1_509' title='bbox 1207 3599 1514 3672; x_wconf 88' lang='lat' dir='ltr'><strong>persistere.</strong></span> <span class='ocrx_word' id='word_1_510' title='bbox 1558 3597 1714 3657; x_wconf 88' lang='lat' dir='ltr'><strong>Unde</strong></span> <span class='ocrx_word' id='word_1_511' title='bbox 1752 3597 2020 3672; x_wconf 89' lang='lat' dir='ltr'><strong>scriptum</strong></span> 
     </span>
    </p>
   </div>
   <div class='ocr_carea' id='block_1_70' title="bbox 413 3688 2019 3762">
    <p class='ocr_par' dir='ltr' id='par_1_70' title="bbox 413 3688 2019 3762">
     <span class='ocr_line' id='line_1_70' title="bbox 413 3688 2019 3762; baseline -0.002 -14"><span class='ocrx_word' id='word_1_512' title='bbox 413 3699 496 3748; x_wconf 89' lang='lat' dir='ltr'><strong>est</strong></span> <span class='ocrx_word' id='word_1_513' title='bbox 527 3712 540 3749; x_wconf 74' lang='grc' dir='ltr'>ε</span> <span class='ocrx_word' id='word_1_514' title='bbox 573 3693 648 3748; x_wconf 83' lang='grc' dir='ltr'><strong>Ει</strong></span> <span class='ocrx_word' id='word_1_515' title='bbox 675 3691 733 3746; x_wconf 87' lang='lat' dir='ltr'><strong>in</strong></span> <span class='ocrx_word' id='word_1_516' title='bbox 759 3691 850 3746; x_wconf 79' lang='lat' dir='ltr'><strong>via</strong></span> <span class='ocrx_word' id='word_1_517' title='bbox 875 3695 1207 3761; x_wconf 82' lang='lat' dir='ltr'><strong>peccatorum</strong></span> <span class='ocrx_word' id='word_1_518' title='bbox 1232 3705 1339 3745; x_wconf 90' lang='lat' dir='ltr'><strong>non</strong></span> <span class='ocrx_word' id='word_1_519' title='bbox 1367 3691 1505 3745; x_wconf 84' lang='lat' dir='ltr'><strong>stetit</strong></span> <span class='ocrx_word' id='word_1_520' title='bbox 1529 3689 1702 3762; x_wconf 83' lang='lat' dir='ltr'><strong>(Psal.</strong></span> <span class='ocrx_word' id='word_1_521' title='bbox 1733 3706 1774 3759; x_wconf 82' lang='grc' dir='ltr'><strong>ι,</strong></span> <span class='ocrx_word' id='word_1_522' title='bbox 1811 3690 1886 3762; x_wconf 90' lang='grc'><strong>1).</strong></span> <span class='ocrx_word' id='word_1_523' title='bbox 1917 3688 2019 3746; x_wconf 86' lang='lat' dir='ltr'><strong>Vel</strong></span> 
     </span>
    </p>
   </div>
   <div class='ocr_carea' id='block_1_71' title="bbox 413 3777 2018 3853">
    <p class='ocr_par' dir='ltr' id='par_1_71' title="bbox 413 3777 2018 3853">
     <span class='ocr_line' id='line_1_71' title="bbox 413 3777 2018 3853; baseline -0.002 -15"><span class='ocrx_word' id='word_1_524' title='bbox 413 3788 560 3838; x_wconf 89' lang='lat' dir='ltr'><strong>certe</strong></span> <span class='ocrx_word' id='word_1_525' title='bbox 580 3779 848 3853; x_wconf 89' lang='lat' dir='ltr'><strong>reprobus</strong></span> <span class='ocrx_word' id='word_1_526' title='bbox 869 3778 1102 3852; x_wconf 88' lang='lat' dir='ltr'><strong>quisque</strong></span> <span class='ocrx_word' id='word_1_527' title='bbox 1130 3778 1275 3834; x_wconf 90' lang='lat' dir='ltr'><strong>sicut</strong></span> <span class='ocrx_word' id='word_1_528' title='bbox 1303 3779 1694 3836; x_wconf 81' lang='lat' dir='ltr'><strong>vestimentum</strong></span> <span class='ocrx_word' id='word_1_529' title='bbox 1719 3786 1864 3836; x_wconf 89' lang='lat' dir='ltr'><strong>stare</strong></span> <span class='ocrx_word' id='word_1_530' title='bbox 1881 3777 2018 3836; x_wconf 88' lang='lat' dir='ltr'><strong>dici-</strong></span> 
     </span>
    </p>
   </div>
   <div class='ocr_carea' id='block_1_72' title="bbox 413 3868 2018 3943">
    <p class='ocr_par' dir='ltr' id='par_1_72' title="bbox 413 3868 2018 3943">
     <span class='ocr_line' id='line_1_72' title="bbox 413 3868 2018 3943; baseline 0 -17"><span class='ocrx_word' id='word_1_531' title='bbox 413 3879 526 3940; x_wconf 88' lang='lat' dir='ltr'><strong>tur,</strong></span> <span class='ocrx_word' id='word_1_532' title='bbox 557 3877 751 3926; x_wconf 91' lang='lat' dir='ltr'><strong>utnon</strong></span> <span class='ocrx_word' id='word_1_533' title='bbox 777 3884 936 3942; x_wconf 90' lang='lat' dir='ltr'><strong>posse</strong></span> <span class='ocrx_word' id='word_1_534' title='bbox 955 3875 1098 3925; x_wconf 89' lang='lat' dir='ltr'><strong>stare</strong></span> <span class='ocrx_word' id='word_1_535' title='bbox 1120 3876 1476 3938; x_wconf 88' lang='lat' dir='ltr'><strong>monstretur,</strong></span> <span class='ocrx_word' id='word_1_536' title='bbox 1507 3869 1637 3943; x_wconf 88' lang='lat' dir='ltr'><strong>quia</strong></span> <span class='ocrx_word' id='word_1_537' title='bbox 1662 3869 1808 3926; x_wconf 89' lang='lat' dir='ltr'><strong>sicut</strong></span> <span class='ocrx_word' id='word_1_538' title='bbox 1821 3868 2018 3926; x_wconf 88' lang='lat' dir='ltr'><strong>induta</strong></span> 
     </span>
    </p>
   </div>
   <div class='ocr_carea' id='block_1_73' title="bbox 415 3958 2014 4034">
    <p class='ocr_par' dir='ltr' id='par_1_73' title="bbox 415 3958 2014 4034">
     <span class='ocr_line' id='line_1_73' title="bbox 415 3958 2014 4034; baseline 0.001 -19"><span class='ocrx_word' id='word_1_539' title='bbox 415 3960 582 4018; x_wconf 86' lang='lat' dir='ltr'><strong>vestis</strong></span> <span class='ocrx_word' id='word_1_540' title='bbox 610 3959 670 4016; x_wconf 89' lang='lat' dir='ltr'><strong>in</strong></span> <span class='ocrx_word' id='word_1_541' title='bbox 713 3959 950 4016; x_wconf 90' lang='lat' dir='ltr'><strong>visionis</strong></span> <span class='ocrx_word' id='word_1_542' title='bbox 994 3974 1107 4014; x_wconf 66' lang='lat' dir='ltr'><strong>sua:</strong></span> <span class='ocrx_word' id='word_1_543' title='bbox 1144 3958 1323 4030; x_wconf 89' lang='lat' dir='ltr'><strong>specie</strong></span> <span class='ocrx_word' id='word_1_544' title='bbox 1369 3975 1466 4032; x_wconf 89' lang='lat' dir='ltr'><strong>per</strong></span> <span class='ocrx_word' id='word_1_545' title='bbox 1505 3975 1704 4034; x_wconf 88' lang='lat' dir='ltr'><strong>corpus</strong></span> <span class='ocrx_word' id='word_1_546' title='bbox 1743 3959 2014 4030; x_wconf 89' lang='lat' dir='ltr'><strong>tenditur,</strong></span> 
     </span>
    </p>
   </div>
   <div class='ocr_carea' id='block_1_74' title="bbox 413 4048 2016 4124">
    <p class='ocr_par' dir='ltr' id='par_1_74' title="bbox 413 4048 2016 4124">
     <span class='ocr_line' id='line_1_74' title="bbox 413 4048 2016 4124; baseline -0.001 -16"><span class='ocrx_word' id='word_1_547' title='bbox 413 4060 577 4109; x_wconf 87' lang='lat' dir='ltr'><strong>exuta</strong></span> <span class='ocrx_word' id='word_1_548' title='bbox 597 4057 781 4108; x_wconf 89' lang='lat' dir='ltr'><strong>autem</strong></span> <span class='ocrx_word' id='word_1_549' title='bbox 803 4048 978 4106; x_wconf 89' lang='lat' dir='ltr'><strong>fracta</strong></span> <span class='ocrx_word' id='word_1_550' title='bbox 997 4049 1382 4122; x_wconf 88' lang='lat' dir='ltr'><strong>complicatur,</strong></span> <span class='ocrx_word' id='word_1_551' title='bbox 1411 4048 1490 4106; x_wconf 89' lang='lat' dir='ltr'><strong>ita</strong></span> <span class='ocrx_word' id='word_1_552' title='bbox 1513 4050 1889 4124; x_wconf 88' lang='lat' dir='ltr'><strong>unusquisque</strong></span> <span class='ocrx_word' id='word_1_553' title='bbox 1917 4049 2016 4124; x_wconf 89' lang='lat' dir='ltr'><strong>qui</strong></span> 
     </span>
    </p>
   </div>
   <div class='ocr_carea' id='block_1_75' title="bbox 411 4138 2016 4210">
    <p class='ocr_par' dir='ltr' id='par_1_75' title="bbox 411 4138 2016 4210">
     <span class='ocr_line' id='line_1_75' title="bbox 411 4138 2016 4210; baseline -0.001 -13"><span class='ocrx_word' id='word_1_554' title='bbox 411 4157 443 4197; x_wconf 87' lang='lat' dir='ltr'><strong>a</strong></span> <span class='ocrx_word' id='word_1_555' title='bbox 471 4147 674 4197; x_wconf 69' lang='lat' dir='ltr'><strong>sanctae</strong></span> <span class='ocrx_word' id='word_1_556' title='bbox 721 4138 986 4196; x_wconf 80' lang='lat' dir='ltr'><strong>Ecclesiae</strong></span> <span class='ocrx_word' id='word_1_557' title='bbox 1015 4145 1152 4194; x_wconf 92' lang='lat' dir='ltr'><strong>tunc</strong></span> <span class='ocrx_word' id='word_1_558' title='bbox 1192 4145 1340 4194; x_wconf 88' lang='lat' dir='ltr'><strong>statu</strong></span> <span class='ocrx_word' id='word_1_559' title='bbox 1381 4141 1686 4210; x_wconf 87' lang='lat' dir='ltr'><strong>recesserit,</strong></span> <span class='ocrx_word' id='word_1_560' title='bbox 1733 4147 1924 4197; x_wconf 88' lang='lat' dir='ltr'><strong>tensus</strong></span> <span class='ocrx_word' id='word_1_561' title='bbox 1950 4154 2016 4196; x_wconf 85' lang='lat' dir='ltr'><strong>ac</strong></span> 
     </span>
    </p>
   </div>
   <div class='ocr_carea' id='block_1_76' title="bbox 413 4227 2014 4304">
    <p class='ocr_par' dir='ltr' id='par_1_76' title="bbox 413 4227 2014 4304">
     <span class='ocr_line' id='line_1_76' title="bbox 413 4227 2014 4304; baseline -0.001 -16"><span class='ocrx_word' id='word_1_562' title='bbox 413 4232 645 4288; x_wconf 89' lang='lat' dir='ltr'><strong>decorus</strong></span> <span class='ocrx_word' id='word_1_563' title='bbox 673 4229 831 4304; x_wconf 90' lang='lat' dir='ltr'><strong>quasi</strong></span> <span class='ocrx_word' id='word_1_564' title='bbox 860 4228 994 4284; x_wconf 89' lang='lat' dir='ltr'><strong>dum</strong></span> <span class='ocrx_word' id='word_1_565' title='bbox 1019 4227 1350 4286; x_wconf 88' lang='lat' dir='ltr'><strong>indueretur</strong></span> <span class='ocrx_word' id='word_1_566' title='bbox 1369 4229 1502 4301; x_wconf 91' lang='lat' dir='ltr'><strong>fuit,</strong></span> <span class='ocrx_word' id='word_1_567' title='bbox 1524 4230 1621 4287; x_wconf 89' lang='lat' dir='ltr'><strong>sed</strong></span> <span class='ocrx_word' id='word_1_568' title='bbox 1638 4237 1840 4286; x_wconf 90' lang='lat' dir='ltr'><strong>exutus</strong></span> <span class='ocrx_word' id='word_1_569' title='bbox 1868 4235 2014 4304; x_wconf 85' lang='lat' dir='ltr'><strong>post-</strong></span> 
     </span>
    </p>
   </div>
   <div class='ocr_carea' id='block_1_77' title="bbox 413 4317 2014 4392">
    <p class='ocr_par' dir='ltr' id='par_1_77' title="bbox 413 4317 2014 4392">
     <span class='ocr_line' id='line_1_77' title="bbox 413 4317 2014 4392; baseline -0.001 -16"><span class='ocrx_word' id='word_1_570' title='bbox 413 4318 662 4390; x_wconf 89' lang='lat' dir='ltr'><strong>modum,</strong></span> <span class='ocrx_word' id='word_1_571' title='bbox 713 4318 1028 4376; x_wconf 86' lang='lat' dir='ltr'><strong>confractus</strong></span> <span class='ocrx_word' id='word_1_572' title='bbox 1055 4325 1218 4392; x_wconf 87' lang='lat' dir='ltr'><strong>atque</strong></span> <span class='ocrx_word' id='word_1_573' title='bbox 1247 4317 1492 4392; x_wconf 89' lang='lat' dir='ltr'><strong>abjectus</strong></span> <span class='ocrx_word' id='word_1_574' title='bbox 1515 4317 1740 4392; x_wconf 89' lang='lat' dir='ltr'><strong>jacebit.</strong></span> <span class='ocrx_word' id='word_1_575' title='bbox 1793 4319 1851 4375; x_wconf 90' lang='lat' dir='ltr'><strong>Si</strong></span> <span class='ocrx_word' id='word_1_576' title='bbox 1881 4335 2014 4376; x_wconf 90' lang='lat' dir='ltr'><strong>vero</strong></span> 
     </span>
    </p>
   </div>
   <div class='ocr_carea' id='block_1_78' title="bbox 411 4408 2016 4482">
    <p class='ocr_par' dir='ltr' id='par_1_78' title="bbox 411 4408 2016 4482">
     <span class='ocr_line' id='line_1_78' title="bbox 411 4408 2016 4482; baseline -0.001 -16"><span class='ocrx_word' id='word_1_577' title='bbox 411 4417 553 4468; x_wconf 87' lang='lat' dir='ltr'><strong>stare</strong></span> <span class='ocrx_word' id='word_1_578' title='bbox 581 4409 944 4482; x_wconf 90' lang='lat' dir='ltr'><strong>intelligimus</strong></span> <span class='ocrx_word' id='word_1_579' title='bbox 973 4409 1288 4482; x_wconf 90' lang='lat' dir='ltr'><strong>perdurare,</strong></span> <span class='ocrx_word' id='word_1_580' title='bbox 1315 4408 1459 4466; x_wconf 88' lang='lat' dir='ltr'><strong>sicut</strong></span> <span class='ocrx_word' id='word_1_581' title='bbox 1486 4409 1879 4466; x_wconf 90' lang='lat' dir='ltr'><strong>vestimentum</strong></span> <span class='ocrx_word' id='word_1_582' title='bbox 1907 4415 2016 4465; x_wconf 86' lang='lat' dir='ltr'><strong>stat</strong></span> 
     </span>
    </p>
   </div>
   <div class='ocr_carea' id='block_1_79' title="bbox 411 4497 2012 4578">
    <p class='ocr_par' dir='ltr' id='par_1_79' title="bbox 411 4497 2012 4578">
     <span class='ocr_line' id='line_1_79' title="bbox 411 4497 2012 4578; baseline -0.002 -18"><span class='ocrx_word' id='word_1_583' title='bbox 411 4503 644 4578; x_wconf 89' lang='lat' dir='ltr'><strong>quisque</strong></span> <span class='ocrx_word' id='word_1_584' title='bbox 690 4502 954 4576; x_wconf 87' lang='lat' dir='ltr'><strong>reprobus</strong></span> <span class='ocrx_word' id='word_1_585' title='bbox 989 4502 1085 4576; x_wconf 90' lang='lat' dir='ltr'><strong>qui</strong></span> <span class='ocrx_word' id='word_1_586' title='bbox 1122 4503 1183 4559; x_wconf 90' lang='lat' dir='ltr'><strong>in</strong></span> <span class='ocrx_word' id='word_1_587' title='bbox 1213 4499 1317 4559; x_wconf 88' lang='lat' dir='ltr'><strong>hac</strong></span> <span class='ocrx_word' id='word_1_588' title='bbox 1343 4502 1460 4558; x_wconf 91' lang='lat' dir='ltr'><strong>vita</strong></span> <span class='ocrx_word' id='word_1_589' title='bbox 1487 4517 1653 4574; x_wconf 87' lang='lat' dir='ltr'><strong>quam</strong></span> <span class='ocrx_word' id='word_1_590' title='bbox 1682 4497 1870 4572; x_wconf 89' lang='lat' dir='ltr'><strong>diligit</strong></span> <span class='ocrx_word' id='word_1_591' title='bbox 1895 4498 2012 4556; x_wconf 84' lang='lat' dir='ltr'><strong>bre-</strong></span> 
     </span>
    </p>
   </div>
   <div class='ocr_carea' id='block_1_80' title="bbox 2205 3327 3739 3410">
    <p class='ocr_par' dir='ltr' id='par_1_80' title="bbox 2205 3327 3739 3410">
     <span class='ocr_line' id='line_1_80' title="bbox 2205 3327 3739 3410; baseline -0.006 -17"><span class='ocrx_word' id='word_1_592' title='bbox 2205 3333 2348 3410; x_wconf 86' lang='lat' dir='ltr'><strong>[Rec.</strong></span> <span class='ocrx_word' id='word_1_593' title='bbox 2392 3332 2510 3409; x_wconf 78' lang='lat' dir='ltr'><strong>VL]</strong></span> <span class='ocrx_word' id='word_1_594' title='bbox 2566 3334 2650 3391; x_wconf 85' lang='grc'><strong>15.</strong></span> <span class='ocrx_word' id='word_1_595' title='bbox 2683 3333 2805 3388; x_wconf 85' lang='lat' dir='ltr'><strong>Jam</strong></span> <span class='ocrx_word' id='word_1_596' title='bbox 2833 3333 2892 3388; x_wconf 90' lang='lat' dir='ltr'><strong>in</strong></span> <span class='ocrx_word' id='word_1_597' title='bbox 2929 3331 3174 3388; x_wconf 85' lang='lat' dir='ltr'><strong>membris</strong></span> <span class='ocrx_word' id='word_1_598' title='bbox 3213 3330 3326 3386; x_wconf 89' lang='lat' dir='ltr'><strong>suis</strong></span> <span class='ocrx_word' id='word_1_599' title='bbox 3354 3329 3484 3386; x_wconf 81' lang='lat' dir='ltr'><strong>vivit</strong></span> <span class='ocrx_word' id='word_1_600' title='bbox 3509 3335 3558 3386; x_wconf 87' lang='lat' dir='ltr'><strong>et</strong></span> <span class='ocrx_word' id='word_1_601' title='bbox 3586 3327 3739 3385; x_wconf 75' lang='lat' dir='ltr'><strong>mit</strong></span> 
     </span>
    </p>
   </div>
   <div class='ocr_carea' id='block_1_81' title="bbox 2131 3419 3740 3488">
    <p class='ocr_par' dir='ltr' id='par_1_81' title="bbox 2131 3419 3740 3488">
     <span class='ocr_line' id='line_1_81' title="bbox 2131 3419 3740 3488; baseline -0.003 -7"><span class='ocrx_word' id='word_1_602' title='bbox 2131 3423 2772 3481; x_wconf 83' lang='lat' dir='ltr'><strong>Antichristus.-—Nemo</strong></span> <span class='ocrx_word' id='word_1_603' title='bbox 2799 3431 2984 3479; x_wconf 88' lang='lat' dir='ltr'><strong>autem</strong></span> <span class='ocrx_word' id='word_1_604' title='bbox 3012 3421 3119 3478; x_wconf 91' lang='lat' dir='ltr'><strong>sibi</strong></span> <span class='ocrx_word' id='word_1_605' title='bbox 3148 3421 3368 3478; x_wconf 90' lang='lat' dir='ltr'><strong>incaute</strong></span> <span class='ocrx_word' id='word_1_606' title='bbox 3395 3419 3740 3488; x_wconf 87' lang='lat' dir='ltr'><strong>blandiatur,</strong></span> 
     </span>
    </p>
   </div>
   <div class='ocr_carea' id='block_1_82' title="bbox 2130 3507 3745 3582">
    <p class='ocr_par' dir='ltr' id='par_1_82' title="bbox 2130 3507 3745 3582">
     <span class='ocr_line' id='line_1_82' title="bbox 2130 3507 3745 3582; baseline -0.002 -13"><span class='ocrx_word' id='word_1_607' title='bbox 2130 3521 2185 3569; x_wconf 90' lang='lat' dir='ltr'><strong>et</strong></span> <span class='ocrx_word' id='word_1_608' title='bbox 2215 3513 2422 3570; x_wconf 90' lang='lat' dir='ltr'><strong>idcirco</strong></span> <span class='ocrx_word' id='word_1_609' title='bbox 2443 3514 2465 3548; x_wconf 83' lang='grc'><strong><em>⁶</em></strong></span> <span class='ocrx_word' id='word_1_610' title='bbox 2494 3527 2551 3569; x_wconf 91' lang='lat' dir='ltr'><strong>se</strong></span> <span class='ocrx_word' id='word_1_611' title='bbox 2579 3527 2612 3567; x_wconf 93' lang='lat' dir='ltr'><strong>a</strong></span> <span class='ocrx_word' id='word_1_612' title='bbox 2639 3511 2740 3567; x_wconf 89' lang='lat' dir='ltr'><strong>tali</strong></span> <span class='ocrx_word' id='word_1_613' title='bbox 2769 3527 2900 3568; x_wconf 86' lang='lat' dir='ltr'><strong>casu</strong></span> <span class='ocrx_word' id='word_1_614' title='bbox 2928 3517 3253 3567; x_wconf 80' lang='lat' dir='ltr'><strong>extraneum</strong></span> <span class='ocrx_word' id='word_1_615' title='bbox 3283 3509 3490 3579; x_wconf 90' lang='lat' dir='ltr'><strong>credat,</strong></span> <span class='ocrx_word' id='word_1_616' title='bbox 3513 3508 3646 3582; x_wconf 88' lang='lat' dir='ltr'><strong>quia</strong></span> <span class='ocrx_word' id='word_1_617' title='bbox 3673 3507 3745 3566; x_wconf 87' lang='lat' dir='ltr'><strong>ad</strong></span> 
     </span>
    </p>
   </div>
   <div class='ocr_carea' id='block_1_83' title="bbox 2131 3599 3742 3677">
    <p class='ocr_par' dir='ltr' id='par_1_83' title="bbox 2131 3599 3742 3677">
     <span class='ocr_line' id='line_1_83' title="bbox 2131 3599 3742 3677; baseline -0.002 -17"><span class='ocrx_word' id='word_1_618' title='bbox 2131 3603 2284 3660; x_wconf 89' lang='lat' dir='ltr'><strong>illius</strong></span> <span class='ocrx_word' id='word_1_619' title='bbox 2303 3603 2646 3676; x_wconf 87' lang='lat' dir='ltr'><strong>tempestatis</strong></span> <span class='ocrx_word' id='word_1_620' title='bbox 2676 3603 2976 3677; x_wconf 89' lang='lat' dir='ltr'><strong>procellam</strong></span> <span class='ocrx_word' id='word_1_621' title='bbox 3007 3602 3296 3676; x_wconf 88' lang='lat' dir='ltr'><strong>pervenire</strong></span> <span class='ocrx_word' id='word_1_622' title='bbox 3323 3617 3380 3658; x_wconf 89' lang='lat' dir='ltr'><strong>se</strong></span> <span class='ocrx_word' id='word_1_623' title='bbox 3408 3617 3522 3658; x_wconf 93' lang='lat' dir='ltr'><strong>non</strong></span> <span class='ocrx_word' id='word_1_624' title='bbox 3549 3599 3742 3656; x_wconf 83' lang='lat' dir='ltr'><strong>existi-</strong></span> 
     </span>
    </p>
   </div>
   <div class='ocr_carea' id='block_1_84' title="bbox 2131 3688 3744 3767">
    <p class='ocr_par' dir='ltr' id='par_1_84' title="bbox 2131 3688 3744 3767">
     <span class='ocr_line' id='line_1_84' title="bbox 2131 3688 3744 3767; baseline -0.003 -17"><span class='ocrx_word' id='word_1_625' title='bbox 2131 3701 2265 3752; x_wconf 90' lang='lat' dir='ltr'><strong>mat.</strong></span> <span class='ocrx_word' id='word_1_626' title='bbox 2309 3693 2354 3752; x_wconf 94' lang='grc' dir='ltr'>Ο</span> <span class='ocrx_word' id='word_1_627' title='bbox 2384 3692 2579 3767; x_wconf 86' lang='lat' dir='ltr'><strong>quanti</strong></span> <span class='ocrx_word' id='word_1_628' title='bbox 2609 3693 2764 3750; x_wconf 89' lang='lat' dir='ltr'><strong>illius</strong></span> <span class='ocrx_word' id='word_1_629' title='bbox 2791 3692 3116 3750; x_wconf 89' lang='lat' dir='ltr'><strong>tentationis</strong></span> <span class='ocrx_word' id='word_1_630' title='bbox 3154 3699 3404 3765; x_wconf 90' lang='lat' dir='ltr'><strong>tempora</strong></span> <span class='ocrx_word' id='word_1_631' title='bbox 3431 3705 3544 3747; x_wconf 91' lang='lat' dir='ltr'><strong>non</strong></span> <span class='ocrx_word' id='word_1_632' title='bbox 3574 3688 3744 3746; x_wconf 89' lang='lat' dir='ltr'><strong>vide-</strong></span> 
     </span>
    </p>
   </div>
   <div class='ocr_carea' id='block_1_85' title="bbox 2127 3780 3739 3855">
    <p class='ocr_par' dir='ltr' id='par_1_85' title="bbox 2127 3780 3739 3855">
     <span class='ocr_line' id='line_1_85' title="bbox 2127 3780 3739 3855; baseline -0.002 -17"><span class='ocrx_word' id='word_1_633' title='bbox 2127 3789 2282 3852; x_wconf 90' lang='lat' dir='ltr'><strong>runt,</strong></span> <span class='ocrx_word' id='word_1_634' title='bbox 2312 3791 2366 3840; x_wconf 91' lang='lat' dir='ltr'><strong>et</strong></span> <span class='ocrx_word' id='word_1_635' title='bbox 2392 3789 2578 3838; x_wconf 89' lang='lat' dir='ltr'><strong>tamen</strong></span> <span class='ocrx_word' id='word_1_636' title='bbox 2597 3782 2658 3839; x_wconf 91' lang='lat' dir='ltr'><strong>in</strong></span> <span class='ocrx_word' id='word_1_637' title='bbox 2685 3781 2806 3855; x_wconf 90' lang='lat' dir='ltr'><strong>ejus</strong></span> <span class='ocrx_word' id='word_1_638' title='bbox 2823 3780 3147 3840; x_wconf 89' lang='lat' dir='ltr'><strong>tentationis</strong></span> <span class='ocrx_word' id='word_1_639' title='bbox 3165 3781 3406 3854; x_wconf 89' lang='lat' dir='ltr'><strong>procella</strong></span> <span class='ocrx_word' id='word_1_640' title='bbox 3425 3785 3739 3836; x_wconf 86' lang='lat' dir='ltr'><strong>versantur.</strong></span> 
     </span>
    </p>
   </div>
   <div class='ocr_carea' id='block_1_86' title="bbox 2126 3871 3745 3946">
    <p class='ocr_par' dir='ltr' id='par_1_86' title="bbox 2126 3871 3745 3946">
     <span class='ocr_line' id='line_1_86' title="bbox 2126 3871 3745 3946; baseline -0.004 -14"><span class='ocrx_word' id='word_1_641' title='bbox 2126 3873 2263 3932; x_wconf 85' lang='lat' dir='ltr'><strong>Cain</strong></span> <span class='ocrx_word' id='word_1_642' title='bbox 2291 3881 2510 3946; x_wconf 89' lang='lat' dir='ltr'><strong>tempus</strong></span> <span class='ocrx_word' id='word_1_643' title='bbox 2539 3871 2877 3931; x_wconf 81' lang='lat' dir='ltr'><strong>Antichristi</strong></span> <span class='ocrx_word' id='word_1_644' title='bbox 2906 3889 3018 3929; x_wconf 92' lang='lat' dir='ltr'><strong>non</strong></span> <span class='ocrx_word' id='word_1_645' title='bbox 3050 3871 3213 3940; x_wconf 88' lang='lat' dir='ltr'><strong>vidit,</strong></span> <span class='ocrx_word' id='word_1_646' title='bbox 3260 3877 3314 3926; x_wconf 91' lang='lat' dir='ltr'><strong>et</strong></span> <span class='ocrx_word' id='word_1_647' title='bbox 3343 3877 3526 3926; x_wconf 89' lang='lat' dir='ltr'><strong>tamen</strong></span> <span class='ocrx_word' id='word_1_648' title='bbox 3556 3887 3702 3927; x_wconf 90' lang='lat' dir='ltr'><strong>mem</strong></span> <span class='ocrx_word' id='word_1_649' title='bbox 3720 3900 3745 3912; x_wconf 84' lang='lat'><strong>-</strong></span> 
     </span>
    </p>
   </div>
   <div class='ocr_carea' id='block_1_87' title="bbox 2123 3959 3743 4035">
    <p class='ocr_par' dir='ltr' id='par_1_87' title="bbox 2123 3959 3743 4035">
     <span class='ocr_line' id='line_1_87' title="bbox 2123 3959 3743 4035; baseline -0.001 -16"><span class='ocrx_word' id='word_1_650' title='bbox 2123 3962 2286 4019; x_wconf 89' lang='lat' dir='ltr'><strong>brum</strong></span> <span class='ocrx_word' id='word_1_651' title='bbox 2317 3961 2650 4019; x_wconf 81' lang='lat' dir='ltr'><strong>Antichristi</strong></span> <span class='ocrx_word' id='word_1_652' title='bbox 2680 3978 2777 4035; x_wconf 92' lang='lat' dir='ltr'><strong>per</strong></span> <span class='ocrx_word' id='word_1_653' title='bbox 2796 3961 3057 4018; x_wconf 89' lang='lat' dir='ltr'><strong>meritum</strong></span> <span class='ocrx_word' id='word_1_654' title='bbox 3077 3960 3186 4016; x_wconf 85' lang='lat' dir='ltr'><strong>fuit</strong></span> <span class='ocrx_word' id='word_1_655' title='bbox 3209 3960 3418 4032; x_wconf 85' lang='lat' dir='ltr'><strong>(Genes.</strong></span> <span class='ocrx_word' id='word_1_656' title='bbox 3439 3960 3544 4031; x_wconf 79' lang='lat' dir='ltr'><strong>Iv).</strong></span> <span class='ocrx_word' id='word_1_657' title='bbox 3571 3959 3743 4017; x_wconf 75' lang='lat' dir='ltr'><strong>ludas</strong></span> 
     </span>
    </p>
   </div>
   <div class='ocr_carea' id='block_1_88' title="bbox 2123 4047 3742 4126">
    <p class='ocr_par' dir='ltr' id='par_1_88' title="bbox 2123 4047 3742 4126">
     <span class='ocr_line' id='line_1_88' title="bbox 2123 4047 3742 4126; baseline -0.002 -16"><span class='ocrx_word' id='word_1_658' title='bbox 2123 4052 2396 4110; x_wconf 68' lang='lat' dir='ltr'><strong>saevitiam</strong></span> <span class='ocrx_word' id='word_1_659' title='bbox 2426 4051 2830 4126; x_wconf 87' lang='lat' dir='ltr'><strong>persecutionis</strong></span> <span class='ocrx_word' id='word_1_660' title='bbox 2873 4050 3028 4108; x_wconf 90' lang='lat' dir='ltr'><strong>illius</strong></span> <span class='ocrx_word' id='word_1_661' title='bbox 3071 4047 3368 4124; x_wconf 84' lang='lat' dir='ltr'><strong>ignoravit,</strong></span> <span class='ocrx_word' id='word_1_662' title='bbox 3419 4050 3441 4085; x_wconf 83' lang='grc'>⁷</span> <span class='ocrx_word' id='word_1_663' title='bbox 3473 4056 3529 4105; x_wconf 88' lang='lat' dir='ltr'><strong>et</strong></span> <span class='ocrx_word' id='word_1_664' title='bbox 3557 4057 3742 4107; x_wconf 85' lang='lat' dir='ltr'><strong>tamen</strong></span> 
     </span>
    </p>
   </div>
   <div class='ocr_carea' id='block_1_89' title="bbox 2123 4137 3740 4216">
    <p class='ocr_par' dir='ltr' id='par_1_89' title="bbox 2123 4137 3740 4216">
     <span class='ocr_line' id='line_1_89' title="bbox 2123 4137 3740 4216; baseline 0.001 -18"><span class='ocrx_word' id='word_1_665' title='bbox 2123 4143 2342 4200; x_wconf 90' lang='lat' dir='ltr'><strong>viribus</strong></span> <span class='ocrx_word' id='word_1_666' title='bbox 2357 4141 2702 4200; x_wconf 89' lang='lat' dir='ltr'><strong>crudelitatis</strong></span> <span class='ocrx_word' id='word_1_667' title='bbox 2715 4141 2856 4216; x_wconf 89' lang='lat' dir='ltr'><strong>ejus,</strong></span> <span class='ocrx_word' id='word_1_668' title='bbox 2874 4140 3114 4198; x_wconf 89' lang='lat' dir='ltr'><strong>avaritia</strong></span> <span class='ocrx_word' id='word_1_669' title='bbox 3131 4139 3420 4209; x_wconf 89' lang='lat' dir='ltr'><strong>suadente,</strong></span> <span class='ocrx_word' id='word_1_670' title='bbox 3436 4137 3740 4200; x_wconf 87' lang='lat' dir='ltr'><strong>succubuit</strong></span> 
     </span>
    </p>
   </div>
   <div class='ocr_carea' id='block_1_90' title="bbox 2125 4229 3738 4307">
    <p class='ocr_par' dir='ltr' id='par_1_90' title="bbox 2125 4229 3738 4307">
     <span class='ocr_line' id='line_1_90' title="bbox 2125 4229 3738 4307; baseline -0.005 -13"><span class='ocrx_word' id='word_1_671' title='bbox 2125 4234 2337 4307; x_wconf 78' lang='lat' dir='ltr'><strong>(Matth.</strong></span> <span class='ocrx_word' id='word_1_672' title='bbox 2363 4249 2522 4302; x_wconf 80' lang='lat' dir='ltr'><strong>xxvr,</strong></span> <span class='ocrx_word' id='word_1_673' title='bbox 2546 4233 2658 4306; x_wconf 85' lang='grc'><strong>15).</strong></span> <span class='ocrx_word' id='word_1_674' title='bbox 2683 4232 2874 4288; x_wconf 90' lang='lat' dir='ltr'><strong>Simon</strong></span> <span class='ocrx_word' id='word_1_675' title='bbox 2895 4231 3110 4288; x_wconf 89' lang='lat' dir='ltr'><strong>divisus</strong></span> <span class='ocrx_word' id='word_1_676' title='bbox 3129 4230 3289 4303; x_wconf 90' lang='lat' dir='ltr'><strong>longe</strong></span> <span class='ocrx_word' id='word_1_677' title='bbox 3308 4229 3378 4286; x_wconf 88' lang='lat' dir='ltr'><strong>ab</strong></span> <span class='ocrx_word' id='word_1_678' title='bbox 3399 4229 3738 4287; x_wconf 79' lang='lat' dir='ltr'><strong>Antichristi</strong></span> 
     </span>
    </p>
   </div>
   <div class='ocr_carea' id='block_1_91' title="bbox 2122 4318 3740 4396">
    <p class='ocr_par' dir='ltr' id='par_1_91' title="bbox 2122 4318 3740 4396">
     <span class='ocr_line' id='line_1_91' title="bbox 2122 4318 3740 4396; baseline -0.002 -17"><span class='ocrx_word' id='word_1_679' title='bbox 2122 4323 2469 4396; x_wconf 88' lang='lat' dir='ltr'><strong>temporibus</strong></span> <span class='ocrx_word' id='word_1_680' title='bbox 2498 4323 2734 4392; x_wconf 85' lang='lat' dir='ltr'><strong>exstitit,</strong></span> <span class='ocrx_word' id='word_1_681' title='bbox 2767 4329 2822 4378; x_wconf 92' lang='lat' dir='ltr'><strong>et</strong></span> <span class='ocrx_word' id='word_1_682' title='bbox 2849 4329 3035 4378; x_wconf 89' lang='lat' dir='ltr'><strong>tamen</strong></span> <span class='ocrx_word' id='word_1_683' title='bbox 3063 4320 3182 4394; x_wconf 88' lang='lat' dir='ltr'><strong>ejus</strong></span> <span class='ocrx_word' id='word_1_684' title='bbox 3209 4335 3267 4376; x_wconf 90' lang='lat' dir='ltr'><strong>se</strong></span> <span class='ocrx_word' id='word_1_685' title='bbox 3293 4318 3582 4392; x_wconf 69' lang='lat' dir='ltr'><strong>superbia,</strong></span> <span class='ocrx_word' id='word_1_686' title='bbox 3616 4320 3740 4376; x_wconf 83' lang='lat' dir='ltr'><strong>mi-</strong></span> 
     </span>
    </p>
   </div>
   <div class='ocr_carea' id='block_1_92' title="bbox 2124 4408 3739 4487">
    <p class='ocr_par' dir='ltr' id='par_1_92' title="bbox 2124 4408 3739 4487">
     <span class='ocr_line' id='line_1_92' title="bbox 2124 4408 3739 4487; baseline -0.002 -17"><span class='ocrx_word' id='word_1_687' title='bbox 2124 4415 2440 4471; x_wconf 88' lang='lat' dir='ltr'><strong>raculorum</strong></span> <span class='ocrx_word' id='word_1_688' title='bbox 2469 4414 2777 4487; x_wconf 87' lang='lat' dir='ltr'><strong>potentiam</strong></span> <span class='ocrx_word' id='word_1_689' title='bbox 2808 4427 3062 4486; x_wconf 89' lang='lat' dir='ltr'><strong>perverse</strong></span> <span class='ocrx_word' id='word_1_690' title='bbox 3089 4409 3416 4484; x_wconf 88' lang='lat' dir='ltr'><strong>appetendo,</strong></span> <span class='ocrx_word' id='word_1_691' title='bbox 3439 4408 3739 4482; x_wconf 85' lang='lat' dir='ltr'><strong>conjunxit</strong></span> 
     </span>
    </p>
   </div>
   <div class='ocr_carea' id='block_1_93' title="bbox 2125 4499 3738 4576">
    <p class='ocr_par' dir='ltr' id='par_1_93' title="bbox 2125 4499 3738 4576">
     <span class='ocr_line' id='line_1_93' title="bbox 2125 4499 3738 4576; baseline 0.001 -18"><span class='ocrx_word' id='word_1_692' title='bbox 2125 4502 2267 4575; x_wconf 81' lang='lat' dir='ltr'><strong>(Act.</strong></span> <span class='ocrx_word' id='word_1_693' title='bbox 2300 4519 2426 4573; x_wconf 76' lang='lat' dir='ltr'><strong>VIII,</strong></span> <span class='ocrx_word' id='word_1_694' title='bbox 2461 4503 2576 4576; x_wconf 87' lang='grc'><strong>19).</strong></span> <span class='ocrx_word' id='word_1_695' title='bbox 2626 4503 2718 4561; x_wconf 90' lang='lat' dir='ltr'><strong>Sic</strong></span> <span class='ocrx_word' id='word_1_696' title='bbox 2757 4503 3014 4576; x_wconf 89' lang='lat' dir='ltr'><strong>iniquum</strong></span> <span class='ocrx_word' id='word_1_697' title='bbox 3056 4517 3258 4574; x_wconf 87' lang='lat' dir='ltr'><strong>corpus</strong></span> <span class='ocrx_word' id='word_1_698' title='bbox 3285 4518 3387 4557; x_wconf 92' lang='lat' dir='ltr'><strong>suo</strong></span> <span class='ocrx_word' id='word_1_699' title='bbox 3414 4499 3608 4573; x_wconf 89' lang='lat' dir='ltr'><strong>capiti,</strong></span> <span class='ocrx_word' id='word_1_700' title='bbox 3655 4499 3738 4560; x_wconf 90' lang='lat' dir='ltr'><strong>sic</strong></span> 
     </span>
    </p>
   </div>
   <div class='ocr_carea' id='block_1_94' title="bbox 411 4582 3736 4667">
    <p class='ocr_par' dir='ltr' id='par_1_94' title="bbox 411 4582 3736 4667">
     <span class='ocr_line' id='line_1_94' title="bbox 411 4582 3736 4667; baseline -0.001 -19"><span class='ocrx_word' id='word_1_701' title='bbox 411 4592 556 4650; x_wconf 89' lang='lat' dir='ltr'><strong>viter</strong></span> <span class='ocrx_word' id='word_1_702' title='bbox 581 4590 764 4652; x_wconf 89' lang='lat' dir='ltr'><strong>durat.</strong></span> <span class='ocrx_word' id='word_1_703' title='bbox 796 4593 951 4650; x_wconf 89' lang='lat' dir='ltr'><strong>Unde</strong></span> <span class='ocrx_word' id='word_1_704' title='bbox 979 4600 1034 4649; x_wconf 90' lang='lat' dir='ltr'><strong>et</strong></span> <span class='ocrx_word' id='word_1_705' title='bbox 1061 4608 1159 4666; x_wconf 89' lang='lat' dir='ltr'><strong>per</strong></span> <span class='ocrx_word' id='word_1_706' title='bbox 1184 4590 1515 4664; x_wconf 87' lang='lat' dir='ltr'><strong>Prophetam</strong></span> <span class='ocrx_word' id='word_1_707' title='bbox 1543 4587 1788 4646; x_wconf 88' lang='lat' dir='ltr'><strong>dicitur:</strong></span> <span class='ocrx_word' id='word_1_708' title='bbox 1823 4589 2015 4646; x_wconf 84' lang='lat' dir='ltr'><strong>Omnia</strong></span> <span class='ocrx_word' id='word_1_709' title='bbox 2045 4582 2094 4642; x_wconf 88' lang='lat' dir='ltr'><strong>D</strong></span> <span class='ocrx_word' id='word_1_710' title='bbox 2126 4591 2394 4649; x_wconf 88' lang='lat' dir='ltr'><strong>membris</strong></span> <span class='ocrx_word' id='word_1_711' title='bbox 2423 4592 2673 4650; x_wconf 89' lang='lat' dir='ltr'><strong>membra</strong></span> <span class='ocrx_word' id='word_1_712' title='bbox 2713 4592 3051 4667; x_wconf 90' lang='lat' dir='ltr'><strong>junguntur,</strong></span> <span class='ocrx_word' id='word_1_713' title='bbox 3089 4608 3215 4650; x_wconf 90' lang='lat' dir='ltr'><strong>cum</strong></span> <span class='ocrx_word' id='word_1_714' title='bbox 3247 4599 3303 4648; x_wconf 91' lang='lat' dir='ltr'><strong>et</strong></span> <span class='ocrx_word' id='word_1_715' title='bbox 3329 4589 3651 4663; x_wconf 88' lang='lat' dir='ltr'><strong>cognitione</strong></span> <span class='ocrx_word' id='word_1_716' title='bbox 3677 4605 3736 4646; x_wconf 89' lang='lat' dir='ltr'><strong>se</strong></span> 
     </span>
    </p>
   </div>
   <div class='ocr_carea' id='block_1_95' title="bbox 410 4679 2010 4752">
    <p class='ocr_par' dir='ltr' id='par_1_95' title="bbox 410 4679 2010 4752">
     <span class='ocr_line' id='line_1_95' title="bbox 410 4679 2010 4752; baseline -0.001 -14"><span class='ocrx_word' id='word_1_717' title='bbox 410 4683 546 4739; x_wconf 88' lang='lat' dir='ltr'><strong>sicut</strong></span> <span class='ocrx_word' id='word_1_718' title='bbox 565 4683 922 4740; x_wconf 80' lang='lat' dir='ltr'><strong>vestimentum</strong></span> <span class='ocrx_word' id='word_1_719' title='bbox 941 4687 1280 4751; x_wconf 82' lang='lat' dir='ltr'><strong>veterascent,</strong></span> <span class='ocrx_word' id='word_1_720' title='bbox 1317 4688 1366 4736; x_wconf 88' lang='lat' dir='ltr'><strong>et</strong></span> <span class='ocrx_word' id='word_1_721' title='bbox 1382 4680 1516 4736; x_wconf 88' lang='lat' dir='ltr'><strong>sicut</strong></span> <span class='ocrx_word' id='word_1_722' title='bbox 1552 4679 1878 4752; x_wconf 82' lang='lat' dir='ltr'><strong>opertorium</strong></span> <span class='ocrx_word' id='word_1_723' title='bbox 1897 4697 2010 4736; x_wconf 84' lang='lat' dir='ltr'><strong>mu-</strong></span> 
     </span>
    </p>
   </div>
   <div class='ocr_carea' id='block_1_96' title="bbox 412 4769 2010 4845">
    <p class='ocr_par' dir='ltr' id='par_1_96' title="bbox 412 4769 2010 4845">
     <span class='ocr_line' id='line_1_96' title="bbox 412 4769 2010 4845; baseline -0.002 -15"><span class='ocrx_word' id='word_1_724' title='bbox 412 4774 546 4831; x_wconf 86' lang='lat' dir='ltr'><strong>tabis</strong></span> <span class='ocrx_word' id='word_1_725' title='bbox 572 4792 655 4842; x_wconf 89' lang='lat' dir='ltr'><strong>ea,</strong></span> <span class='ocrx_word' id='word_1_726' title='bbox 697 4783 746 4832; x_wconf 87' lang='lat' dir='ltr'><strong>et</strong></span> <span class='ocrx_word' id='word_1_727' title='bbox 769 4775 1118 4832; x_wconf 87' lang='lat' dir='ltr'><strong>mutabuntur</strong></span> <span class='ocrx_word' id='word_1_728' title='bbox 1157 4772 1340 4845; x_wconf 89' lang='lat' dir='ltr'><strong>(Psal.</strong></span> <span class='ocrx_word' id='word_1_729' title='bbox 1371 4787 1448 4840; x_wconf 79' lang='lat' dir='ltr'><strong>cr,</strong></span> <span class='ocrx_word' id='word_1_730' title='bbox 1478 4769 1596 4842; x_wconf 78' lang='lat'><strong>27).</strong></span> <span class='ocrx_word' id='word_1_731' title='bbox 1647 4769 1776 4828; x_wconf 61' lang='lat' dir='ltr'><strong>Haec</strong></span> <span class='ocrx_word' id='word_1_732' title='bbox 1802 4769 2010 4844; x_wconf 89' lang='lat' dir='ltr'><strong>itaque,</strong></span> 
     </span>
    </p>
   </div>
   <div class='ocr_carea' id='block_1_97' title="bbox 409 4861 2010 4940">
    <p class='ocr_par' dir='ltr' id='par_1_97' title="bbox 409 4861 2010 4940">
     <span class='ocr_line' id='line_1_97' title="bbox 409 4861 2010 4940; baseline -0.001 -17"><span class='ocrx_word' id='word_1_733' title='bbox 409 4881 530 4940; x_wconf 65' lang='lat' dir='ltr'><strong>quae</strong></span> <span class='ocrx_word' id='word_1_734' title='bbox 558 4867 946 4940; x_wconf 81' lang='lat' dir='ltr'><strong>allegoriamm</strong></span> <span class='ocrx_word' id='word_1_735' title='bbox 976 4863 1125 4922; x_wconf 91' lang='lat' dir='ltr'><strong>nube</strong></span> <span class='ocrx_word' id='word_1_736' title='bbox 1171 4869 1323 4920; x_wconf 85' lang='lat' dir='ltr'><strong>recta</strong></span> <span class='ocrx_word' id='word_1_737' title='bbox 1373 4861 1588 4932; x_wconf 90' lang='lat' dir='ltr'><strong>intulit,</strong></span> <span class='ocrx_word' id='word_1_738' title='bbox 1633 4878 1784 4920; x_wconf 91' lang='lat' dir='ltr'><strong>nunc</strong></span> <span class='ocrx_word' id='word_1_739' title='bbox 1828 4862 2010 4922; x_wconf 87' lang='lat' dir='ltr'><strong>verbis</strong></span> 
     </span>
    </p>
   </div>
   <div class='ocr_carea' id='block_1_98' title="bbox 408 4951 1430 5030">
    <p class='ocr_par' dir='ltr' id='par_1_98' title="bbox 408 4951 1430 5030">
     <span class='ocr_line' id='line_1_98' title="bbox 408 4951 1430 5030; baseline -0.004 -18"><span class='ocrx_word' id='word_1_740' title='bbox 408 4957 772 5030; x_wconf 85' lang='lat' dir='ltr'><strong>apertioribus</strong></span> <span class='ocrx_word' id='word_1_741' title='bbox 798 4954 1117 5024; x_wconf 85' lang='lat' dir='ltr'><strong>innotescit,</strong></span> <span class='ocrx_word' id='word_1_742' title='bbox 1146 4951 1385 5011; x_wconf 87' lang='lat' dir='ltr'><strong>subdens</strong></span> <span class='ocrx_word' id='word_1_743' title='bbox 1417 4969 1430 5009; x_wconf 89' lang='lat'><strong>:</strong></span> 
     </span>
    </p>
   </div>
   <div class='ocr_carea' id='block_1_99' title="bbox 481 5117 1845 5202">
    <p class='ocr_par' dir='ltr' id='par_1_99' title="bbox 481 5117 1845 5202">
     <span class='ocr_line' id='line_1_99' title="bbox 481 5117 1845 5202; baseline -0.01 -20"><span class='ocrx_word' id='word_1_744' title='bbox 481 5123 502 5202; x_wconf 66' lang='grc' dir='ltr'><strong>ξ</strong></span> <span class='ocrx_word' id='word_1_745' title='bbox 530 5123 705 5202; x_wconf 78' lang='lat' dir='ltr'><strong>I_idern</strong></span> <span class='ocrx_word' id='word_1_746' title='bbox 731 5119 894 5202; x_wconf 40' lang='lat' dir='ltr'><strong>Cod”</strong></span> <span class='ocrx_word' id='word_1_747' title='bbox 920 5120 980 5202; x_wconf 76' lang='lat' dir='ltr'><strong>in</strong></span> <span class='ocrx_word' id='word_1_748' title='bbox 1007 5135 1100 5202; x_wconf 66' lang='lat' dir='ltr'><strong>cor</strong></span> <span class='ocrx_word' id='word_1_749' title='bbox 1125 5117 1483 5202; x_wconf 53' lang='lat' dir='ltr'><strong>signaculum.</strong></span> <span class='ocrx_word' id='word_1_750' title='bbox 1833 5190 1845 5202; x_wconf 45' lang='lat'><em>.</em></span> 
     </span>
    </p>
   </div>
   <div class='ocr_carea' id='block_1_100' title="bbox 479 5189 2008 5260">
    <p class='ocr_par' dir='ltr' id='par_1_100' title="bbox 479 5189 2008 5260">
     <span class='ocr_line' id='line_1_100' title="bbox 479 5189 2008 5260; baseline -0.012 -7"><span class='ocrx_word' id='word_1_751' title='bbox 479 5194 504 5230; x_wconf 79' lang='grc'><strong><em>⁸</em></strong></span> <span class='ocrx_word' id='word_1_752' title='bbox 530 5195 730 5254; x_wconf 89' lang='lat' dir='ltr'><strong>Pratel.</strong></span> <span class='ocrx_word' id='word_1_753' title='bbox 763 5203 818 5253; x_wconf 87' lang='lat' dir='ltr'><strong>et</strong></span> <span class='ocrx_word' id='word_1_754' title='bbox 841 5189 1006 5250; x_wconf 88' lang='lat' dir='ltr'><strong>Corb.</strong></span> <span class='ocrx_word' id='word_1_755' title='bbox 1041 5190 1253 5258; x_wconf 91' lang='lat' dir='ltr'><strong>Germ.,</strong></span> <span class='ocrx_word' id='word_1_756' title='bbox 1277 5205 1377 5260; x_wconf 85' lang='lat' dir='ltr'><strong>per</strong></span> <span class='ocrx_word' id='word_1_757' title='bbox 1407 5189 1574 5245; x_wconf 88' lang='lat' dir='ltr'><strong>lutum</strong></span> <span class='ocrx_word' id='word_1_758' title='bbox 1600 5206 1723 5245; x_wconf 79' lang='lat' dir='ltr'><strong>vero</strong></span> <span class='ocrx_word' id='word_1_759' title='bbox 1750 5190 1877 5260; x_wconf 84' lang='lat' dir='ltr'><strong>quia</strong></span> <span class='ocrx_word' id='word_1_760' title='bbox 1909 5197 2008 5248; x_wconf 70' lang='grc' dir='ltr'><strong>ιον.</strong></span> 
     </span>
    </p>
   </div>
   <div class='ocr_carea' id='block_1_101' title="bbox 405 5264 1807 5340">
    <p class='ocr_par' dir='ltr' id='par_1_101' title="bbox 405 5264 1807 5340">
     <span class='ocr_line' id='line_1_101' title="bbox 405 5264 1807 5340; baseline 0.011 -35"><span class='ocrx_word' id='word_1_761' title='bbox 405 5283 534 5323; x_wconf 61' lang='lat' dir='ltr'><strong>rem,</strong></span> <span class='ocrx_word' id='word_1_762' title='bbox 566 5268 806 5340; x_wconf 65' lang='grc' dir='ltr'><strong>οοηεαρξα</strong></span> <span class='ocrx_word' id='word_1_763' title='bbox 835 5264 1283 5340; x_wconf 68' lang='lat' dir='ltr'><strong>demonstrantur,</strong></span> <span class='ocrx_word' id='word_1_764' title='bbox 1313 5266 1594 5340; x_wconf 78' lang='lat' dir='ltr'><strong>attestatur</strong></span> <span class='ocrx_word' id='word_1_765' title='bbox 1615 5264 1807 5334; x_wconf 86' lang='lat' dir='ltr'><strong>proph.</strong></span> 
     </span>
    </p>
   </div>
   <div class='ocr_carea' id='block_1_102' title="bbox 481 5332 2008 5407">
    <p class='ocr_par' dir='ltr' id='par_1_102' title="bbox 481 5332 2008 5407">
     <span class='ocr_line' id='line_1_102' title="bbox 481 5332 2008 5407; baseline -0.004 -11"><span class='ocrx_word' id='word_1_766' title='bbox 481 5341 502 5375; x_wconf 84' lang='grc'>³</span> <span class='ocrx_word' id='word_1_767' title='bbox 544 5332 928 5398; x_wconf 63' lang='grc' dir='ltr'><strong>ΟοτΙλὈθωι.</strong></span> <span class='ocrx_word' id='word_1_768' title='bbox 959 5340 1014 5389; x_wconf 92' lang='lat' dir='ltr'><strong>et</strong></span> <span class='ocrx_word' id='word_1_769' title='bbox 1027 5332 1224 5400; x_wconf 90' lang='lat' dir='ltr'><strong>Laud.,</strong></span> <span class='ocrx_word' id='word_1_770' title='bbox 1251 5334 1378 5389; x_wconf 85' lang='lat' dir='ltr'><strong>tales</strong></span> <span class='ocrx_word' id='word_1_771' title='bbox 1403 5349 1582 5389; x_wconf 89' lang='lat' dir='ltr'><strong>eorum</strong></span> <span class='ocrx_word' id='word_1_772' title='bbox 1609 5332 1655 5389; x_wconf 81' lang='lat' dir='ltr'><strong>et</strong></span> <span class='ocrx_word' id='word_1_773' title='bbox 1673 5332 2008 5407; x_wconf 78' lang='lat' dir='ltr'><strong>postmodum</strong></span> 
     </span>
    </p>
   </div>
   <div class='ocr_carea' id='block_1_103' title="bbox 405 5412 2010 5610">
    <p class='ocr_par' dir='ltr' id='par_1_103' title="bbox 405 5412 2010 5610">
     <span class='ocr_line' id='line_1_103' title="bbox 405 5412 2010 5610; baseline -0.001 -73"><span class='ocrx_word' id='word_1_774' title='bbox 405 5412 954 5610; x_wconf 52' lang='grc' dir='ltr'><strong>Υφὲῗὲἕιῗ.υὲἕιίωη</strong></span> <span class='ocrx_word' id='word_1_775' title='bbox 985 5476 1244 5548; x_wconf 86' lang='lat' dir='ltr'><strong>Vindoc.,</strong></span> <span class='ocrx_word' id='word_1_776' title='bbox 1275 5478 1500 5550; x_wconf 89' lang='lat' dir='ltr'><strong>Pratel.,</strong></span> <span class='ocrx_word' id='word_1_777' title='bbox 1544 5479 1710 5548; x_wconf 91' lang='lat' dir='ltr'><strong>Utic.,</strong></span> <span class='ocrx_word' id='word_1_778' title='bbox 1754 5480 1893 5536; x_wconf 85' lang='lat' dir='ltr'><strong>inter</strong></span> <span class='ocrx_word' id='word_1_779' title='bbox 1925 5485 2010 5536; x_wconf 88' lang='lat' dir='ltr'><strong>te-</strong></span> 
     </span>
     <span class='ocr_line' id='line_1_104' title="bbox 405 5570 614 5610; baseline 0 0"><span class='ocrx_word' id='word_1_780' title='bbox 405 5571 468 5610; x_wconf 83' lang='lat' dir='ltr'><strong>ne</strong></span> <span class='ocrx_word' id='word_1_781' title='bbox 533 5570 614 5610; x_wconf 88' lang='lat' dir='ltr'><strong>as.</strong></span> 
     </span>
    </p>
   </div>
   <div class='ocr_carea' id='block_1_104' title="bbox 403 5570 2006 5708">
    <p class='ocr_par' dir='ltr' id='par_1_104' title="bbox 403 5570 2006 5708">
     <span class='ocr_line' id='line_1_105' title="bbox 403 5570 614 5610; baseline -0.005 1"><span class='ocrx_word' id='word_1_782' title='bbox 403 5570 533 5610; x_wconf 83' lang='lat' dir='ltr'><strong>near</strong></span> <span class='ocrx_word' id='word_1_783' title='bbox 602 5598 614 5610; x_wconf 95' lang='lat'><strong>.</strong></span> 
     </span>
     <span class='ocr_line' id='line_1_106' title="bbox 409 5570 2006 5708; baseline -0.011 -13"><span class='ocrx_word' id='word_1_784' title='bbox 409 5697 452 5708; x_wconf 44' lang='grc'><strong>,-</strong></span> <span class='ocrx_word' id='word_1_785' title='bbox 473 5570 789 5708; x_wconf 53' lang='grc' dir='ltr'><strong>Δίίἴξῖίριειιε</strong></span> <span class='ocrx_word' id='word_1_786' title='bbox 805 5620 929 5708; x_wconf 42' lang='lat' dir='ltr'><strong>llic.</strong></span> <span class='ocrx_word' id='word_1_787' title='bbox 951 5623 1104 5708; x_wconf 80' lang='lat' dir='ltr'><strong>locus</strong></span> <span class='ocrx_word' id='word_1_788' title='bbox 1123 5625 1444 5708; x_wconf 46' lang='lat' dir='ltr'><strong>‘omissione</strong></span> <span class='ocrx_word' id='word_1_789' title='bbox 1485 5622 1639 5706; x_wconf 79' lang='lat' dir='ltr'><strong>verbi</strong></span> <span class='ocrx_word' id='word_1_790' title='bbox 1668 5624 1915 5706; x_wconf 79' lang='lat' dir='ltr'><strong>diligunt,</strong></span> <span class='ocrx_word' id='word_1_791' title='bbox 1947 5622 2006 5708; x_wconf 80' lang='lat' dir='ltr'><strong>in</strong></span> 
     </span>
    </p>
   </div>
   <div class='ocr_carea' id='block_1_105' title="bbox 408 5693 2010 5779">
    <p class='ocr_par' dir='ltr' id='par_1_105' title="bbox 408 5693 2010 5779">
     <span class='ocr_line' id='line_1_107' title="bbox 408 5693 2010 5779; baseline -0.001 -27"><span class='ocrx_word' id='word_1_792' title='bbox 408 5695 780 5779; x_wconf 68' lang='lat' dir='ltr'><strong>Edit._Gilot.,</strong></span> <span class='ocrx_word' id='word_1_793' title='bbox 805 5693 983 5779; x_wconf 60' lang='lat' dir='ltr'><strong>Yatic.</strong></span> <span class='ocrx_word' id='word_1_794' title='bbox 1005 5704 1061 5779; x_wconf 72' lang='lat' dir='ltr'><strong>et</strong></span> <span class='ocrx_word' id='word_1_795' title='bbox 1081 5695 1212 5779; x_wconf 64' lang='lat' dir='ltr'><strong>aliis</strong></span> <span class='ocrx_word' id='word_1_796' title='bbox 1239 5713 1350 5754; x_wconf 90' lang='lat' dir='ltr'><strong>non</strong></span> <span class='ocrx_word' id='word_1_797' title='bbox 1379 5693 1899 5779; x_wconf 28' lang='lat' dir='ltr'><strong>pauciskrestitutus</strong></span> <span class='ocrx_word' id='word_1_798' title='bbox 1926 5701 2010 5778; x_wconf 80' lang='lat' dir='ltr'><strong>est</strong></span> 
     </span>
    </p>
   </div>
   <div class='ocr_carea' id='block_1_106' title="bbox 405 5766 2002 5897">
    <p class='ocr_par' dir='ltr' id='par_1_106' title="bbox 405 5766 2002 5896">
     <span class='ocr_line' id='line_1_108' title="bbox 405 5766 2002 5896; baseline -0.001 -72"><span class='ocrx_word' id='word_1_799' title='bbox 405 5783 532 5896; x_wconf 58' lang='lat' dir='ltr'><strong>:qu</strong></span> <span class='ocrx_word' id='word_1_800' title='bbox 527 5767 658 5896; x_wconf 49' lang='lat'><strong>:13.</strong></span> <span class='ocrx_word' id='word_1_801' title='bbox 682 5767 900 5842; x_wconf 86' lang='lat' dir='ltr'><strong>Anglic.</strong></span> <span class='ocrx_word' id='word_1_802' title='bbox 924 5776 978 5827; x_wconf 90' lang='lat' dir='ltr'><strong>et</strong></span> <span class='ocrx_word' id='word_1_803' title='bbox 998 5769 1268 5829; x_wconf 87' lang='lat' dir='ltr'><strong>Gallican.</strong></span> <span class='ocrx_word' id='word_1_804' title='bbox 1291 5766 1508 5828; x_wconf 68' lang='lat' dir='ltr'><strong>nec&#39;non</strong></span> <span class='ocrx_word' id='word_1_805' title='bbox 1529 5773 1641 5824; x_wconf 88' lang='lat' dir='ltr'><strong>vet.</strong></span> <span class='ocrx_word' id='word_1_806' title='bbox 1663 5766 1816 5824; x_wconf 88' lang='lat' dir='ltr'><strong>Edit.</strong></span> <span class='ocrx_word' id='word_1_807' title='bbox 1831 5767 2002 5824; x_wconf 89' lang='lat' dir='ltr'><strong>Paris.</strong></span> 
     </span>
    </p>
   </div>
   <div class='ocr_carea' id='block_1_107' title="bbox 737 6007 750 6038">
    <p class='ocr_par' dir='ltr' id='par_1_107' title="bbox 737 6007 750 6038">
     <span class='ocr_line' id='line_1_109' title="bbox 737 6007 750 6038; baseline 0 0"><span class='ocrx_word' id='word_1_808' title='bbox 737 6007 750 6038; x_wconf 81' lang='grc' dir='ltr'><strong>Ι</strong></span> 
     </span>
    </p>
   </div>
   <div class='ocr_carea' id='block_1_108' title="bbox 2122 4680 3730 4756">
    <p class='ocr_par' dir='ltr' id='par_1_108' title="bbox 2122 4680 3730 4756">
     <span class='ocr_line' id='line_1_110' title="bbox 2122 4680 3730 4756; baseline -0.001 -18"><span class='ocrx_word' id='word_1_809' title='bbox 2122 4683 2398 4752; x_wconf 89' lang='lat' dir='ltr'><strong>nesciunt,</strong></span> <span class='ocrx_word' id='word_1_810' title='bbox 2437 4692 2491 4740; x_wconf 93' lang='lat' dir='ltr'><strong>et</strong></span> <span class='ocrx_word' id='word_1_811' title='bbox 2520 4691 2706 4740; x_wconf 85' lang='lat' dir='ltr'><strong>tamen</strong></span> <span class='ocrx_word' id='word_1_812' title='bbox 2747 4699 2919 4756; x_wconf 88' lang='lat' dir='ltr'><strong>prava</strong></span> <span class='ocrx_word' id='word_1_813' title='bbox 2955 4683 3062 4740; x_wconf 91' lang='lat' dir='ltr'><strong>sibi</strong></span> <span class='ocrx_word' id='word_1_814' title='bbox 3110 4682 3329 4740; x_wconf 89' lang='lat' dir='ltr'><strong>actione</strong></span> <span class='ocrx_word' id='word_1_815' title='bbox 3375 4680 3730 4754; x_wconf 86' lang='lat' dir='ltr'><strong>copulantur.</strong></span> 
     </span>
    </p>
   </div>
   <div class='ocr_carea' id='block_1_109' title="bbox 2117 4768 3733 4848">
    <p class='ocr_par' dir='ltr' id='par_1_109' title="bbox 2117 4768 3733 4848">
     <span class='ocr_line' id='line_1_111' title="bbox 2117 4768 3733 4848; baseline -0.002 -18"><span class='ocrx_word' id='word_1_816' title='bbox 2117 4773 2304 4846; x_wconf 88' lang='lat' dir='ltr'><strong>Neque</strong></span> <span class='ocrx_word' id='word_1_817' title='bbox 2332 4773 2480 4830; x_wconf 90' lang='lat' dir='ltr'><strong>enim</strong></span> <span class='ocrx_word' id='word_1_818' title='bbox 2512 4773 2808 4848; x_wconf 91' lang='lat' dir='ltr'><strong>Pergamus</strong></span> <span class='ocrx_word' id='word_1_819' title='bbox 2841 4774 3063 4830; x_wconf 89' lang='lat' dir='ltr'><strong>Balaam</strong></span> <span class='ocrx_word' id='word_1_820' title='bbox 3107 4772 3279 4830; x_wconf 89' lang='lat' dir='ltr'><strong>libros</strong></span> <span class='ocrx_word' id='word_1_821' title='bbox 3305 4777 3402 4828; x_wconf 84' lang='lat' dir='ltr'><strong>aut</strong></span> <span class='ocrx_word' id='word_1_822' title='bbox 3429 4768 3600 4827; x_wconf 83' lang='lat' dir='ltr'><strong>verba</strong></span> <span class='ocrx_word' id='word_1_823' title='bbox 3627 4784 3733 4827; x_wconf 87' lang='lat' dir='ltr'><strong>co-</strong></span> 
     </span>
    </p>
   </div>
   <div class='ocr_carea' id='block_1_110' title="bbox 2117 4860 3733 4937">
    <p class='ocr_par' dir='ltr' id='par_1_110' title="bbox 2117 4860 3733 4937">
     <span class='ocr_line' id='line_1_112' title="bbox 2117 4860 3733 4937; baseline -0.001 -17"><span class='ocrx_word' id='word_1_824' title='bbox 2117 4870 2404 4937; x_wconf 85' lang='lat' dir='ltr'><strong>gnoverat,</strong></span> <span class='ocrx_word' id='word_1_825' title='bbox 2440 4870 2495 4919; x_wconf 88' lang='lat' dir='ltr'><strong>et</strong></span> <span class='ocrx_word' id='word_1_826' title='bbox 2521 4870 2709 4920; x_wconf 89' lang='lat' dir='ltr'><strong>tamen</strong></span> <span class='ocrx_word' id='word_1_827' title='bbox 2737 4861 2857 4936; x_wconf 90' lang='lat' dir='ltr'><strong>ejus</strong></span> <span class='ocrx_word' id='word_1_828' title='bbox 2887 4862 3190 4936; x_wconf 86' lang='lat' dir='ltr'><strong>nequitiam</strong></span> <span class='ocrx_word' id='word_1_829' title='bbox 3234 4877 3490 4935; x_wconf 85' lang='lat' dir='ltr'><strong>sequens,</strong></span> <span class='ocrx_word' id='word_1_830' title='bbox 3540 4860 3564 4896; x_wconf 83' lang='grc'>⁸</span> <span class='ocrx_word' id='word_1_831' title='bbox 3594 4874 3733 4918; x_wconf 85' lang='lat' dir='ltr'><strong>voce</strong></span> 
     </span>
    </p>
   </div>
   <div class='ocr_carea' id='block_1_111' title="bbox 2117 4949 3733 5028">
    <p class='ocr_par' dir='ltr' id='par_1_111' title="bbox 2117 4949 3733 5028">
     <span class='ocr_line' id='line_1_113' title="bbox 2117 4949 3733 5028; baseline -0.004 -16"><span class='ocrx_word' id='word_1_832' title='bbox 2117 4969 2367 5028; x_wconf 61' lang='lat' dir='ltr'><strong>supernae</strong></span> <span class='ocrx_word' id='word_1_833' title='bbox 2400 4952 2797 5027; x_wconf 90' lang='lat' dir='ltr'><strong>increpationis</strong></span> <span class='ocrx_word' id='word_1_834' title='bbox 2825 4951 3085 5011; x_wconf 86' lang='lat' dir='ltr'><strong>audiebat</strong></span> <span class='ocrx_word' id='word_1_835' title='bbox 3119 4969 3131 5009; x_wconf 91' lang='lat'>:</span> <span class='ocrx_word' id='word_1_836' title='bbox 3163 4951 3337 5010; x_wconf 83' lang='lat' dir='ltr'><strong>Habes</strong></span> <span class='ocrx_word' id='word_1_837' title='bbox 3361 4949 3477 5008; x_wconf 86' lang='lat' dir='ltr'><strong>illis</strong></span> <span class='ocrx_word' id='word_1_838' title='bbox 3505 4954 3733 5006; x_wconf 77' lang='lat' dir='ltr'><strong>tenentes</strong></span> 
     </span>
    </p>
   </div>
   <div class='ocr_carea' id='block_1_112' title="bbox 2189 5111 3725 5188">
    <p class='ocr_par' dir='ltr' id='par_1_112' title="bbox 2189 5111 3725 5188">
     <span class='ocr_line' id='line_1_114' title="bbox 2189 5111 3725 5188; baseline -0.006 -12"><span class='ocrx_word' id='word_1_839' title='bbox 2189 5122 2211 5156; x_wconf 82' lang='grc'>⁶</span> <span class='ocrx_word' id='word_1_840' title='bbox 2250 5121 2331 5176; x_wconf 89' lang='lat' dir='ltr'><strong>Ita</strong></span> <span class='ocrx_word' id='word_1_841' title='bbox 2359 5117 2522 5176; x_wconf 90' lang='lat' dir='ltr'><strong>Corb.</strong></span> <span class='ocrx_word' id='word_1_842' title='bbox 2542 5117 2754 5188; x_wconf 90' lang='lat' dir='ltr'><strong>Germ.,</strong></span> <span class='ocrx_word' id='word_1_843' title='bbox 2775 5115 3037 5184; x_wconf 84' lang='lat' dir='ltr'><strong>Vindoc.,</strong></span> <span class='ocrx_word' id='word_1_844' title='bbox 3059 5114 3284 5188; x_wconf 80' lang='lat' dir='ltr'><strong>Ebroic.</strong></span> <span class='ocrx_word' id='word_1_845' title='bbox 3307 5112 3513 5188; x_wconf 90' lang='lat' dir='ltr'><strong>ali_iqu_e</strong></span> <span class='ocrx_word' id='word_1_846' title='bbox 3531 5111 3725 5188; x_wconf 69' lang='lat' dir='ltr'><strong>Nor-in.</strong></span> 
     </span>
    </p>
   </div>
   <div class='ocr_carea' id='block_1_113' title="bbox 2116 5184 3726 5254">
    <p class='ocr_par' dir='ltr' id='par_1_113' title="bbox 2116 5184 3726 5254">
     <span class='ocr_line' id='line_1_115' title="bbox 2116 5184 3726 5254; baseline -0.006 -6"><span class='ocrx_word' id='word_1_847' title='bbox 2116 5208 2181 5249; x_wconf 91' lang='lat' dir='ltr'><strong>ac</strong></span> <span class='ocrx_word' id='word_1_848' title='bbox 2194 5199 2305 5248; x_wconf 87' lang='lat' dir='ltr'><strong>vet.</strong></span> <span class='ocrx_word' id='word_1_849' title='bbox 2323 5191 2476 5247; x_wconf 90' lang='lat' dir='ltr'><strong>Edit.</strong></span> <span class='ocrx_word' id='word_1_850' title='bbox 2502 5189 2673 5246; x_wconf 85' lang='lat' dir='ltr'><strong>Paris.</strong></span> <span class='ocrx_word' id='word_1_851' title='bbox 2695 5184 2834 5245; x_wconf 66' lang='lat' dir='ltr'><strong>M88</strong></span> <span class='ocrx_word' id='word_1_852' title='bbox 2849 5195 2905 5244; x_wconf 89' lang='lat' dir='ltr'><strong>et</strong></span> <span class='ocrx_word' id='word_1_853' title='bbox 2916 5188 3074 5244; x_wconf 74' lang='grc'><strong>1495.</strong></span> <span class='ocrx_word' id='word_1_854' title='bbox 3101 5187 3164 5243; x_wconf 87' lang='lat' dir='ltr'><strong>In</strong></span> <span class='ocrx_word' id='word_1_855' title='bbox 3183 5185 3334 5242; x_wconf 86' lang='lat' dir='ltr'><strong>Edit.</strong></span> <span class='ocrx_word' id='word_1_856' title='bbox 3363 5184 3535 5241; x_wconf 70' lang='lat' dir='ltr'><strong>Paris.</strong></span> <span class='ocrx_word' id='word_1_857' title='bbox 3564 5184 3726 5254; x_wconf 84' lang='grc'><strong>1518,</strong></span> 
     </span>
    </p>
   </div>
   <div class='ocr_carea' id='block_1_114' title="bbox 2115 5255 3729 5331">
    <p class='ocr_par' dir='ltr' id='par_1_114' title="bbox 2115 5255 3729 5331">
     <span class='ocr_line' id='line_1_116' title="bbox 2115 5255 3729 5331; baseline -0.006 -12"><span class='ocrx_word' id='word_1_858' title='bbox 2115 5271 2170 5320; x_wconf 90' lang='lat' dir='ltr'><strong>et</strong></span> <span class='ocrx_word' id='word_1_859' title='bbox 2197 5263 2254 5319; x_wconf 90' lang='lat' dir='ltr'><strong>in</strong></span> <span class='ocrx_word' id='word_1_860' title='bbox 2286 5262 2452 5319; x_wconf 88' lang='lat' dir='ltr'><strong>Basil.</strong></span> <span class='ocrx_word' id='word_1_861' title='bbox 2487 5261 2624 5318; x_wconf 86' lang='grc'><strong>1503</strong></span> <span class='ocrx_word' id='word_1_862' title='bbox 2653 5277 2718 5318; x_wconf 89' lang='lat' dir='ltr'><strong>ac</strong></span> <span class='ocrx_word' id='word_1_863' title='bbox 2756 5259 2912 5329; x_wconf 79' lang='grc'><strong>1514,</strong></span> <span class='ocrx_word' id='word_1_864' title='bbox 2962 5259 3173 5331; x_wconf 63' lang='grc' dir='ltr'><strong>Ιεξεὶιιιι·Δ</strong></span> <span class='ocrx_word' id='word_1_865' title='bbox 3188 5255 3517 5331; x_wconf 79' lang='lat' dir='ltr'><strong>simpliciter</strong></span> <span class='ocrx_word' id='word_1_866' title='bbox 3548 5273 3563 5313; x_wconf 89' lang='grc'>;</span> <span class='ocrx_word' id='word_1_867' title='bbox 3609 5272 3667 5310; x_wconf 87' lang='lat' dir='ltr'><strong>se</strong></span> <span class='ocrx_word' id='word_1_868' title='bbox 3693 5273 3729 5310; x_wconf 88' lang='lat' dir='ltr'><strong>a</strong></span> 
     </span>
    </p>
   </div>
   <div class='ocr_carea' id='block_1_115' title="bbox 2117 5328 3728 5400">
    <p class='ocr_par' dir='ltr' id='par_1_115' title="bbox 2117 5328 3728 5400">
     <span class='ocr_line' id='line_1_117' title="bbox 2117 5328 3728 5400; baseline -0.006 -9"><span class='ocrx_word' id='word_1_869' title='bbox 2117 5335 2214 5391; x_wconf 85' lang='lat' dir='ltr'><strong>tali</strong></span> <span class='ocrx_word' id='word_1_870' title='bbox 2242 5341 2552 5390; x_wconf 74' lang='lat' dir='ltr'><strong>extraneum</strong></span> <span class='ocrx_word' id='word_1_871' title='bbox 2589 5333 2786 5389; x_wconf 84' lang='lat' dir='ltr'><strong>credat.</strong></span> <span class='ocrx_word' id='word_1_872' title='bbox 2836 5328 2904 5388; x_wconf 87' lang='lat' dir='ltr'><strong>In</strong></span> <span class='ocrx_word' id='word_1_873' title='bbox 2923 5328 3128 5388; x_wconf 81' lang='lat' dir='ltr'><strong>recent.</strong></span> <span class='ocrx_word' id='word_1_874' title='bbox 3162 5328 3330 5386; x_wconf 76' lang='lat' dir='ltr'><strong>habes</strong></span> <span class='ocrx_word' id='word_1_875' title='bbox 3371 5344 3579 5399; x_wconf 86' lang='lat' dir='ltr'><strong>occasu,</strong></span> <span class='ocrx_word' id='word_1_876' title='bbox 3624 5342 3728 5400; x_wconf 87' lang='lat' dir='ltr'><strong>pro</strong></span> 
     </span>
    </p>
   </div>
   <div class='ocr_carea' id='block_1_116' title="bbox 2114 5423 3722 5548">
    <p class='ocr_par' dir='ltr' id='par_1_116' title="bbox 2114 5423 3722 5548">
     <span class='ocr_line' id='line_1_118' title="bbox 2114 5423 3722 5548; baseline -0.007 -11"><span class='ocrx_word' id='word_1_877' title='bbox 2114 5423 2404 5536; x_wconf 54' lang='grc' dir='ltr'><strong>ϐῶξιαέῖοι-Ι).</strong></span> <span class='ocrx_word' id='word_1_878' title='bbox 2431 5477 2639 5545; x_wconf 88' lang='lat' dir='ltr'><strong>Germ.,</strong></span> <span class='ocrx_word' id='word_1_879' title='bbox 2657 5474 2880 5533; x_wconf 90' lang='lat' dir='ltr'><strong>Ebroic.</strong></span> <span class='ocrx_word' id='word_1_880' title='bbox 2917 5474 3123 5548; x_wconf 89' lang='lat' dir='ltr'><strong>aliique</strong></span> <span class='ocrx_word' id='word_1_881' title='bbox 3149 5474 3594 5548; x_wconf 72' lang='lat' dir='ltr'><strong>Norm._et_vetus</strong></span> <span class='ocrx_word' id='word_1_882' title='bbox 3611 5468 3722 5548; x_wconf 74' lang='lat' dir='ltr'><strong>Ed.</strong></span> 
     </span>
    </p>
   </div>
   <div class='ocr_carea' id='block_1_117' title="bbox 2113 5541 3723 5620">
    <p class='ocr_par' dir='ltr' id='par_1_117' title="bbox 2113 5541 3723 5620">
     <span class='ocr_line' id='line_1_119' title="bbox 2113 5541 3723 5620; baseline -0.007 -12"><span class='ocrx_word' id='word_1_883' title='bbox 2113 5550 2310 5618; x_wconf 82' lang='lat' dir='ltr'><strong>Paris.,</strong></span> <span class='ocrx_word' id='word_1_884' title='bbox 2341 5555 2589 5620; x_wconf 72' lang='lat' dir='ltr'><strong>attamen</strong></span> <span class='ocrx_word' id='word_1_885' title='bbox 2607 5541 2730 5620; x_wconf 63' lang='lat' dir='ltr'><strong>furi</strong></span> <span class='ocrx_word' id='word_1_886' title='bbox 2757 5541 3154 5620; x_wconf 74' lang='lat' dir='ltr'><strong>crudelitatis...</strong></span> <span class='ocrx_word' id='word_1_887' title='bbox 3178 5545 3476 5620; x_wconf 76' lang='lat' dir='ltr'><strong>succubuit.</strong></span> <span class='ocrx_word' id='word_1_888' title='bbox 3519 5541 3723 5620; x_wconf 66' lang='lat' dir='ltr'><strong>Laud.,</strong></span> 
     </span>
    </p>
   </div>
   <div class='ocr_carea' id='block_1_118' title="bbox 2113 5613 3722 5704">
    <p class='ocr_par' dir='ltr' id='par_1_118' title="bbox 2113 5613 3722 5704">
     <span class='ocr_line' id='line_1_120' title="bbox 2113 5613 3722 5704; baseline -0.006 -26"><span class='ocrx_word' id='word_1_889' title='bbox 2113 5629 2162 5678; x_wconf 90' lang='lat' dir='ltr'><strong>et</strong></span> <span class='ocrx_word' id='word_1_890' title='bbox 2375 5619 2504 5690; x_wconf 84' lang='lat' dir='ltr'><strong>jure</strong></span> <span class='ocrx_word' id='word_1_891' title='bbox 2535 5613 2863 5677; x_wconf 76' lang='lat' dir='ltr'><strong>crudelitatis</strong></span> <span class='ocrx_word' id='word_1_892' title='bbox 2891 5618 3003 5689; x_wconf 85' lang='lat' dir='ltr'><strong>ejus</strong></span> <span class='ocrx_word' id='word_1_893' title='bbox 3030 5617 3271 5674; x_wconf 82' lang='lat' dir='ltr'><strong>avaritia</strong></span> <span class='ocrx_word' id='word_1_894' title='bbox 3298 5615 3571 5674; x_wconf 80' lang='lat' dir='ltr'><strong>suadentis</strong></span> <span class='ocrx_word' id='word_1_895' title='bbox 3599 5613 3722 5670; x_wconf 85' lang='lat' dir='ltr'><strong>sub-</strong></span> 
     </span>
    </p>
   </div>
   <div class='ocr_carea' id='block_1_119' title="bbox 2115 5694 3718 5847">
    <p class='ocr_par' dir='ltr' id='par_1_119' title="bbox 2115 5694 3718 5847">
     <span class='ocr_line' id='line_1_121' title="bbox 2115 5694 3718 5847; baseline -0.005 -26"><span class='ocrx_word' id='word_1_896' title='bbox 2115 5694 2512 5847; x_wconf 42' lang='lat' dir='ltr'><strong>wgullindocq</strong></span> <span class='ocrx_word' id='word_1_897' title='bbox 2540 5761 2740 5833; x_wconf 89' lang='lat' dir='ltr'><strong>Laud.,</strong></span> <span class='ocrx_word' id='word_1_898' title='bbox 2769 5762 2996 5834; x_wconf 84' lang='lat' dir='ltr'><strong>Pratel.,</strong></span> <span class='ocrx_word' id='word_1_899' title='bbox 3015 5771 3146 5833; x_wconf 88' lang='lat' dir='ltr'><strong>etc.,</strong></span> <span class='ocrx_word' id='word_1_900' title='bbox 3165 5777 3341 5820; x_wconf 80' lang='lat' dir='ltr'><strong>vocem</strong></span> <span class='ocrx_word' id='word_1_901' title='bbox 3365 5775 3610 5834; x_wconf 64' lang='lat' dir='ltr'><strong>superna</strong></span> <span class='ocrx_word' id='word_1_902' title='bbox 3635 5755 3718 5814; x_wconf 76' lang='lat' dir='ltr'><strong>in-</strong></span> 
     </span>
    </p>
   </div>
   <div class='ocr_carea' id='block_1_120' title="bbox 2112 5842 2450 5910">
    <p class='ocr_par' dir='ltr' id='par_1_120' title="bbox 2112 5842 2450 5910">
     <span class='ocr_line' id='line_1_122' title="bbox 2112 5842 2450 5910; baseline 0.009 -18"><span class='ocrx_word' id='word_1_903' title='bbox 2112 5842 2450 5910; x_wconf 79' lang='lat' dir='ltr'><strong>crepationis.</strong></span> 
     </span>
    </p>
   </div>
  </div>
