3920 6376
110 333 207 392 486

786 334 1168 393 MORALIUM
1208 336 1343 395 LIB.
1382 335 1597 394 XXIX.
1650 367 1721 380 —
1764 334 1835 394 IN
1880 336 2109 396 CAPUT
2148 337 2445 399 XXXVIII
2485 340 2547 398 B.
2589 341 2731 399 JOB.

3331 342 3440 404 486

114 458 399 514 doctrinam
428 458 691 528 Balaam,
719 458 813 530 qui
839 459 1053 517 docebat
1078 460 1249 517 Βαιαο
1276 462 1485 518 mittere
1504 462 1724 519 scanda-
1754 466 1807 526 Α
1839 462 1908 521 de
1927 464 2270 522 confessione
2287 464 2514 536 Christi,
2536 465 2633 522 sed
2652 466 2720 522 de
2742 466 2977 538 justitize
2995 468 3226 527 veritate
3254 473 3438 545 requi-

119 551 216 604 lum
243 565 425 604 coram
451 547 588 620 ﬁliis
619 550 815 615 Israel,
856 548 1007 605 edere
1034 556 1083 605 et
1126 548 1398 621 fornicari
1431 551 1621 625 (Apoc.
1653 570 1716 622 ιι,

126 640 226 714 li).
255 637 545 711 Thyatira;
586 656 806 713 quoque
851 640 1142 698 ecclesiam
1185 658 1219 697 a
1264 641 1481 700 Iezabel
1522 644 1725 700 notitia

126 734 135 765 '
165 736 215 786 et
243 734 500 801 tempora
538 735 593 785 et
618 728 741 786 loca
777 727 1139 799 dividebant;
1190 731 1287 788 sed
1318 733 1450 806 quia
1477 749 1595 789 eam
1626 749 1724 806 par

120 818 242 874 \itaa
282 824 471 876 reatus
510 818 865 887 astrinxerat,
916 817 1095 877 inesse
1133 820 1185 876 ei
1227 820 1443 878 Jezahel
1491 822 1720 891 dicitur,

118 917 274 982 atque
299 907 568 982 operibus
593 908 868 981 perversis
890 908 1163 979 insistere,
1187 912 1381 984 angelo
1409 919 1719 982 attestante,

119 998 204 1072 qui
232 998 353 1054 ait:
406 998 587 1054 Habeo
621 998 878 1053 adversus
924 1005 969 1054 te
1015 1000 1245 1071 aliqua;
1289 1003 1418 1073 quia
1459 1003 1722 1074 permittis

116 1086 383 1144 mulierem
440 1088 655 1144 Iezabel
679 1131 695 1157 ,
752 1105 871 1159 quin
932 1106 985 1144 se
1042 1089 1169 1146 dicit
1228 1093 1556 1164 propheten,
1617 1092 1724 1148 do—

115 1193 219 1231 cere
235 1182 283 1231 et
308 1176 557 1232 seducere
585 1194 764 1233 servos
784 1194 944 1247 meos,
966 1177 1235 1248 fornicari
1254 1187 1303 1236 et
1320 1182 1643 1237 manducare
1661 1180 1725 1236 de

117 1264 418 1335 idolothytis
450 1264 643 1338 (Ibid,
666 1264 783 1338 20).
807 1266 951 1322 Ecce
978 1268 1109 1340 quia
1138 1268 1367 1341 reperiri
1399 1276 1721 1341 potuerunt,

113 1354 201 1427 qui
229 1353 448 1411 Iezabel
480 1355 655 1411 vitam
687 1354 921 1428 reproba
948 1356 1166 1414 actione
1204 1359 1381 1417 secuti
1426 1367 1575 1428 sunt,
1624 1359 1725 1415 Je—

112 1443 253 1501 zabel
276 1445 398 1516 illic
420 1444 655 1502 inventa
674 1453 1033 1516 memoratur,
1059 1448 1189 1521 quia
1208 1448 1471 1506 videlicet
1491 1465 1721 1522 pravum

112 1551 302 1606 corpus
331 1534 631 1607 conjuncti
660 1552 841 1592 mores
871 1553 1045 1594 unum
1075 1536 1314 1607 faciunt,
1344 1539 1513 1594 etiam
1540 1538 1588 1595 si
1618 1537 1724 1594 hoc

114 1626 223 1681 loca
244 1625 333 1681 vel
361 1630 623 1698 tempora
650 1625 932 1682 scindunt.
968 1625 1123 1683 Unde
1156 1626 1219 1683 ﬁt
1256 1634 1318 1683 ut
1358 1628 1414 1683 in
1448 1627 1723 1699 perversis

113 1714 220 1771 suis
247 1713 635 1771 imitatoribus
655 1722 710 1771 et
738 1714 966 1788 iniquus
987 1716 1220 1790 quisque
1249 1724 1469 1773 maneat
1489 1716 1584 1790 qui
1605 1714 1720 1788 jam

112 1803 389 1875 prmteriit,
428 1810 488 1860 et
539 1804 599 1859 in
643 1804 759 1861 suis
811 1804 1197 1877 operatoribus
1236 1805 1353 1879 ipse
1399 1805 1719 1878 iniquorum
1749 1840 1796 1900 Β

113 1904 294 1956 auctor
315 1898 434 1972 jam
467 1907 756 1973 appareat,
791 1898 940 1956 924
968 1901 1064 1975 qui
1094 1902 1331 1959 necdum
1362 1903 1537 1959 venit.
1580 1902 1723 1959 Hinc

112 1990 335 2046 Joannes
353 1990 467 2047 ait:
499 1991 654 2047 Nunc
668 1991 987 2047 Antichristi
1012 1992 1169 2049 multi
1186 1992 1321 2065 facti
1341 1998 1465 2048 sunt
1496 1992 1553 2064 (Ι
1561 1992 1720 2048 Joan.

115 2096 170 2148 ιι,
200 2080 312 2155 18),
346 2082 484 2154 quia
519 2081 702 2155 iniqui
734 2098 928 2139 omnes
969 2080 1083 2155 jam
1128 2081 1248 2155 ejus
1296 2082 1544 2139 membra
1571 2089 1721 2151 sunt,

115 2185 223 2241 quae
238 2170 457 2227 scilicet
476 2187 741 2244 perverse
756 2170 905 2228 edita
925 2179 1092 2245 caput
1121 2188 1285 2228 suum
1316 2172 1459 2228 male
1480 2170 1723 2227 vivendo

119 2268 522 2331 praevenerunt.
560 2262 705 2319 Hinc
731 2262 934 2319 Paulus
964 2261 1079 2318 ait:
1121 2263 1185 2320 Ut
1222 2264 1485 2318 reveletur
1520 2260 1579 2317 in
1628 2278 1723 2317 suo

118 2355 370 2423 tempore;
410 2368 549 2408 nam
590 2352 902 2423 mysterium
947 2351 1068 2423 jam
1113 2358 1374 2425 operatur
1423 2351 1725 2423 iniquitatis

122 2441 199 2511 (ΙΙ
216 2441 390 2497 Thess.
412 2458 478 2510 ιι,
509 2442 565 2511 6,
588 2443 668 2515 7).
698 2443 779 2501 Ac
809 2442 857 2498 si
884 2441 1093 2499 diceret
1117 2460 1128 2499 :
1164 2442 1320 2499 Tunc
1341 2440 1725 2499 Antichristus

120 2528 437 2587 manifestus
465 2530 789 2601 videbitur;
837 2548 964 2588 nam
1009 2532 1066 2588 in
1097 2531 1360 2591 cordibus
1402 2530 1721 2605 iniquorum

122 2626 312 2677 secreta
339 2637 443 2678 sua
467 2620 590 2694 jam
621 2638 772 2679 nunc
800 2621 1055 2679 occultus
1082 2628 1361 2701 operatur.
1394 2621 1465 2677 Ut
1486 2621 1635 2678 enim
1657 2621 1725 2677 de

122 2709 479 2782 apertioribus
514 2710 847 2769 criminibus
876 2718 1105 2779 taceam,
1139 2727 1265 2769 ecce
1300 2711 1444 2767 alius
1474 2710 1635 2767 fratri
1666 2711 1724 2766 in

124 2797 268 2853 corde
297 2815 403 2854 suo
427 2800 638 2856 tacitus
666 2799 904 2869 invidet,
927 2808 982 2857 et
1011 2801 1058 2856 si
1089 2799 1435 2857 occasionem
1464 2800 1724 2873 reperiat,

124 2903 233 2944 eum
259 2890 628 2962 supplantare
643 2889 949 2959 contendit;
982 2889 1143 2963 cujus
1163 2891 1393 2949 alterius
1412 2890 1723 2947 membrum

125 2983 213 3045 est,
243 2977 352 3034 nisi
403 2976 531 3050 ejus
560 2978 629 3035 de
671 2996 780 3052 quo
812 2978 1080 3052 scriptum
1111 2988 1228 3037 est:
1264 2980 1483 3037 Invidia
1524 2980 1727 3037 diaboli

124 3079 251 3120 mors
274 3067 512 3123 intravit
539 3066 598 3121 in
625 3068 802 3123 orbem
833 3074 1103 3124 terrarum
1133 3068 1289 3140 (Sap.
1314 3084 1378 3136 ιι,
1401 3067 1492 3140 24)
1514 3067 1542 3124 ‘l
1568 3066 1727 3124 Alius

125 3155 291 3226 magni
324 3154 519 3211 meriti
549 3172 664 3212 esse
692 3172 749 3213 se
780 3157 1080 3226 aestimans,
1114 3173 1211 3229 per
1239 3164 1515 3212 tumorem
1538 3156 1723 3213 cordis

124 3247 321 3303 cunctis
366 3264 424 3303 se
475 3246 802 3320 praeferens,
850 3265 1044 3305 omnes
1089 3247 1387 3320 semetipso
1433 3248 1723 3304 inferiores

125 3335 319 3405 credit;
370 3336 540 3409 cujus
570 3338 800 3395 alterius
839 3338 1150 3396 membrum
1190 3345 1292 3406 est,
1348 3338 1458 3394 nisi
1499 3337 1618 3411 ejus
1654 3337 1722 3395 de

126 3438 223 3494 quo
238 3426 512 3499 scriptum
532 3435 613 3483 est
634 3445 645 3484 :
670 3429 833 3484 Omne
850 3428 1074 3484 sublime
1095 3427 1253 3493 videt,
1280 3427 1301 3461 ³
1321 3433 1369 3482 et
1397 3427 1507 3499 ipse
1525 3432 1599 3483 est
1624 3445 1724 3483 rea:

126 3528 268 3584 super
291 3516 575 3572 universos
615 3516 757 3588 ﬁlios
797 3517 1057 3589 superbiae
1087 3516 1207 3589 (Job
1238 3532 1354 3584 xm,
1386 3515 1478 3589 25)
1498 3516 1527 3572 ‘l
1565 3516 1724 3572 Alius

129 3604 305 3663 mundi
334 3605 514 3681 hujus
545 3609 850 3680 potentiam
876 3608 1097 3683 quaerit,
1119 3624 1231 3664 non
1252 3624 1362 3681 quo
1382 3607 1507 3664 aliis
1528 3608 1722 3680 prosit,

128 3694 211 3749 sed
237 3711 341 3769 quo
370 3697 498 3769 ipse
527 3696 685 3754 alteri
723 3697 983 3755 subditus
1012 3714 1125 3755 non
1160 3699 1270 3765 sit;
1305 3696 1466 3770 cujus
1494 3697 1724 3755 alterius

130 3782 418 3841 membrum
449 3792 563 3854 est,
605 3785 714 3843 nisi
748 3785 867 3858 ejus
894 3785 963 3843 de
999 3803 1108 3861 quo
1152 3786 1421 3859 scriptum
1452 3792 1535 3841 est
1570 3803 1583 3842 :
1621 3785 1727 3854 Qui

130 3870 288 3928 dixit:
323 3874 525 3931 Sedebo
552 3874 611 3931 in
634 3880 807 3932 monte
833 3876 1147 3942 testamenti,
1176 3875 1236 3931 in
1268 3874 1523 3931 lateribus
1550 3874 1724 3946 Aqui-

134 3959 285 4027 lonis;
300 3964 587 4021 ascendam
614 3980 773 4036 super
791 3964 1127 4022 altitudinem
1144 3965 1400 4031 nubium;
1427 3965 1619 4022 similis
1638 3981 1728 4022 ero

132 4049 386 4109 Altissimo
408 4054 577 4127 (1εαί.
595 4070 717 4124 xxv,
740 4053 827 4124 13,
848 4054 938 4127 iis)
958 4055 987 4112 ?
1005 4055 1167 4112 Solus
1185 4055 1389 4130 quippe
1407 4055 1729 4113 Altissimus

135 4138 201 4193 ita
224 4139 548 4201 dominatur
577 4160 742 4217 super
769 4144 978 4213 omnia,
1026 4152 1090 4201 ut
1142 4144 1304 4201 alteri
1347 4143 1571 4203 subesse
1617 4162 1730 4203 non

136 4230 308 4298 possit.
338 4232 521 4301 Quem
550 4232 809 4290 diabolus
839 4234 1050 4291 imitari
1084 4249 1341 4307 perverse
1369 4235 1571 4304 voluit,
1604 4251 1730 4292 cum

135 4330 281 4375 suum
300 4320 620 4379 dominium
643 4338 918 4397 quaerens,
940 4323 991 4379 ei
1021 4322 1245 4380 subesse
1276 4324 1571 4381 recusavit.
1604 4324 1734 4380 Imi-

141 4413 274 4465 tatur
284 4428 408 4486 ergo
421 4412 719 4470 diabolum
734 4412 989 4489 quisquis
1004 4413 1213 4471 idcirco
1232 4419 1559 4487 potestatem
1580 4431 1733 4471 suam

141 4501 354 4570 appetit,
400 4502 540 4576 quia
582 4503 633 4558 ei
687 4503 782 4576 qui
824 4502 932 4560 sibi
969 4511 1053 4561 est
1098 4519 1336 4577 superna
1381 4502 1736 4562 ordinatione

147 4590 451 4660 praepositus
492 4590 716 4648 subesse
747 4591 983 4649 fastidit.

151 4795 338 4857 negant.
359 4821 429 4834 -—
456 4792 601 4848 Sunt
643 4796 906 4864 praeterea
948 4789 1188 4863 plurima
1226 4808 1346 4866 quae
1379 4793 1646 4865 quosdam
1676 4792 1736 4848 in

154 4871 257 4944 ipsa
283 4894 406 4950 pace
434 4880 698 4939 Ecclesia;
723 4881 1058 4938 constitutos
1088 4878 1342 4937 infideles
1375 4896 1492 4937 esse
1522 4895 1738 4937 renun-

154 4961 297 5022 tient.
318 4967 493 5027 Video
521 4986 762 5044 namque
789 4969 1091 5029 nonnullos
1120 4969 1198 5026 ita
1227 4985 1516 5043 personam
1548 4977 1737 5043 poten-

153 5052 218 5109 tis
243 5057 502 5131 accipere,
533 5066 597 5117 ut
627 5058 882 5135 requisiti
910 5059 979 5117 ab
1008 5076 1096 5130 eo,
1132 5076 1231 5133 pro
1261 5059 1449 5116 favore
1477 5057 1597 5131 ejus
1625 5075 1738 5115 non

154 5138 391 5204 dubitent
410 5149 468 5205 in
496 5166 659 5208 causa
689 5151 931 5224 proximi
962 5151 1253 5207 veritatem
1284 5164 1499 5221 negare.
1525 5148 1597 5204 Et
1616 5148 1741 5222 quis

154 5238 229 5288 est
250 5237 466 5309 veritas,
488 5239 597 5298 nisi
626 5239 721 5297 ille
751 5240 846 5315 qui
874 5240 1022 5298 dixit
1046 5260 1057 5298 :
1084 5241 1200 5313 Ego
1229 5257 1347 5296 sum
1374 5239 1487 5306 via,
1516 5239 1739 5305 veritas,

1753 3202 1798 3263 C

1832 554 1971 612 situs
1998 553 2260 613 occubuit
2282 555 2477 627 (Marc.
2509 572 2589 625 v1,
2620 554 2714 628 28)
2739 573 2753 624 ;
2785 559 2882 615 sed
2909 559 3041 631 quia
3070 558 3326 618 Christus
3352 569 3439 619 est

1832 648 2059 717 veritas,
2087 646 2157 703 ad
2190 654 2424 703 mortem
2453 663 2628 721 usque
2656 647 2863 706 idcirco
2898 666 2996 721 pro
3027 649 3270 724 Christo,
3306 655 3440 727 quia

1831 735 2092 793 videlicet
2120 753 2219 809 pro
2250 736 2502 806 veritate,
2534 736 2807 809 pervenit.
2842 738 3121 795 Ponamus
3150 756 3281 813 ergo
3308 750 3437 801 ante

1832 826 2023 883 oculos
2053 825 2201 899 quod
2228 825 2431 900 aliquis
2460 833 2854 899 percunctatus
2878 842 3167 899 personam
3198 832 3439 902 potentis

1831 915 2062 989 accepit,
2088 922 2143 971 et
2172 932 2240 973 ne
2260 915 2417 972 verbi
2447 916 2642 972 saltem
2675 915 2938 988 injuriam
2970 923 3269 988 pateretur,
3297 919 3439 975 veri-

1829 1012 1999 1061 tatem
2030 1006 2271 1077 negavit.
2305 1005 2454 1074 Quid
2483 1022 2616 1079 rogo
2644 1005 2748 1062 iste
2776 1006 2981 1063 faceret
3022 1007 3081 1062 in
3111 1006 3300 1064 dolore
3330 1025 3439 1082 pce-

1830 1111 2051 1163 narum,
2090 1095 2185 1169 qui
2226 1093 2511 1153 Christum
2554 1095 2780 1154 erubuit
2820 1097 2965 1153 inter
2993 1096 3211 1169 ﬂagella
3246 1097 3439 1155 verbo-

1832 1194 1954 1234 rum
1976 1178 2003 1234 ?
2029 1179 2171 1236 Ecce
2191 1186 2245 1235 et
2275 1188 2400 1252 post
2429 1180 2547 1238 haec
2574 1188 2700 1237 ante
2721 1183 2913 1239 oculos
2942 1181 3232 1239 hominum
3254 1182 3441 1240 adhuc

1832 1268 2182 1327 Christianus
2211 1276 2315 1340 est,
2346 1279 2401 1326 et
2427 1278 2614 1327 tamen
2642 1271 2690 1327 si
2721 1288 2850 1328 eum
2887 1271 3161 1329 Dominus
3189 1271 3443 1329 districte

1833 1359 2110 1432 disposuit
2130 1359 2402 1433 judicare,
2429 1359 2545 1433 jam
2574 1377 2688 1416 non
2716 1367 2821 1418 est.

1907 1452 1992 1508 17.
2025 1452 2100 1507 Et
2152 1451 2247 1522 qui
2296 1451 2582 1521 corrigere,
2633 1466 2753 1505 cum
2800 1455 3100 1516 teneantur,
3146 1450 3437 1521 negligant.

1831 1540 1952 1595 Non
1980 1539 2166 1595 desunt
2192 1540 2249 1594 in
2274 1557 2404 1612 pace
2423 1540 2672 1597 Ecclesiae
2688 1539 3006 1596 Antichristi
3027 1544 3442 1595 tentamenta.—

1832 1626 2010 1685 Video
2064 1637 2249 1685 autem
2300 1629 2458 1697 alios,
2509 1628 2711 1702 quibus
2758 1644 2855 1701 per
2902 1628 3085 1686 locum
3138 1626 3442 1700 magisterii

1831 1716 2166 1773 exhortandi
2207 1725 2338 1774 sunt
2367 1717 2552 1775 ofﬁcia
2579 1716 2955 1790 arguendique
2997 1718 3313 1785 commissa,
3344 1716 3441 1790 qui

1830 1805 2027 1861 vident
2054 1805 2269 1879 aliquid
2301 1806 2563 1863 illicitum
2593 1805 2836 1873 admitti,
2864 1813 2919 1861 et
2946 1812 3131 1863 tamen
3153 1804 3287 1861 dum
3309 1821 3442 1878 quo-

1833 1895 2090 1952 rumdam
2130 1904 2419 1968 potentum
2450 1895 2727 1953 offendere
2774 1896 3005 1967 gratiam
3048 1900 3328 1963 metuunt,
3359 1910 3442 1951 ar-

1834 2001 1998 2059 guere
2025 2002 2135 2043 non
2168 1994 2530 2059 praesumunt.
2564 1984 2830 2060 Quisquis
2857 1984 2962 2042 iste
2989 1991 3093 2054 est,
3124 1983 3261 2058 quid
3289 1982 3444 2041 aliud

1832 2076 1986 2145 facit,
2019 2076 2127 2132 nisi
2159 2075 2315 2132 videt
2346 2078 2540 2149 lupum
2561 2076 2902 2145 venientem,
2921 2083 2975 2132 et
3000 2074 3144 2148 fugit
3175 2074 3357 2147 (Joan.
3380 2091 3442 2144 x,

1836 2167 1926 2240 12)
1942 2167 1970 2224 ‘l
1998 2168 2183 2240 Fugit,
2207 2167 2336 2240 quia
2350 2167 2542 2235 tacuit;
2576 2166 2771 2237 tacuit,
2796 2167 2945 2239 quia,
2971 2164 3227 2238 despecta
3239 2172 3444 2222 interna

1834 2255 2028 2328 gratia,
2061 2254 2420 2329 temporalem
2461 2255 2690 2328 gloriam
2724 2254 2849 2328 plus
2886 2255 3113 2310 amavit.
3147 2254 3289 2310 Ecce
3316 2259 3443 2309 ante

1834 2346 2078 2419 potentis
2106 2346 2306 2403 faciem
2338 2348 2486 2403 intra
2511 2345 2600 2402 sui
2628 2362 2686 2403 se
2711 2344 2948 2402 latebras
2975 2343 3187 2401 silentii
3216 2343 3443 2401 abscon-

1832 2434 1937 2503 dit,
1955 2442 2011 2491 et
2032 2434 2179 2493 sicut
2198 2435 2571 2509 persecutioni
2598 2434 2856 2507 publicae,
2877 2435 2899 2470 ³
2919 2434 3000 2491 sic
3018 2432 3238 2491 occulto
3257 2433 3442 2490 locum

1833 2522 1989 2580 dedit
2027 2523 2239 2580 timori.
2288 2524 2434 2581 Bene
2475 2524 2543 2581 de
2585 2522 2788 2580 talibus
2833 2522 3041 2580 dicitur
3072 2538 3085 2578 :
3120 2521 3441 2577 Dilexerunt

1832 2613 2066 2684 gloriam
2113 2614 2385 2669 hominum
2411 2613 2580 2686 magis
2621 2630 2784 2685 quam
2823 2611 2924 2668 Dei
2962 2612 3151 2683 (Joan.
3183 2626 3290 2678 χιι,
3319 2608 3437 2682 43).

1834 2702 2097 2776 Quisquis
2127 2703 2300 2775 igitur
2323 2703 2452 2760 talis
2472 2710 2573 2771 est,
2605 2703 2653 2759 si
2682 2702 2803 2760 haec
2820 2701 3071 2759 districto
3092 2699 3440 2773 judicantur,

1820 2803 1937 2858 ‘etsi
1966 2805 2278 2874 persecutio
2311 2803 2534 2876 publica
2567 2802 2768 2872 defuit,
2810 2809 2996 2859 tamen
3024 2799 3259 2858 tacendo
3296 2795 3443 2855 925

1836 2892 2121 2950 Christum
2146 2895 2388 2965 negavit.
2410 2895 2533 2950 Non
2548 2910 2678 2965 ergo
2694 2891 2897 2948 desunt
2912 2891 3001 2947 vel
3026 2891 3085 2946 in
3105 2906 3236 2963 pace
3254 2889 3441 2947 Eccle-

1835 2983 1931 3039 siae
1956 2982 2294 3040 Antichristi
2326 2989 2685 3038 tentamenta.
2713 2982 2888 3037 Nemo
2917 2981 3103 3053 itaque
3133 2980 3231 3035 illa
3260 2996 3442 3051 perse-

1836 3074 2078 3130 cutionis
2107 3082 2369 3129 extremae
2396 3079 2645 3144 tempora
2679 3069 2836 3145 quasi
2880 3069 2998 3126 sola
3038 3068 3438 3142 perhorrescat.

1835 3162 1998 3234 Apud
2022 3162 2241 3235 iniquos
2261 3156 2498 3234 namque
2514 3158 2762 3233 quotidie
2783 3174 2869 3215 res
2880 3156 3214 3214 Antichristi
3235 3156 3442 3229 agitur,

1833 3252 1963 3324 quia
1991 3251 2049 3306 in
2077 3267 2267 3307 eorum
2299 3249 2559 3309 cordibus
2590 3247 2918 3320 mysterium
2949 3262 3110 3302 suum
3144 3244 3261 3317 jam
3290 3262 3444 3303 nunc

1833 3338 2086 3395 occultus
2104 3345 2383 3410 operatur.
2412 3338 2486 3393 Et
2514 3336 2561 3391 si
2590 3335 2754 3390 multi
2782 3350 2931 3391 nunc
2959 3334 3139 3407 specie
3166 3342 3328 3391 tenus
3358 3334 3445 3389 in-

1832 3435 1917 3483 tra
1954 3428 2259 3485 Ecclesiam
2289 3424 2580 3484 constituti
2618 3423 2888 3480 simulant
2913 3439 2975 3500 se
3004 3439 3121 3480 esse
3149 3422 3298 3497 quod
3327 3439 3439 3479 non

1836 3525 1986 3587 sunt,
2010 3518 2069 3573 in
2085 3518 2328 3574 adventu
2348 3524 2534 3572 tamen
2550 3512 2760 3586 judicis
2779 3512 3084 3586 prodentur
3102 3512 3251 3586 quod
3270 3520 3402 3570 sunt
3423 3530 3437 3569 :

1839 3605 1907 3663 de
1935 3607 2139 3681 quibus
2164 3606 2304 3663 bene
2346 3605 2607 3662 Salomon
2644 3602 2758 3658 ait:
2810 3601 2928 3660 Vidi
2968 3602 3160 3673 impios
3186 3603 3443 3673 sepultos,

1839 3696 1932 3768 qui
1963 3696 2121 3752 etiam
2148 3711 2266 3751 cum
2291 3695 2464 3751 adhuc
2482 3694 2737 3760 viverent,
2763 3691 2823 3747 in
2851 3691 2961 3748 loco
2991 3697 3169 3748 sancto
3198 3696 3372 3758 erant,
3394 3694 3446 3743 et

1840 3786 2200 3842 laudabuntur
2213 3786 2271 3841 in
2289 3783 2522 3853 civitate,
2543 3784 2699 3856 quasi
2715 3781 2990 3852 justorum
3005 3797 3224 3854 operum
3242 3779 3438 3852 (Eccle.

1838 3891 1961 3932 vm.
2008 3875 2121 3949 i0).
2180 3874 2356 3948 Igitur
2384 3880 2677 3947 postquam
2720 3872 2789 3928 de
2833 3871 3045 3945 iniquis
3096 3869 3309 3927 dictum
3337 3875 3443 3936 est,

1838 3963 2161 4021 Restituetur
2186 3968 2248 4017 ut
2272 3962 2444 4018 lutum
2472 3961 2825 4032 signaculum,
2853 3964 2904 4013 et
2928 3957 3087 4013 stabit
3117 3956 3253 4010 sicut
3276 3954 3446 4023 vesti-

1837 4058 2090 4119 mentum,
2119 4057 2170 4106 et
2193 4047 2473 4120 auferetur
2490 4048 2557 4104 ab
2583 4046 2763 4120 impiis
2794 4047 2892 4102 tua:
2918 4061 3040 4114 sua,
3071 4041 3219 4117 quod
3249 4041 3443 4114 utique

1842 4144 1901 4200 in
1932 4142 2028 4197 illa
2056 4147 2137 4196 est
2156 4136 2490 4195 Antichristi
2517 4134 2897 4210 persecutione
2924 4131 3264 4201 faciendum,
3289 4147 3445 4200 mox,

1841 4232 1909 4289 de
1953 4228 2200 4304 ejusdem
2228 4223 2562 4285 Antichristi
2586 4226 2607 4263 ⁴
2638 4223 2951 4299 perditione
2997 4238 3100 4281 nos
3128 4220 3446 4290 consolans,

1843 4322 1923 4379 ait
1957 4340 1969 4378 :

2439 4406 2669 4468 CAPUT
2698 4405 2846 4466 VIII.

1916 4510 2089 4570 Vens.
2125 4509 2211 4567 15.
2241 4538 2314 4552 -
2336 4507 2412 4566 Et
2437 4507 2713 4564 brachium
2737 4504 2999 4562 excelsum
3025 4506 3341 4561 conteretur.

1764 4576 1815 4636 Π
1919 4601 2005 4658 18.
2036 4599 2361 4657 Antichristi
2387 4597 2635 4671 superbia
2663 4604 2716 4653 et
2757 4614 2929 4654 casus.
2961 4597 3199 4669 Angelus
3228 4603 3277 4652 et
3302 4595 3454 4651 homo

211 4691 342 4768 [νει.
373 4697 500 4774 IV.]
536 4698 623 4756 t6.
668 4698 1009 4773 Inﬁdelitatis
1036 4698 1120 4755 rei
1153 4705 1297 4770 sunt,
1330 4699 1425 4772 qui
1464 4699 1736 4758 veritatem
1849 4691 2008 4764 lapsi,
2038 4690 2167 4762 quia
2184 4690 2293 4746 Deo
2313 4687 2515 4743 similes
2543 4703 2649 4743 esse
2668 4685 3096 4759 perpotentiam,
3117 4702 3227 4741 non
3250 4701 3350 4774 per
3364 4681 3455 4753 iu-

1845 4782 2065 4852 stitiam,
2096 4777 2649 4847 voluerunt.—Quid
2692 4793 2932 4852 namque
2978 4775 3133 4833 aliud
3174 4773 3456 4833 excelsum

1845 4871 2137 4930 brachium
2154 4869 2444 4943 accipitur,
2459 4868 2570 4925 nisi
2580 4866 2819 4940 superba
2831 4865 3168 4923 Antichristi
3184 4857 3457 4920 celsitudo

1847 4978 1969 5037 qua
2008 4976 2172 5034 super
2214 4957 2472 5031 reprobas
2504 4964 2714 5013 mentes
2756 4955 3052 5012 hominum
3084 4952 3230 5008 fastu
3264 4946 3455 5022 gloria

1847 5049 2127 5109 saecularis
2154 5048 2407 5122 erigitur,
2440 5049 2518 5105 ita
2547 5054 2609 5103 ut
2655 5045 2823 5103 homo
2852 5050 3126 5117 peccator,
3169 5047 3224 5097 et
3268 5045 3457 5093 tamen

1849 5140 2111 5198 aestimari
2144 5138 2311 5194 homo
2350 5136 2679 5210 despiciens,
2716 5136 2893 5191 Deum
2922 5148 2978 5188 se
3009 5146 3173 5202 super
3202 5127 3457 5185 homines

1852 5230 2152 5287 mentiatur
2171 5230 2199 5286 ‘l
2228 5228 2382 5285 Unde
2401 5234 2456 5283 et
2479 5227 2683 5282 Paulus
2703 5222 2985 5297 apostolus
3007 5219 3145 5277 dicit
3166 5237 3177 5276 :
3204 5220 3291 5277 Ita
3312 5222 3372 5274 ut
3396 5218 3459 5274 in

156 5327 199 5377 et
222 5325 325 5383 vita
355 5308 536 5402 (Joan.
558 5347 681 5400 xxv,
702 5308 808 5402 6).?
834 5333 1022 5407 Neque
1051 5308 1199 5390 enim
1230 5331 1467 5388 Joannes
1497 5328 1745 5404 Baptista
1855 5322 2042 5395 templo
2070 5320 2171 5376 Dei
2198 5319 2392 5385 sedeat,
2421 5315 2695 5374 ostendens
2722 5331 2776 5370 se
2819 5319 3073 5385 tanquam
3107 5311 3178 5368 sit
3199 5309 3341 5368 Dm
3364 5308 3467 5380 (Π

226 5526 244 5615 ξ
270 5527 474 5615 haud!
497 5540 732 5615 tqutpora
754 5536 911 5615 longa
931 5533 1262 5615 dividebant._
1621 5605 1632 5615 υ

160 5596 244 5722 ³οέ
260 5598 415 5741 ὲῗίὶῐέι
436 5596 658 5676 (ἷοὰ.,ἐι
688 5606 797 5679 ipse
821 5596 897 5660 est
923 5622 1022 5662 rex
1048 5605 1326 5678 superbire,
1357 5622 1517 5677 super
1536 5605 1745 5662 univer-

226 5739 246 5772 ³
260 5717 502 5815 ΙΤιιι·οιι.,
525 5749 599 5805 sic
617 5750 877 5806 occultum
893 5749 1062 5805 locum

192 5807 204 5818 ,
226 5746 246 5772 ³
278 5746 502 5818 Turon.,
525 5749 599 5805 sic
617 5750 877 5806 occultum
893 5749 1062 5805 locum
1082 5749 1225 5807 dedit
1245 5749 1446 5807 timori.
1463 5746 1745 5817 Laudun.,

162 5816 230 5863 πε
253 5816 440 5874 occulte
475 5820 641 5875 locum
670 5821 813 5878 dedit
841 5820 1042 5877 timori.
1284 5842 1291 5848 ·

1928 5533 1949 5567 ⁸
1982 5531 2044 5587 In
2065 5528 2236 5586 Gilot.
2266 5525 2420 5584 Edit.
2452 5541 2516 5581 ac
2543 5524 2615 5580 al.
2652 5529 2882 5589 recent.,
2911 5518 3303 5593 persecutione;
3332 5516 3460 5593 for-

1856 5611 1998 5660 tasse
2018 5600 2165 5675 quod
2196 5598 2561 5675 incongruum
2585 5589 3103 5675 judicarentheum
3132 5607 3238 5675 nos
3257 5589 3324 5675 de
3339 5589 3451 5675 Anf

1859 5662 2085 5746 tichris‘ti
2115 5662 2414 5746 perditione
2453 5662 2741 5746 consolari.
2777 5665 2884 5723 Sed
2929 5679 3118 5746 sensus
3140 5669 3247 5746 _est
3280 5662 3457 5746 Deptn

1860 5730 2022 5804 nobis
2048 5730 2480 5803 consolationem
2500 5738 2715 5807 afferre,
2745 5735 3117 5813 praenuntiata
3135 5733 3323 5791 futura
3344 5730 3457 5789 An-

1859 5816 2105 5878 tichristi
2136 5814 2467 5890 perditione.
