3920 6424
399 375 505 447 487

403 592 675 667 praemisit
703 610 715 649 :
739 593 844 661 Qui
857 593 1178 650 adversatur
1189 601 1239 650 et
1250 595 1527 651 extollitur
1541 611 1700 668 super
1708 611 1856 650 omne
1869 593 2010 665 quod

402 681 606 738 dicitur
622 681 782 751 Deus,
808 683 1064 754 autquod
1090 683 1285 740 colitur
1305 683 1518 757 (lbid.).
1549 685 1694 747 Deus
1722 683 1869 740 enim
1897 681 2010 739 dici

405 769 710 846 aliquando
730 778 784 827 et
813 770 984 828 homo
1005 780 1204 846 potest,
1225 771 1389 846 juxta
1408 770 1554 846 quod
1573 771 1640 828 ad
1667 771 1895 845 Moysen
1913 771 2011 829 di-

405 862 554 920 citur
578 881 590 920 :
625 863 759 918 Ecce
784 862 1035 918 constitui
1065 869 1110 919 te
1137 862 1303 919 Deum
1331 862 1637 920 Pharaonis
1662 862 1873 935 (Exod.
1904 877 2008 927 vn,

411 954 488 1027 1).
514 955 664 1010 Deus
681 967 816 1008 vero
837 951 944 1010 coli
974 968 1146 1025 purus
1164 952 1333 1009 homo
1360 968 1472 1010 non
1499 960 1695 1026 potest.
1720 951 1860 1021 Quia
1881 966 2012 1008 vero

408 1059 466 1099 se
493 1041 877 1100 Antichristus
916 1051 972 1099 et
1020 1059 1184 1115 super
1211 1049 1430 1101 sanctos
1459 1057 1702 1117 quosque
1735 1041 2008 1110 homines,

411 1139 466 1188 et
504 1147 670 1205 super
709 1131 886 1204 ipsius
927 1132 1230 1205 potentiam
1275 1131 1588 1189 divinitatis
1625 1129 1878 1196 extollit,
1916 1143 2014 1201 per

411 1227 672 1278 exactum
702 1217 809 1276 sibi
840 1235 1042 1277 nomen
1072 1220 1282 1293 gloriae,
1312 1228 1365 1277 et
1385 1219 1499 1278 hoc
1526 1217 1674 1293 quod
1704 1220 1848 1275 Deus
1877 1217 2012 1274 dici-

416 1316 528 1378 tur,
559 1317 614 1366 et
666 1307 773 1366 hoc
817 1308 966 1383 quod
1009 1310 1155 1367 Deus
1200 1309 1426 1380 colitur,
1479 1309 1714 1366 transire
1761 1314 2011 1365 conatur.

420 1398 738 1456 Notandum
755 1415 888 1458 vero
907 1408 988 1456 est
1016 1400 1075 1457 in
1096 1409 1355 1474 quantam
1385 1399 1655 1476 superbiai
1685 1399 1902 1456 foveam
1931 1413 2015 1454 ce-

413 1489 572 1560 cidit,
603 1489 699 1563 qui
738 1489 798 1546 in
814 1504 1089 1548 "mensura
1115 1490 1292 1549 ruinae
1317 1507 1427 1566 qua
1459 1492 1642 1564 lapsus
1659 1496 1743 1546 est
1764 1503 1877 1544 non
1897 1501 2016 1560 per:

413 1579 638 1636 mansit.
675 1578 944 1637 Diabolus
973 1581 1177 1654 quippe
1200 1581 1288 1638 vel
1319 1581 1486 1638 homo
1513 1596 1545 1636 a
1573 1585 1721 1636 statu
1747 1575 2017 1636 conditio-

412 1670 502 1727 nis
524 1669 761 1744 propriae
789 1670 934 1726 elata
960 1677 1144 1726 mente
1173 1679 1522 1737 corruerunt,
1552 1677 1615 1726 ut
1641 1669 1731 1724 vel
1760 1668 1854 1724 ille
1876 1665 2020 1723 dice-

413 1768 536 1818 ret:
569 1760 866 1817 Ascendam
893 1776 1052 1832 super
1078 1760 1413 1816 altitudinem
1439 1760 1680 1824 nubium,
1711 1757 1902 1814 similis
1928 1773 2016 1812 cro

415 1849 694 1906 Altissimo
719 1849 884 1919 (Isai.
918 1865 1040 1917 xrv,
1063 1847 1189 1920 ib);
1221 1849 1310 1905 vel
1341 1848 1443 1904 iste
1471 1847 1700 1904 audiens
1727 1846 1972 1906 crederet
2001 1862 2012 1901 :

417 1939 746 2012 Aperientur
764 1939 904 1994 oculi
923 1939 1106 2006 vestri,
1123 1945 1170 1995 et
1186 1939 1335 1995 eritis
1353 1940 1490 1995 sicut
1509 1939 1586 1994 dii
1607 1939 1816 2011 (Genes.
1836 1954 1920 2006 ιιι,
1937 1936 2018 2010 5).

419 2027 637 2085 Idcirco
675 2038 805 2100 ergo
845 2035 1076 2102 uterque
1103 2028 1330 2096 cecidit,
1371 2029 1501 2102 quia
1537 2043 1653 2086 esse
1681 2029 1795 2084 Deo
1824 2025 2024 2083 similis

419 2135 534 2176 non
578 2134 678 2192 per
718 2116 1017 2191 justitiam,
1059 2119 1155 2176 sed
1200 2135 1298 2192 per
1333 2119 1636 2192 potentiam
1680 2115 2018 2189 concupivit.

425 2209 531 2268 Sed
559 2209 730 2268 homo
757 2225 856 2283 per
879 2208 1108 2282 gratiam
1138 2207 1423 2277 liberatus,
1452 2207 1549 2282 qui
1574 2205 1675 2264 Dei
1703 2205 2023 2264 similitudi-

424 2313 552 2356 nem
582 2313 835 2372 perverse
863 2297 1170 2372 appetendo
1193 2296 1484 2366 ceciderat,
1515 2297 1574 2352 in
1597 2302 1753 2353 reatu
1773 2295 2026 2352 criminis

423 2387 509 2444 sui
541 2388 702 2462 longe
729 2387 842 2446 Deo
871 2388 1138 2460 imparem
1177 2403 1235 2444 se
1273 2402 1388 2444 esse
1415 2403 1750 2460 cognoscens
1777 2386 1979 2444 clamat
2007 2403 2018 2442 :

426 2477 666 2548 Domine,
687 2477 808 2550 quis
822 2477 1016 2534 similis
1039 2477 1131 2534 tibi
1153 2477 1327 2550 (Psal.
1344 2493 1623 2547 Lxxxvm,
1641 2477 1698 2550 9')
1713 2477 1745 2533 7
1761 2475 2026 2533 Diabolus

421 2584 555 2626 vero
571 2569 630 2625 in
657 2567 816 2642 lapsu
843 2567 930 2626 sui
959 2567 1212 2626 criminis
1233 2567 1370 2640 justi
1389 2566 1672 2637 dimissus,
1689 2567 1744 2623 in
1769 2581 2026 2622 mensura

423 2659 604 2716 ruinas
633 2673 744 2717 suae
773 2659 1003 2716 minime
1032 2658 1352 2732 permansit;
1375 2659 1472 2716 sed
1491 2666 1698 2731 quanto
1727 2655 1939 2713 diutius
1958 2654 2026 2712 ab

431 2747 829 2824 omnipotentis
857 2751 1030 2823 gratia
1058 2750 1256 2820 defuit,
1285 2757 1442 2807 tanto
1472 2749 1644 2824 magis
1681 2756 1890 2806 reatum
1922 2749 2028 2806 cri-

433 2841 601 2900 minis
622 2841 948 2898 cumulavit.
970 2841 1107 2898 Nam
1125 2840 1221 2915 qui
1242 2839 1365 2898 ideo
1381 2839 1608 2906 cecidit,
1621 2839 1751 2914 quia
1773 2855 2027 2912 perverso

436 2931 636 2988 ordine
671 2931 786 2987 Deo
813 2945 930 2987 esse
971 2929 1172 2987 similis
1199 2928 1401 2994 voluit,
1437 2944 1502 2986 eo
1531 2943 1704 3001 usque
1734 2926 2029 3000 perductus

427 3030 532 3091 est,
576 3028 638 3078 ut
681 3021 739 3078 in
769 3021 1175 3078 Antichristum
1203 3020 1452 3089 veniens,
1479 3019 1659 3076 videri
1687 3021 1801 3076 Deo
1828 3017 2032 3075 similis

429 3113 778 3186 dedignetur,
807 3121 970 3188 atque
998 3127 1125 3170 eum
1155 3129 1318 3188 quem
1347 3111 1548 3168 habere
1575 3125 1688 3166 non
1718 3109 1900 3182 potuit
1927 3125 2032 3165 su-

432 3203 638 3277 perbus
663 3204 952 3276 aequalem,
995 3203 1290 3260 damnatus
1333 3201 1654 3258 interiorem
1684 3206 1862 3272 putet.
1893 3199 2030 3256 Nam

427 3308 554 3349 cum
568 3291 638 3348 de
661 3292 760 3348 illo
780 3291 888 3348 hoc
905 3290 1052 3365 quod
1076 3290 1190 3362 jam
1223 3290 1620 3362 praemissimus
1646 3288 1855 3345 dicitur
1879 3306 1890 3344 :
1916 3289 2032 3344 Ea:-

431 3381 615 3438 tollens
639 3397 693 3434 se
719 3397 887 3451 supra
913 3396 1064 3435 omne
1085 3379 1226 3450 quod
1253 3379 1452 3435 dicitur
1468 3381 1632 3446 Deus,
1662 3385 1760 3436 aut
1785 3379 1925 3451 quod
1952 3397 2033 3434 co-

433 3471 567 3527 litur
589 3469 680 3543 (II
710 3471 886 3526 Thess.
917 3487 982 3539 u,
1008 3469 1090 3542 4),
1123 3477 1308 3543 aperte
1339 3477 1681 3528 monstratur
1709 3470 1840 3544 quia
1875 3485 2034 3544 appe-

430 3559 600 3617 tendo
628 3558 840 3616 dudum
870 3557 969 3616 Dei
999 3559 1448 3630 similitudinem,
1481 3559 1637 3634 quasi
1667 3557 1830 3633 juxta
1858 3561 2033 3616 Deum

431 3649 636 3724 erigere
665 3665 722 3707 se
751 3650 951 3719 voluit,
999 3649 1095 3706 sed
1123 3650 1182 3706 in
1224 3649 1494 3723 superbiae
1525 3650 1688 3723 culpa
1715 3650 2034 3721 crescendo,

425 3737 540 3812 jam
567 3757 623 3798 se
652 3757 818 3815 supra
845 3757 1009 3800 omne
1039 3741 1186 3816 quod
1214 3743 1362 3799 Deus
1391 3741 1598 3800 dicitur
1625 3749 1680 3798 et
1708 3741 1916 3799 colitur
1942 3758 2035 3800 ex-

429 3832 600 3890 tollit.
630 3831 772 3902 Quia
801 3849 929 3906 ergo
958 3831 1078 3892 haec
1106 3831 1226 3906 ejus
1271 3831 1528 3906 superbia
1552 3830 1794 3890 districti
1827 3831 2036 3906 judicis

433 3922 541 3980 erit
565 3921 810 3980 adventu
840 3922 1108 3994 ferienda,
1129 3923 1273 3982 sicut
1299 3923 1567 3997 scriptum
1589 3929 1671 3978 est
1697 3939 1709 3979 :
1747 3923 1910 3991 Quem
1929 3923 2034 3980 Do-

1592 377 1842 436 SANC’I‘I
1881 375 2225 436 GREGORII
2291 374 2522 432 MAGNI

422 503 612 562 Thess.
636 517 696 571 ιι,
721 500 802 575 4).
833 500 1006 575 Cujus
1038 509 1103 560 ut
1125 509 1402 561 tumorem
1441 502 1660 577 plenius
1689 501 2022 573 ostenderet,
2049 503 2104 564 Α

3640 367 3762 429 488

2189 589 2360 648 Vsus.
2395 589 2480 647 13.
2503 588 2852 661 —Nunquid
2896 587 3110 644 tenuisti
3149 585 3451 644 concutiens
3502 591 3756 644 extremes

2119 687 2294 750 terra,
2324 686 2372 736 et
2397 679 2672 736 excussisti
2707 679 2896 752 impios
2923 695 2988 733 es:
3017 695 3076 734 ea
3107 676 3136 732 ἲ

2190 773 2278 831 20.
2310 775 2452 831 Deus
2479 772 2736 829 hominem
2758 789 2865 828 non
2892 771 3106 840 deserit,
3129 777 3177 826 et
3197 769 3254 826 in
3272 769 3530 827 extremis
3550 769 3754 828 electos

2120 864 2400 920 sollicitius
2421 869 2642 936 purgat.
2661 863 2850 918 —Per
2869 869 3074 918 terram
3106 860 3312 936 quippe
3341 858 3518 917 homo
3551 859 3762 918 inﬁma

2120 955 2337 1026 sapiens
2366 951 2707 1026 designatur,
2735 951 2826 1010 cui
2869 951 3117 1026 peccanti
3149 948 3362 1006 dictum
3392 957 3476 1008 est
3506 967 3521 1006 :
3573 951 3760 1008 Terra

2121 1063 2193 1112 es,
2232 1051 2282 1100 et
2320 1044 2378 1100 in
2419 1051 2623 1100 terram
2663 1042 2766 1099 ibis
2794 1043 3012 1117 (Genes.
3048 1059 3134 1111 ιιι,
3167 1040 3281 1116 19).
3315 1041 3420 1099 Sed
3449 1041 3584 1116 quia
3622 1041 3758 1115 plus

2121 1133 2377 1192 conditor
2396 1133 2671 1191 facturam
2700 1149 2857 1190 suam
2889 1149 3001 1189 non
3023 1130 3245 1199 deserit,
3273 1131 3418 1186 mala
3441 1129 3750 1187 hominum

2125 1225 2147 1260 ³
2203 1232 2257 1280 et
2310 1239 2407 1297 per
2461 1239 2616 1280 suam
2661 1221 2991 1296 sapientiam
3033 1221 3252 1290 tolerat,
3297 1230 3353 1278 et
3397 1237 3494 1294 per
3547 1237 3752 1280 eorum

2124 1312 2456 1387 quandoque
2481 1311 2902 1369 conversionem
2932 1311 3164 1367 relaxat.
3189 1309 3328 1368 Cum
3360 1317 3546 1367 autem
3569 1310 3753 1368 duras

2125 1413 2287 1478 atque
2319 1401 2670 1461 insensibiles
2700 1410 2913 1458 mentes
2955 1399 3200 1474 respicit,
3233 1398 3402 1457 modo
3429 1416 3522 1458 eas
3551 1399 3755 1471 minis,

2127 1493 2292 1549 modo
2312 1492 2658 1561 verberibus,
2683 1489 2848 1548 modo
2869 1487 3305 1547 revelationibus
3325 1496 3516 1556 terret,
3536 1497 3600 1546 ut
3622 1506 3755 1564 qua

2127 1583 2366 1656 pessima
2393 1582 2689 1640 securitate
2711 1583 2732 1618 ³
2769 1579 3094 1650 duruerant,
3123 1578 3334 1636 salubri
3367 1578 3569 1636 timore
3599 1579 3749 1636 mol-

2128 1673 2358 1746 lescant,
2403 1684 2676 1750 quatenus
2702 1673 2792 1730 vel
2837 1689 2957 1730 sero
2995 1671 3246 1742 redeant,
3292 1678 3348 1729 et
3399 1669 3506 1728 hoc
3555 1672 3754 1746 ipsum

2128 1767 2343 1834 saltem,
2393 1763 2543 1839 quod
2581 1763 2680 1821 diu
2725 1763 3028 1836 exspectati
3075 1770 3206 1820 sunt
3245 1761 3594 1819 erubescant.
3655 1762 3754 1820 Sic

2054 1873 2100 1935 B
2129 1854 2278 1911 enim
2309 1854 2580 1911 Dominus
2607 1853 2736 1928 quia
2769 1861 3018 1910 extrema
3037 1852 3168 1910 vitae
3197 1861 3398 1909 nostrae
3425 1852 3553 1924 plus
3577 1851 3756 1925 judi-

2131 1952 2238 2014 cat,
2261 1953 2318 2002 et
2344 1944 2553 2001 idcirco
2581 1945 2786 2002 electos
2815 1961 2942 2001 suos
2972 1944 3032 2000 in
3053 1942 3162 2000 ﬁne
3190 1941 3492 2000 sollicitius
3521 1951 3756 2015 purgat.

2131 2035 2408 2108 Scriptum
2439 2033 2640 2108 quippe
2669 2041 2788 2090 est:
2827 2033 2970 2090 Deus
3001 2031 3270 2104 judicabit
3311 2031 3442 2105 fines
3491 2036 3656 2087 terra
3691 2031 3763 2104 (Ι

2131 2125 2256 2198 Reg.
2281 2141 2344 2194 ιι,
2369 2123 2482 2196 10).
2503 2124 2678 2181 Tanto
2699 2139 2828 2197 ergo
2857 2123 3164 2196 impensius
3184 2121 3402 2178 ultimis
3429 2121 3643 2179 nostris
3671 2121 3760 2178 in-

2133 2214 2350 2288 vigilat,
2372 2221 2579 2288 quanto
2609 2213 2667 2269 in
2698 2213 2835 2287 ipsis
2855 2212 3092 2287 pendere
3125 2211 3287 2270 initia
3303 2211 3434 2268 vita:
3464 2211 3762 2285 sequentis

2133 2313 2345 2381 pensat.
2370 2303 2529 2374 Quod
2549 2304 2680 2378 quia
2699 2301 3135 2360 misericorditer
3149 2303 3303 2372 facit,
3333 2301 3539 2376 pietate
3570 2318 3678 2360 sua
3698 2303 3759 2360 in

2135 2398 2379 2456 medium
2407 2397 2664 2465 deducta,
2695 2412 2804 2470 qua
2831 2394 2999 2452 etiam
3029 2411 3150 2452 sero
3178 2409 3484 2452 conversos
3501 2401 3761 2467 peccato-

2135 2508 2221 2548 res
2248 2489 2466 2563 recipit,
2484 2487 2632 2544 beati
2654 2486 2756 2543 Job
2773 2483 3051 2558 justitiam
3071 2484 3280 2556 erudit,
3307 2483 3500 2542 dicens
3525 2503 3538 2541 :
3581 2485 3761 2542 Nun-

2136 2581 2267 2653 quid
2305 2580 2518 2636 tenuisti
2557 2578 2854 2634 concutiens
2885 2583 3123 2634 extrema
3154 2582 3330 2646 tents,
3362 2582 3412 2632 et
3474 2577 3764 2633 excussisti

2135 2670 2327 2744 impios
2355 2687 2420 2726 ea;
2448 2687 2508 2726 ea
2530 2670 2558 2725 ?
2584 2665 2860 2725 Subaudis
2887 2673 2949 2724 ut
2977 2683 3126 2740 ergo,
3157 2665 3252 2740 qui
3285 2665 3344 2722 in
3373 2663 3492 2722 suis
3534 2665 3763 2723 ultimis

2137 2773 2278 2831 saepe
2306 2765 2619 2831 peccatores
2649 2755 2907 2813 terrendo
2935 2756 3216 2824 concutio,
3249 2754 3631 2812 convertenda
3661 2763 3763 2812 te-

2137 2865 2263 2918 neo,
2299 2855 2462 2922 atque
2490 2846 2560 2904 ab
2588 2863 2778 2903 eorum
2811 2845 3072 2903 cordibus
3103 2844 3305 2918 impios
3346 2845 3762 2918 cogitationum

2139 2945 2322 2995 motus
2351 2937 2548 2994 evello.
2577 2937 2648 2992 Et
2677 2941 2823 2992 recte
2849 2934 3010 2991 beato
3041 2933 3145 2990 Job
3168 2934 3442 2992 Dominus
3467 2933 3762 3008 quomodo

2134 3026 2297 3100 juxta
2339 3026 2506 3084 ﬁnem
2554 3033 2868 3100 peccatores
2915 3030 3202 3081 convertat
3256 3022 3524 3080 insinuat.
3585 3022 3669 3082 Ac
3716 3023 3765 3081 si

2139 3123 2324 3190 aperte
2352 3117 2536 3173 dicat:
2568 3113 2961 3171 Misericordiae
2991 3129 3126 3169 meae
3169 3113 3474 3186 potentiam
3518 3111 3768 3186 respice,

2139 3213 2195 3262 et
2221 3212 2330 3262 tuae
2353 3203 2586 3278 justitia
2615 3203 2913 3260 elationem
2953 3218 3158 3276 preme.
3191 3201 3323 3276 Qua
3361 3209 3614 3258 extrema
3643 3199 3767 3258 ho-

2141 3296 2309 3353 minis
2337 3296 2488 3370 quia,
2519 3296 2686 3352 etiam
2716 3312 2841 3352 cum
2873 3293 3220 3352 convertitur
3257 3308 3353 3367 per
3383 3293 3568 3350 carnis
3609 3307 3764 3348 mor-

2141 3395 2274 3457 tem,
2292 3387 2388 3444 illa
2414 3387 2656 3461 antiqua:
2675 3385 2851 3460 culpae
2865 3383 3116 3442 vindicta
3141 3385 3461 3454 comitatur,
3491 3382 3766 3458 protinus

2145 3477 2410 3546 insinuat,
2441 3493 2568 3536 cum
2598 3475 2756 3534 dicit.

2766 3572 2996 3632 CAPUT
3031 3571 3106 3630 X.

2213 3663 2386 3723 Vnus.
2422 3663 2506 3722 14.
2527 3695 2600 3709 -
2625 3664 2948 3722 Restituetur
2975 3668 3035 3718 ut
3082 3663 3252 3719 lutum
3298 3659 3662 3734 signaculum,
3713 3665 3761 3717 et

2145 3757 2304 3814 stabit
2325 3758 2464 3813 sicut
2489 3756 2872 3814 vestimentum.

2214 3849 2303 3908 21.
2331 3850 2500 3906 Homo
2521 3849 2621 3906 Dei
2646 3849 2982 3922 signaculum
3000 3853 3048 3905 et
3073 3846 3307 3920 imagine
3337 3845 3398 3902 in
3415 3862 3634 3919 plenam
3663 3865 3762 3905 su-

2139 3941 2358 4017 perbiat,
2395 3958 2496 4014 per
2521 3944 2742 3996 mortem
2783 3939 2844 4012 ﬁt
2889 3945 3035 3995 terra
3069 3943 3117 3993 et
3162 3937 3317 3993 cinis.
3348 3967 3420 3979 —
3450 3937 3762 3996 Hominem

431 4025 608 4082 minus
625 4025 778 4084 Iesus
795 4025 1070 4099 interﬁciet
1087 4025 1287 4099 spiritu
1305 4025 1416 4082 oris
1437 4029 1542 4100 sui,
1575 4021 1720 4086 926
1740 4036 1789 4086 et
1806 4029 2040 4086 destruet
2145 4032 2348 4106 quippe
2363 4028 2652 4099 Dominus,
2683 4044 2848 4102 quem
2867 4027 2938 4087 ad
2957 4043 3114 4085 suam
3144 4027 3572 4086 similitudinem
3613 4044 3765 4086 con-

433 4115 794 4174 illustratione
809 4117 1066 4174 adventus
1085 4116 1171 4172 sui
1197 4116 1389 4190 (Ibid.,
1408 4117 1492 4193 8),
1521 4128 1666 4178 recte
1694 4119 1940 4181 dicitur:
1963 4117 2042 4177 Et
2145 4123 2310 4192 didit,
2333 4121 2490 4196 quasi
2509 4119 2787 4196 quoddam
2809 4136 2921 4177 sua)
2945 4119 3208 4193 potentiae
3233 4117 3583 4193 signaculum
3601 4117 3762 4176 fecit.

431 4202 706 4261 brachium
735 4207 994 4262 excelsum
1021 4211 1334 4264 conteretur.

507 4391 594 4451 19.
636 4391 790 4454 Verbi
814 4393 1004 4462 divini,
1031 4413 1134 4468 quo
1161 4397 1283 4469 plus
1314 4397 1527 4464 teritur,
1547 4397 1720 4453 uirtus
1737 4397 1914 4468 magis
1941 4413 2037 4452 au-

433 4489 605 4556 getur.
629 4514 701 4526 —
721 4483 929 4543 Cuncta
958 4495 1136 4545 tamen
1170 4487 1308 4557 haec,
1345 4505 1467 4563 quas
1494 4487 1582 4544 bis
1611 4486 1858 4543 discussa
1884 4495 2034 4554 sunt,

433 4571 618 4632 adhuc
665 4573 900 4650 intelligi
942 4585 996 4634 et
1046 4579 1208 4636 aliter
1236 4586 1487 4652 possunt.
1519 4573 1704 4634 Verba
1743 4576 1892 4632 enim
1935 4577 2036 4633 Dei

435 4663 593 4738 quasi
623 4665 901 4738 pigmenta
920 4671 1172 4743 quaedam
1201 4668 1378 4726 nostri
1407 4673 1538 4724 sunt
1557 4663 1842 4739 adjutorii.
1865 4667 1938 4723 Et
1965 4666 2036 4723 si-

435 4763 530 4812 cut
551 4755 893 4829 pigmentum
917 4767 1124 4832 quanto
1144 4759 1270 4830 plus
1291 4757 1512 4826 teritur,
1531 4763 1689 4812 tanto
1707 4755 1832 4828 plus
1860 4755 1918 4812 in
1939 4772 2030 4828 po-

433 4845 560 4903 culo
603 4845 721 4918 ejus
749 4846 928 4904 virtus
969 4854 1220 4920 augetur,
1273 4845 1352 4900 ita
1392 4843 1586 4901 divina
1625 4843 1888 4918 eloquia‘
1923 4861 2033 4919 quo

435 4937 610 5010 magis
639 4938 968 5012 exponendo
993 4935 1354 5005 conterimus,
1389 4951 1454 4991 eo
1481 4934 1770 4991 audientes
1797 4936 2034 5008 amplius

435 5027 592 5100 quasi
620 5026 873 5084 bibentes
895 5027 1178 5100 juvamus.
1211 5023 1351 5100 [Vet.
1393 5022 1478 5100 V.]
1509 5024 1648 5094 Quia
1677 5023 1847 5098 igitur
1874 5025 2034 5084 mise-

435 5115 612 5172 ricors
639 5118 783 5174 Deus
820 5116 920 5172 diu
957 5121 1180 5188 peccata
1220 5111 1512 5170 hominum
1547 5115 1766 5186 tolerat,
1811 5123 1865 5172 et
1906 5132 2034 5173 cum

430 5202 546 5276 jam
575 5205 826 5264 vicinum
857 5206 1023 5262 ﬁnem
1053 5202 1298 5276 respicit,
1328 5203 1649 5277 plerumque
1670 5213 1880 5262 mentes
1899 5222 2036 5279 pec-

433 5296 687 5356 cantium
717 5297 996 5364 immutat,
1029 5299 1174 5352 recte
1192 5292 1260 5351 de
1287 5309 1366 5364 se,
1383 5295 1498 5352 vim
1517 5302 1684 5353 tanta).
1705 5295 1926 5370 pietatis
1954 5296 2037 5354 in-

438 5385 685 5454 sinuans,
719 5386 796 5442 ait
829 5400 841 5441 :

518 5585 536 5620 ¹
565 5581 918 5663 _Gussanvill._
949 5599 1014 5642 ac
1041 5587 1296 5663 nonnulli
1339 5586 1514 5659 Edit.,
1545 5606 1648 5663 quo
1675 5587 1842 5662 magis
1869 5605 2041 5663 erepo-3

443 5655 1102 5740 nendo_conteruntur,_eo
1147 5655 1530 5740 audientes..:.;.
1552 5655 1848 5740 'juvantuf.
1882 5655 2042 5740 Quod

445 5725 865 5804 emendavimus
911 5725 1152 5790 ex'Mss.
1185 5732 1429 5806 Anglia,
1467 5725 1756 5804 Norman.,
1786 5725 1959 5790 Laud.
1987 5740 2042 5792 et

447 5797 611 5856 Corb.
644 5799 830 5858 Germ.

519 5871 540 5906 ε
571 5873 650 5928 Ita
667 5872 902 5948 Vindoc,
919 5877 1167 5947 Ebroic.,
1186 5877 1392 5952 aliique
1407 5877 1622 5947 Norm.,
1637 5876 1916 5947 Laudun.,
1933 5883 2038 5936 etc.

2146 4211 2305 4283 Quod
2331 4219 2518 4270 tamen
2540 4219 2604 4268 ut
2646 4212 2827 4268 lutum
2855 4209 3198 4280 restituetur,
3229 4209 3361 4284 quia
3387 4207 3519 4266 licet
3550 4215 3763 4266 mterna

2145 4301 2416 4376 supplicia
2444 4317 2540 4374 per
2569 4299 2985 4359 conversionem
3014 4297 3214 4372 fugiat,
3241 4298 3300 4354 in
3329 4297 3546 4355 ultione
3566 4303 3761 4354 tamen

2147 4398 2468 4464 perpetratae
2487 4389 2758 4464 superbia
2777 4388 2958 4448 carnis
2979 4396 3156 4445 morte
3177 4387 3492 4446 damnatur.
3519 4387 3610 4444 Ex
3639 4388 3762 4445 luto

2146 4479 2350 4554 quippe
2391 4479 2560 4536 homo
2589 4478 2868 4549 conditus,
2910 4486 2965 4536 et
3007 4477 3209 4535 mentis
3244 4485 3470 4550 accepta
3510 4476 3755 4545 ratione,

2146 4569 2513 4626 similitudine
2529 4568 2735 4626 divinae
2761 4567 3018 4641 imaginis
3035 4567 3349 4636 decoratus,
3365 4566 3607 4624 elatione
3635 4582 3758 4623 cor-

2145 4657 2232 4716 dis
2280 4658 2675 4729 intumescens,
2745 4657 2892 4733 quod
2936 4658 3005 4714 de
3050 4656 3262 4714 inﬁmis
3313 4656 3585 4714 formatus
3631 4670 3752 4712 esse

2139 4748 2347 4806 oblitus
2369 4755 2470 4806 est.
2491 4748 2648 4806 Unde
2681 4748 2823 4804 mira
2849 4745 3155 4805 conditoris
3191 4745 3414 4820 justitia
3455 4752 3641 4802 actum
3677 4750 3758 4802 est

2140 4851 2202 4898 ut
2248 4841 2376 4916 quia
2414 4857 2512 4915 per
2556 4855 2779 4898 sensum
2819 4839 3110 4909 intumuit,
3159 4855 3324 4914 quem
3360 4837 3754 4896 rationabilem

2141 4933 2372 5006 accepit,
2403 4948 2593 4989 rursus
2621 4938 2764 4988 terra
2807 4946 2904 5005 per
2966 4936 3199 4988 mortem
3229 4928 3408 4999 ﬁeret,
3444 4945 3608 5002 quam
3638 4941 3755 4986 esse

2142 5039 2199 5082 se
2236 5021 2582 5080 considerare
2625 5021 2915 5079 humiliter
2957 5019 3166 5090 noluit;
3203 5027 3258 5078 et
3298 5019 3430 5095 quia
3469 5017 3752 5092 peccando

2141 5115 2243 5174 Dei
2281 5113 2708 5172 similitudinem
2740 5112 3001 5187 perdidit,
3034 5110 3323 5168 moriendo
3352 5127 3484 5166 vero
3515 5109 3586 5166 ad
3633 5107 3752 5166 limi

2143 5204 2232 5262 sui
2261 5203 2546 5262 materiam
2577 5202 2742 5270 redit,
2772 5209 2920 5258 recte
2949 5201 3158 5258 dicitur
3183 5219 3195 5258 :
3227 5201 3552 5258 Restituetur
3575 5206 3630 5254 ut
3663 5201 3752 5254 ιιι-

2147 5303 2258 5353 tum
2285 5295 2636 5370 signaculum.
2658 5294 2732 5350 Et
2755 5291 2887 5368 quia
2910 5292 2977 5350 de
2999 5307 3226 5367 corpore
3245 5291 3379 5348 dum
3409 5291 3644 5364 spiritus
3661 5304 3751 5346 vo-

2146 5395 2323 5458 catur,
2354 5387 2593 5462 quodam
2623 5384 2779 5460 quasi
2809 5383 3102 5442 involucra
3132 5399 3246 5442 suae
3292 5381 3478 5442 carnis
3504 5381 3749 5448 exuitur,

2147 5590 2222 5646 At
2249 5587 2401 5646 Editi
2431 5605 2559 5648 cum
2586 5587 2688 5646 Ms.
2722 5586 2886 5645 Corb.
2919 5587 3131 5655 Germ.,
3161 5591 3210 5657 et
3237 5601 3337 5657 per
3364 5600 3521 5641 suam
3535 5581 3752 5657 patient

2151 5661 2280 5717 tiam
2345 5662 2554 5717 tolerat.
2616 5659 2887 5732 Fortasse
2937 5649 3337 5732 perpendentes
3403 5649 3634 5732 tolerare
3685 5649 3751 5709 ad

2143 5733 2459 5806 patientiam
2515 5731 2698 5806 potius
2751 5727 3232 5806 pertinere—quam
3273 5727 3343 5784 ad
3395 5727 3750 5800 sapientiam;

2151 5799 2341 5862 vocem
2372 5799 2603 5859 hanc'in
2633 5799 2860 5858 alteram
2892 5799 3214 5859 mutandam
3242 5799 3611 5858 censuerunt.

2221 5877 2243 5912 ³
2282 5874 2561 5944 Laudun.,
2591 5874 2938 5931 duraverant.
