3920 6380
116 390 207 455 489

111 628 234 683 sicut
283 628 665 683 vestimentum.
727 624 930 681 Lutum
982 640 1220 698 namque
1257 632 1510 681 nostrum
1563 625 1707 681 sicut

114 716 498 774 vestimentum
530 725 673 773 stare
700 724 781 771 est
811 731 983 789 usque
1011 712 1079 769 ad
1108 714 1531 771 resurrectionis
1555 721 1708 770 tem-

113 822 205 879 pus
265 805 432 864 inane
488 814 829 878 exutumque
869 803 1182 877 perdurare.
1234 804 1339 860 Sed
1387 804 1518 878 quia
1564 802 1708 859 hanc

115 910 317 969 pceuam
344 894 621 968 superbia;
650 911 752 951 nec
782 894 864 950 illi
894 899 1199 963 transeunt,
1232 893 1327 968 qui
1357 901 1412 949 et
1458 891 1707 949 eamdem

114 984 416 1057 superbiam
448 983 691 1041 vivendo
720 983 1010 1040 humiliter
1037 984 1308 1051 vincunt;
1341 999 1461 1057 quae
1503 982 1576 1038 sit
1606 997 1709 1037 su-

116 1073 478 1151 perbientium
514 1073 771 1147 specialis
801 1090 980 1145 poena,
1014 1071 1300 1146 subjungit
1328 1071 1518 1129 dicens
1549 1088 1560 1127 :

745 1162 975 1221 CAPUT
1004 1163 1105 1220 XI.

178 1255 345 1315 Vnus.
384 1253 473 1313 I5.
506 1285 579 1296 —
603 1252 897 1324 Auferetur
932 1253 999 1309 ab
1028 1253 1209 1326 impiis
1239 1254 1335 1310 tua:
1362 1270 1484 1319 sua,
1513 1257 1561 1306 et
1590 1250 1708 1306 bra-

116 1346 273 1402 chium
302 1346 568 1401 excelsum
593 1342 975 1416 confringetur.

177 1435 260 1494 22.
291 1436 444 1494 Mors
476 1452 597 1506 qua:
622 1435 806 1489 electos
838 1432 948 1489 luci
972 1434 1225 1502 restituit,
1255 1439 1495 1511 reprobis
1525 1441 1710 1510 lucem,

116 1528 356 1582 nimirum
380 1525 664 1598 prmsentis
679 1525 801 1581 vita:
825 1525 1057 1597 gloriam
1087 1528 1244 1583 tollit.
1277 1560 1348 1571 —
1374 1531 1521 1588 Mors
1563 1532 1713 1587 enim

116 1615 302 1683 carnis,
333 1631 458 1688 quae
489 1615 693 1672 electos
722 1614 835 1671 luci
880 1632 992 1671 sum
1040 1616 1305 1687 restituit,
1337 1618 1515 1676 lucem
1558 1635 1713 1676 suam

118 1705 354 1780 reprobis
382 1705 556 1762 tollit.
587 1706 708 1761 Lux
757 1720 994 1779 namque
1040 1707 1409 1779 superbientis
1437 1717 1518 1766 est
1545 1709 1718 1782 gloria

118 1796 238 1852 vitae
267 1794 578 1868 praesentis.
619 1793 750 1862 Quae
779 1794 829 1850 ei
874 1795 972 1850 lux
997 1802 1133 1853 tunc
1177 1797 1543 1868 subtrahitur,
1588 1814 1715 1855 cum

820 392 1193 456 MOBALIUM
1228 398 1363 458 LIB.
1406 395 1616 458 xxxx.
1655 430 1726 442 -
1766 398 1839 459 IN
1874 376 2101 459 CAPUT
2140 400 2432 462 xxxvrn
2472 408 2534 463 B.
2574 400 2717 464 JOB.

184 526 327 592 927
355 534 500 607 Apte
527 530 594 589 de
629 531 820 590 eodem
858 532 974 589 luto
1017 534 1371 608 subjungitur
1401 552 1413 592 :
1448 535 1523 592 Et
1552 532 1709 590 stabit
1742 528 1794 589 A

3325 405 3430 469 490

1898 525 2038 601 [νει.
2080 528 2198 604 VL]
2243 528 2332 587 24.
2372 530 2436 587 In
2468 529 2681 600 inferno
2735 530 3110 605 deambulavit,
3141 535 3269 608 quia
3300 535 3432 594 liber

1814 615 1887 671 ad
1907 616 2095 688 ligatos
2115 618 2269 675 venit.
2291 650 2357 660 -—
2374 617 2642 691 Vigilanti
2664 635 2794 675 vero
2810 629 2892 677 est
2911 638 3043 679 cura
3064 624 3430 695 pensandum-

1817 705 1965 780 quod
1994 709 2015 742 ³
2048 708 2105 763 in
2128 707 2433 764 novissimo
2459 707 2644 781 abyssi
2662 707 3043 767 deambulasse
3072 729 3129 769 se
3155 713 3427 785 perhibet.

1817 800 2181 857 Deambulare
2222 802 2425 876 quippe
2468 818 2579 858 non
2624 802 2936 871 constricti,
2981 804 3077 860 sed
3115 805 3278 862 liberi
3326 817 3429 865 est.

1819 892 1991 961 Quem
2039 894 2187 950 enim
2246 895 2472 953 vincula
2526 895 2826 968 stringunt,
2883 894 3002 968 ejus
3058 897 3434 959 nihilominus

1822 1001 2040 1057 gressus
2067 985 2398 1057 impediunt.
2433 986 2554 1054 Qua
2597 986 2771 1058 igitur
2798 987 3071 1045 Dominus
3113 989 3268 1045 nulla
3297 1006 3436 1062 pec-

1820 1073 1929 1130 cati
1960 1073 2186 1131 vincula
2211 1074 2459 1146 pertulit,
2492 1074 2552 1130 in
2582 1074 2802 1133 inferno
2830 1075 3228 1137 deambulavit.
3269 1078 3437 1137 Liber

1819 1163 2021 1236 quippe
2049 1161 2121 1219 ad
2149 1162 2346 1236 ligatos
2377 1163 2551 1220 venit.
2595 1163 2751 1221 Unde
2782 1166 3051 1239 scriptum
3080 1175 3164 1225 est
3196 1185 3208 1224 :
3241 1168 3437 1225 Factus

1822 1268 1942 1308 sum
1987 1253 2123 1308 sicut
2149 1252 2303 1307 homo
2352 1252 2463 1308 sine
2507 1253 2806 1324 adjutorio,
2838 1255 2977 1312 inter
3008 1264 3248 1316 mortuos
3306 1260 3438 1318 liber

1822 1341 2005 1412 (Psal.
2039 1359 2296 1411 Lxxxvn,
2356 1342 2438 1415 5).
2472 1344 2534 1399 In
2563 1344 2886 1403 novissimis
2936 1363 3065 1420 ergo
3102 1346 3286 1421 abyssi
3329 1351 3436 1406 Do-

1823 1432 1977 1488 mino
2006 1430 2357 1489 deambulare
2385 1442 2464 1490 est
2493 1432 2551 1488 in
2582 1433 2704 1491 loco
2731 1434 3103 1494 damnationis
3132 1438 3276 1495 nihil
3322 1456 3436 1496 suae

1824 1519 2156 1577 retentionis
2186 1521 2460 1590 invenire,
2510 1530 2803 1580 attestante
2832 1525 3012 1595 Petro,
3048 1528 3145 1599 qui
3178 1528 3258 1584 ait
3295 1545 3308 1582 :
3342 1529 3435 1586 So-

1828 1608 1952 1665 lutis
1994 1609 2268 1665 doloribus
2323 1609 2541 1680 inferni,
2582 1611 2750 1683 juxta
2790 1615 2933 1685 quod
2957 1615 3277 1687 impossibile
3321 1622 3439 1674 erat

1828 1689 1990 1755 teneri
2018 1701 2172 1757 illum
2199 1701 2265 1756 ab
2292 1718 2349 1756 eo
2386 1701 2536 1773 (Act.
2569 1703 2767 1775 11,24).
2802 1703 2902 1761 Vel
2924 1713 3069 1761 certe
3086 1706 3216 1778 quia
3240 1706 3439 1763 deam-

1826 1788 2074 1846 bulando
2104 1807 2206 1847 nos
2234 1807 2362 1847 cum
2407 1790 2475 1848 de
2508 1792 2631 1848 loco
2659 1797 2806 1855 928
2835 1793 2903 1849 ad
2946 1795 3127 1851 locum
3157 1794 3438 1866 ducimur,

120 1902 204 1959 per
238 1884 421 1941 carnis
445 1884 738 1940 interitum
774 1884 789 1919 ¹
824 1882 894 1940 ad
921 1885 1355 1943 retributionum
1386 1904 1609 1945 suarum
1641 1897 1715 1943 te-
1751 1894 1799 1957 B
1828 1885 1923 1944 hic
1951 1887 2176 1962 illicque
2220 1896 2513 1961 praesentes
2567 1889 2922 1957 invenimur;
2971 1889 3353 1948 deambulasse
3382 1892 3440 1948 in

121 1974 303 2032 nebras
332 1983 590 2033 vocatur.
624 1973 707 2031 Ibi
735 1980 871 2030 tunc
928 1975 1211 2032 excelsum
1256 1976 1549 2035 brachium
1581 1993 1726 2034 con-

119 2064 532 2138 fringitur,quia
550 2062 822 2120 celsitudo
843 2063 1029 2121 cordis
1049 2064 1196 2122 ultra
1222 2074 1433 2123 naturae
1466 2066 1724 2123 ordinem

116 2156 375 2213 violenter
430 2164 658 2228 arrepta
713 2154 1078 2227 opprimentis
1132 2171 1190 2212 se
1230 2154 1437 2213 divinae
1492 2156 1725 2229 justitiae

115 2245 245 2303 mole
271 2244 604 2319 dissipatur,
627 2252 691 2301 ut
719 2243 850 2317 quia
880 2260 937 2299 se
969 2259 1222 2317 perverse
1251 2244 1309 2302 in
1328 2246 1483 2303 brevi
1526 2264 1729 2304 erexe-

120 2343 211 2405 rat,
247 2352 343 2409 per
370 2334 599 2409 pondus
640 2332 842 2406 judicii
886 2333 945 2389 in
991 2341 1259 2392 aeternum
1312 2336 1485 2395 fracta
1513 2356 1727 2411 cogno-

124 2432 242 2484 seat.
297 2426 501 2483 Nullus
558 2431 741 2481 autem
811 2430 1061 2481 nostrum
1120 2425 1255 2498 quid
1320 2436 1442 2498 post
1491 2438 1726 2485 mortem

126 2524 431 2591 sequeretur
459 2524 798 2589 agnosceret,
830 2516 940 2573 nisi
976 2516 1105 2573 vitae
1151 2526 1353 2574 nostrae
1383 2519 1639 2575 conditor
1658 2518 1728 2576 ad

127 2622 326 2679 prauam
355 2621 535 2679 usque
556 2605 752 2661 mortis
780 2612 982 2662 nostrae
1011 2605 1244 2662 veniret.
1276 2607 1396 2662 Nisi
1427 2608 1577 2663 enim
1611 2606 1727 2680 ipse

131 2696 550 2755 misericorditer
595 2695 788 2752 inﬁma
814 2705 1042 2769 peteret,
1076 2711 1420 2770 nequaquam
1462 2714 1564 2754 nos
1606 2705 1729 2770 post

132 2803 269 2844 suam
298 2787 604 2859 imaginem
635 2784 877 2858 perditos
899 2784 1049 2857 juste
1089 2785 1160 2843 ad
1187 2802 1406 2843 summa
1424 2795 1724 2844 revocaret.

136 2876 273 2935 Unde
301 2885 360 2934 et
390 2883 544 2934 recte
572 2873 928 2947 subjungitur
954 2891 966 2929 :

552 2989 783 3049 CAPUT
810 2990 915 3048 x11
940 2989 1086 3065 [Rec.
1128 2990 1279 3066 VII].

192 3082 358 3142 Vnus.
395 3081 486 3139 16.
517 3110 591 3122 -
616 3080 876 3150 Nunquid
894 3080 1161 3151 ingressus
1181 3096 1232 3134 es
1254 3078 1592 3150 profundum
1619 3094 1730 3135 ma-

136 3173 228 3243 ris,
259 3179 307 3228 et
330 3173 391 3228 in
412 3168 722 3227 novissimis
749 3168 926 3241 abyssi
953 3168 1347 3225 deambulasti?

1834 1975 2054 2032 inferno
2075 1976 2348 2034 Dominus
2366 1976 2595 2046 dicitur,
2624 1985 2687 2034 ut
2713 1978 2903 2035 electis
2921 1978 3212 2036 animabus
3230 1980 3289 2035 in
3304 1979 3442 2038 locis

1837 2064 2073 2139 singulis
2124 2081 2221 2139 per
2271 2065 2586 2123 divinitatis
2640 2067 2945 2139 potentiam
2992 2084 3232 2141 praesens
3270 2068 3441 2126 fuisse

1837 2164 2255 2212 monstraretur.
2290 2155 2447 2212 Unde
2494 2164 2549 2212 et
2606 2155 2836 2229 spiritus
2877 2157 3161 2231 sapientia
3217 2157 3444 2214 mobilis

1837 2243 2170 2303 describitur
2204 2244 2359 2318 (Sap.
2392 2262 2494 2314 v11,
2525 2244 2641 2318 24),
2662 2254 2724 2303 ut
2750 2262 2848 2319 per
2866 2244 2972 2302 hoc
2997 2245 3146 2319 quod
3170 2261 3442 2319 nusquam

1837 2333 2010 2404 deest,
2041 2333 2249 2408 ubique
2277 2334 2441 2391 nobis
2469 2350 2759 2393 occurrere
2788 2334 3125 2408 designetur.
3149 2334 3323 2403 Quam
3353 2333 3447 2391 de-

1837 2424 2179 2482 scensionem
2212 2440 2368 2480 suam
2386 2423 2657 2480 Dominus
2688 2433 2843 2482 tanto
2864 2423 3176 2481 mirabilem
3197 2424 3443 2497 respicit,

1836 2522 2046 2588 quanto
2103 2530 2222 2571 eam
2282 2512 2570 2588 redempto
2602 2512 2822 2572 homini
2861 2514 3126 2574 ’crebrius
3172 2513 3441 2572 infundit.

1838 2605 1973 2661 Eam
2004 2620 2242 2679 namque
2265 2603 2448 2663 adhuc
2482 2603 2755 2678 replicans
2784 2603 2974 2664 subdit
3006 2623 3018 2663 :

2432 2694 2662 2753 CAPUT
2693 2695 2844 2753 XIII.

1909 2784 2081 2842 Vnus.
2112 2783 2276 2842 17.-
2295 2785 2553 2857 Nunquid
2580 2794 2779 2859 aperta
2806 2793 2934 2845 sunt
2964 2786 3061 2845 tibi
3083 2794 3260 2861 porta
3289 2804 3447 2846 mor-

1842 2876 1932 2941 tis,
1964 2880 2012 2930 et
2037 2875 2174 2930 ostia
2196 2875 2467 2931 tenebrosa
2486 2874 2672 2931 vidisti
2692 2878 2720 2933 ἲ

1912 2964 2001 3020 25.
2033 2964 2230 3019 Portas
2256 2946 2467 3030 mortis,
2488 2964 2583 3019 hoc
2604 2971 2680 3019 est
2703 2972 2988 3036 potestates
3016 2968 3271 3024 adversas
3298 2984 3448 3040 supe-

1839 3052 2002 3109 ravit.
2020 3082 2091 3093 —
2111 3051 2291 3107 Portaa
2319 3051 2467 3107 enim
2491 3052 2686 3109 mortis
2713 3062 2843 3109 sunt
2859 3062 3152 3127 potestates
3179 3054 3443 3112 adversas.

1840 3144 1987 3213 Quas
2013 3134 2351 3202 descendens
2378 3144 2648 3202 Dominus
2676 3146 2912 3219 aperuit,
2942 3147 3073 3221 quia
3121 3162 3308 3203 earum
3338 3146 3447 3202 for-

194 3234 274 3319 2'3_
306 3260 577 3318 Dominus
603 3275 710 3314 ηοη
736 3234 907 3314 εοιξυη
932 3258 992 3313 in
1020 3257 1297 3325 mundum,
1342 3257 1430 3312 sed
1462 3257 1623 3312 etiam
1672 3256 1731 3311 ίη
1764 3257 1809 3319 c
1840 3234 2137 3291 titudinem
2208 3235 2497 3292 moriendo
2544 3237 2841 3309 superavit.
2894 3236 3026 3305 Quae
3081 3236 3450 3310 appellatione

130 3351 384 3423 infernum
405 3367 525 3423 pro
552 3348 703 3405 nobis
732 3348 1012 3405 descendit.
1043 3378 1115 3389 —
1141 3348 1223 3404 Ac
1250 3347 1296 3403 si
1317 3346 1496 3404 dicat:
1520 3347 1589 3403 Ut
1608 3361 1727 3418 ego,

130 3442 213 3513 qui
255 3459 364 3499 non
393 3440 589 3498 solum
636 3453 807 3506 mare,
848 3436 904 3492 id
934 3445 1017 3493 est
1056 3436 1346 3503 saeculum,
1376 3452 1472 3510 per
1509 3451 1732 3492 assum-

126 3540 259 3604 ptam
314 3532 629 3588 humanam
677 3543 899 3585 carnem
954 3534 1118 3600 atque
1158 3526 1401 3582 animam
1445 3526 1602 3598 petii,
1634 3525 1729 3581 sed

126 3622 275 3677 etiam
304 3637 402 3695 per
437 3635 573 3677 eam
604 3625 798 3690 sponte
834 3616 893 3671 in
937 3623 1115 3671 morte
1143 3615 1399 3687 positam,
1433 3632 1605 3688 usque
1660 3614 1730 3672 ad

126 3710 306 3767 ultima
332 3708 576 3776 inferni,
607 3705 763 3781 quasi
811 3704 880 3761 ad
910 3704 1079 3761 maris
1125 3703 1402 3776 profunda
1445 3704 1723 3763 descendi.

131 3800 180 3855 Si
200 3800 340 3855 enim
369 3813 556 3866 mare,
588 3812 738 3851 more
768 3793 950 3851 divini
987 3793 1215 3866 eloquii,
1258 3793 1519 3848 saeculum
1567 3792 1730 3850 debet

131 3889 367 3963 intelligi,
390 3891 449 3946 ni
464 3888 549 3944 bil
577 3886 836 3961 prohibet
865 3881 1142 3959 profunda
1157 3884 1324 3941 maris
1342 3882 1549 3940 inferni
1580 3883 1727 3941 clau-

132 3990 231 4039 stra
255 3982 477 4040 sentiri.
497 3979 657 4050 Quod
684 3977 1023 4053 profundum
1054 3977 1221 4033 maris
1245 3975 1519 4033 Dominus
1546 3975 1725 4048 petiit,

133 4090 244 4129 cum
272 4072 485 4130 inferni
530 4070 856 4138 novissima,
902 4068 1205 4124 electorum
1244 4081 1468 4123 suorum
1517 4065 1729 4121 animas

135 4173 420 4238 erepturus,
452 4160 713 4219 intravit.
748 4157 904 4215 Unde
931 4165 987 4214 et
1010 4173 1106 4231 per
1133 4155 1457 4230 prophetam
1486 4153 1724 4212 dicitur:

141 4254 355 4310 Posuisti
375 4249 715 4326 profundum
736 4247 906 4304 maris
936 4247 1100 4311 viam,
1117 4250 1175 4301 ut
1205 4245 1495 4301 transirent
1520 4242 1730 4301 liberati

146 4344 285 4413 (Isai.
316 4361 389 4415 1.1,
420 4344 544 4416 10).
579 4341 696 4398 Hoc
724 4355 968 4413 namque
1002 4337 1340 4411 profundum
1393 4335 1561 4394 maris
1601 4345 1727 4393 ante

144 4432 507 4508 Redemptoris
558 4430 856 4489 adventum
898 4446 1012 4486 non
1066 4429 1177 4499 via,
1222 4428 1313 4487 sed
1362 4444 1549 4486 carcer
1598 4426 1723 4495 fuit,

145 4522 261 4594 quia
286 4524 341 4581 in
373 4542 430 4582 se
458 4524 627 4583 etiam
655 4522 931 4579 bonorum
960 4519 1191 4588 animas,
1224 4519 1479 4594 quamvis
1526 4534 1639 4575 non
1669 4518 1727 4574 in

145 4610 267 4669 locis
316 4612 648 4688 poenalibus,
694 4610 913 4669 clausit.
943 4607 1103 4678 Quod
1155 4617 1341 4665 tamen
1386 4606 1725 4681 profundum
1753 4627 1803 4687 ι)

148 4700 279 4758 viam
330 4705 601 4762 Dominus
638 4700 845 4776 posuit,
876 4699 1006 4774 quia
1057 4698 1194 4757 illuc
1241 4700 1490 4767 veniens,
1530 4697 1732 4755 electos

148 4806 261 4849 suos
288 4810 317 4849 a
343 4791 598 4851 claustris
628 4791 831 4849 inferni
859 4789 929 4846 ad
956 4787 1200 4845 coelestia
1228 4789 1463 4845 transire
1497 4803 1733 4845 conces-

151 4876 232 4937 sit.
260 4883 408 4941 Unde
434 4893 492 4941 et
522 4892 646 4956 apte
676 4880 794 4938 illic
821 4878 1027 4937 dicitur
1059 4897 1071 4934 :
1112 4879 1176 4936 Ut
1206 4878 1495 4935 transirent
1526 4875 1735 4933 liberati

155 4965 465 5048 (Ibid.,10).
526 4970 686 5042 Quod
727 4986 858 5027 vero
912 4966 1250 5043 profundum
1296 4968 1464 5024 maris
1494 4965 1731 5035 dixerat,

152 5056 264 5129 hoc,
294 5063 413 5120 aliis
441 5062 627 5121 verbis
647 5059 936 5136 replicans,
960 5056 1147 5132 abyssi
1168 5057 1533 5114 novissimum
1548 5063 1728 5123 vocat,

154 5148 268 5219 quia
318 5151 457 5210 sicut
502 5169 769 5227 aquarum
822 5150 1053 5224 abyssus
1098 5146 1254 5204 nulla
1300 5154 1486 5203 nostra
1517 5144 1731 5202 visione

154 5240 638 5313 comprehenditur,
678 5241 755 5299 ita
796 5240 1011 5298 occulta
1058 5236 1261 5294 inferni
1307 5236 1464 5293 nullo
1506 5249 1537 5291 a
1567 5233 1730 5291 nobis

154 5325 176 5363 ³
198 5332 514 5403 cognitionis
543 5350 707 5391 sensu
737 5339 1111 5406 penetrantur.
1136 5327 1245 5398 Qui
1272 5326 1423 5384 enim
1454 5324 1588 5382 hinc
1603 5323 1730 5380 sub-

154 5417 426 5481 trahantur
454 5424 754 5495 cernimus,
784 5423 879 5481 sed
924 5440 1046 5497 qua;
1094 5420 1223 5478 illos
1260 5417 1424 5493 juxta
1469 5416 1729 5475 meritum

155 5512 428 5573 retributio
451 5515 847 5591 suppliciorum
878 5520 1116 5582 maneat,
1144 5528 1257 5570 non
1282 5509 1553 5568 videmus.

226 5729 240 5767 ¹
269 5732 357 5792 Sic
380 5734 608 5809 Turon.,
629 5734 855 5809 Ebroic.
874 5733 1093 5809 aliique
1116 5733 1377 5809 Norman.
1409 5748 1535 5809 c_urn
1555 5728 1728 5809 Laud.

158 5797 676 5877 Brofetributionum
701 5808 855 5866 Editi
871 5797 1077 5865 habent
1104 5806 1397 5863 rationum.
1414 5804 1567 5877 Ipsis
1585 5802 1733 5859 favet

161 5870 307 5934 Corb.
330 5878 534 5951 Germ.,
568 5882 625 5938 in
650 5897 759 5956 quo
790 5880 945 5953 prius
971 5877 1254 5952 legebatur
1280 5870 1603 5932 orationum.

429 5977 667 6039 Paruon.
709 5979 960 6038 LXXVI.

1840 3342 2059 3399 quoque
2084 3326 2192 3382 alia
2216 3325 2508 3382 tenebrosa
2544 3326 2685 3382 ostia
2704 3334 2997 3395 vocantur,
3032 3325 3164 3399 quia
3194 3325 3330 3382 dum
3353 3339 3451 3397 per

1829 3412 2231 3472 occultationis
2276 3431 2390 3472 sum
2437 3413 2671 3472 insidias
2722 3431 2836 3472 non
2884 3414 3170 3485 videntur,
3200 3414 3447 3488 deceptis

1840 3503 2121 3561 mentibus
2149 3505 2300 3561 viam
2320 3504 2517 3561 mortis
2530 3503 2805 3577 aperiunt.
2833 3503 2967 3573 Quae
2986 3504 3279 3561 tenebrosa
3298 3503 3448 3561 ostia

1838 3594 2110 3651 Dominus
2139 3594 2314 3662 videt,
2344 3594 2475 3669 quia
2510 3594 2926 3652 immundorum
2954 3593 3251 3666 spirituum
3284 3593 3449 3651 frau-

1839 3681 2124 3741 dulentam
2155 3684 2427 3741 malitiam
2456 3691 2511 3740 et
2550 3684 2779 3758 respicit
2806 3693 2861 3741 et
2907 3682 3127 3757 premit.
3160 3682 3309 3751 Quos
3337 3682 3448 3739 nisi

1838 3773 1955 3847 ipse
2007 3774 2169 3832 nobis
2198 3774 2573 3832 nescientibus
2620 3772 2862 3831 videndo
2912 3772 3251 3847 prohiberet,
3283 3779 3338 3829 et
3366 3770 3447 3828 nil

1839 3860 1907 3917 de
1936 3862 2157 3919 insidiis
2185 3878 2376 3919 eorum
2407 3878 2563 3919 mens
2593 3869 2782 3919 nostra
2827 3868 3198 3935 cognosceret,
3230 3867 3286 3916 et
3330 3860 3447 3916 eis-

1839 3949 1966 4007 dem
1995 3951 2217 4008 insidiis
2243 3959 2403 4025 capta
2430 3950 2726 4025 deperiret.
2759 3950 2892 4019 Quae
2936 3950 3225 4007 tenebrosa
3272 3949 3441 4005 etiam

1838 4057 1940 4100 nos
1990 4044 2134 4100 ostia
2183 4043 2481 4112 cernimus,
2536 4041 2759 4117 quando
2787 4057 3042 4114 supernae
3085 4040 3225 4097 lucis
3272 4039 3445 4096 radiis

1838 4131 2203 4188 illustramur.
2238 4132 2392 4189 Unde
2410 4143 2464 4190 et
2493 4149 2591 4206 per
2617 4131 2944 4206 prophetam
2980 4128 3191 4188 dicitur
3219 4146 3231 4185 :
3264 4129 3447 4186 Domi-

1836 4239 1937 4277 nus
1996 4222 2129 4277 mihi
2172 4222 2397 4294 adjutor
2425 4228 2520 4290 est,
2547 4228 2596 4279 et
2645 4239 2734 4295 ego
2783 4220 2967 4277 videbo
3010 4218 3260 4276 inimicos
3305 4235 3447 4276 meos

1841 4312 2016 4386 (Psal.
2060 4329 2234 4384 cxvn,
2281 4314 2360 4387 7).
2407 4314 2605 4371 Hostes
2658 4313 2830 4386 igitur
2874 4321 3094 4370 nostros
3135 4312 3253 4386 ipse
3296 4310 3450 4369 videt

1836 4403 1932 4477 qui
1961 4419 2064 4460 suo
2092 4420 2185 4460 eos
2215 4420 2443 4461 munere
2470 4402 2631 4460 nobis
2659 4401 2915 4459 visiblies
2969 4400 3126 4460 facit.
3154 4401 3257 4459 Vel
3302 4409 3449 4459 certe

1834 4493 2129 4551 tenebrosa
2171 4501 2307 4551 tunc
2360 4493 2503 4550 ostia
2530 4492 2802 4550 Dominus
2847 4490 3013 4561 vidit,
3043 4506 3167 4549 cum
3210 4490 3451 4548 claustra

1839 4582 2043 4640 inferni
2073 4593 2386 4657 penetrans,
2403 4582 2655 4640 crudeles
2688 4581 2922 4655 spiritus
2953 4580 3212 4654 perculit,
3230 4588 3285 4637 et
3306 4597 3449 4638 mor-

1841 4680 1914 4737 tis
1936 4675 2260 4748 praepositos
2291 4672 2578 4731 moriendo
2591 4670 2898 4729 damnavit.
2929 4670 3090 4740 Quod
3125 4670 3335 4729 idcirco
3355 4669 3451 4728 hic

1842 4789 1952 4830 non
1985 4771 2166 4829 adhuc
2203 4767 2270 4824 de
2303 4766 2513 4831 futuro,
2548 4762 2645 4821 sed
2660 4762 2775 4835 jam
2806 4761 2873 4819 de
2903 4761 3183 4835 praterito
3215 4760 3447 4829 dicitur,

1842 4864 1973 4937 quia
2003 4863 2109 4919 hoc
2138 4858 2286 4935 quod
2314 4858 2561 4915 facturus
2590 4864 2707 4912 erat
2734 4855 2795 4911 in
2824 4868 3009 4927 opere,
3036 4851 3306 4908 nimirum
3330 4851 3446 4923 jam

1845 4952 2044 5008 fecerat
2090 4950 2148 5008 in
2178 4947 2680 5023 praedestinatione.
2726 4945 2867 5014 Quia
2902 4959 3033 4999 vero
3063 4948 3186 5015 post
3216 4948 3445 4997 mortem

1840 5041 2405 5112 resurrectionemque
2453 5036 2571 5110 ejus
2619 5035 2795 5093 crevit
2852 5033 3118 5099 Ecclesia,
3166 5036 3328 5104 atque
3388 5030 3444 5087 in

1839 5133 2054 5192 cunctis
2083 5139 2163 5187 est
2194 5129 2448 5203 gentibus
2475 5126 2723 5193 dilatata,
2755 5131 2879 5197 apte
2909 5120 3274 5194 subjungitur
3308 5138 3320 5177 :

2254 5216 2483 5275 CAPUT
2512 5215 2642 5273 XIV
2674 5214 2812 5292 [νει.
2859 5211 2995 5285 VII].

1911 5312 2119 5387 Vnas.‘
2145 5310 2232 5367 18.
2280 5341 2352 5353 -
2407 5304 2664 5377 Nunquid
2725 5300 3073 5360 considerasti
3118 5298 3449 5359 latitudinem

1843 5402 2042 5460 teme?
3178 5406 3199 5411 ”
3274 5422 3277 5425 λ

1911 5495 2001 5554 26.
2024 5496 2195 5556 Morte
2217 5490 2419 5551 Christi
2444 5489 2607 5546 crevit
2619 5484 2878 5547 Ecclesia.
2899 5487 3179 5561 Tanquam
3203 5486 3447 5545 Samson.

1913 5724 1937 5801 ξ
1963 5722 2160 5801 Laud,
2190 5720 2413 5801 Ebroic.
2455 5723 2511 5801 et
2539 5718 2633 5776 alii
2662 5718 2877 5801 Nprm.,
2900 5715 3237 5801 cogitationis
3270 5720 3446 5781 me,

1913 5799 1934 5833 ³
1967 5790 2224 5854 [ιαιιὰζθῑ
2251 5790 2415 5852 Corb.
2448 5791 2657 5859 Germ.,
2690 5790 2748 5846 in
2786 5790 3095 5847 novissima.

3130 5957 3198 6014 t6
