3920 6376
499 331 600 390 491
1712 329 1967 388 SANCTI
2009 332 2088 387 Gl

2205 331 2359 388 ‘rORII
2397 332 2622 389 MAGNI
3733 332 3850 390 492

489 465 676 540 plures
703 461 928 517 hostium
957 461 1184 518 moriens
1202 459 1461 518 exstinxit
1475 477 1638 533 quam
1651 461 1846 519 vivens.
1864 491 1936 504 —
1957 462 2103 518 Dum
2133 465 2185 538 ᾼ
2213 461 2563 518 deambulasti
2582 464 2610 520 .9
2639 463 2662 498 ‘
2681 461 2816 530 Quae
2841 459 2990 517 enim
3021 467 3105 520 est
3131 459 3384 534 abyssus,
3410 460 3521 517 nisi
3549 477 3717 519 mens
3735 460 3846 518 hu-

497 549 644 608 enim
664 549 936 605 Dominus
955 551 1236 624 angustias
1251 549 1447 608 mortis
1466 549 1645 624 petiit,
1679 551 1843 608 ﬁdem
1865 566 2020 606 suam
2043 549 2104 606 in
2213 568 2395 622 mana,
2413 569 2534 626 quae
2557 550 2689 609 dum
2719 549 3076 624 semetipsam
3106 549 3573 625 comprehendere
3596 567 3717 610 non
3748 569 3847 609 va-

495 637 750 713 gentibus
777 637 1054 708 dilatavit,
1077 647 1242 713 atque
1269 638 1338 697 ad
1359 639 1654 696 innumera
1684 639 1850 696 corda
1876 639 2104 698 creden-
2213 644 2308 711 let,
2339 659 2455 699 sese
2488 641 2548 700 in
2594 657 2757 698 omne
2793 639 2944 715 quod
2973 647 3076 712 est,
3124 642 3276 698 velut
3311 640 3545 700 obscura
3571 643 3844 715 abyssns,

492 727 636 786 tium
656 736 901 787 sanctam
921 727 1226 787 Ecclesiam
1248 729 1518 786 extendit.
1537 727 1639 786 Cui
1661 744 1758 801 per
1777 729 2103 804 prophetam
2212 733 2386 792 latet?
2416 732 2571 790 Unde
2586 731 2724 790 bene
2740 749 2836 806 per
2861 731 3193 805 prophetam
3215 731 3424 788 dicitur
3447 751 3460 788 :
3492 733 3655 790 Dedit
3683 733 3848 807 abys-

493 817 727 876 dicitur:
759 819 947 875 Dilata
977 819 1147 874 locum
1175 818 1388 876 tentorii
1418 819 1515 884 tui,
1537 824 1584 874 et
1599 819 1764 890 pelles
1796 819 2102 875 tabernacu-
2211 840 2301 878 sus
2332 839 2506 878 vocem
2533 839 2705 891 suam,
2732 822 2799 878 ab
2827 821 3115 878 altitudine
3132 822 3434 894 phantasite
3461 840 3567 878 sua:
3601 824 3843 896 (Habac.

494 907 673 966 torum
702 914 914 964 tuorum
940 909 1178 974 extende,
1198 925 1263 964 ne
1283 925 1500 980 parcas,
1533 909 1714 980 longos
1729 907 1818 979 {ac
1831 907 2102 980 funiculos
2211 931 2297 983 III,
2330 913 2446 986 10),
2476 913 2608 988 quia
2652 913 2786 972 dum
2834 912 3196 986 semetipsam
3243 929 3400 971 mens
3427 912 3677 972 humana
3719 931 3843 972 non

495 1004 630 1066 tuos,
661 1003 711 1053 et
735 998 912 1054 clavos
942 1002 1057 1052 tuos
1085 997 1358 1054 consolida
1374 1016 1396 1064 ;
1417 997 1490 1054 ad
1507 997 1782 1054 dexteram
1810 999 1948 1054 enim
1966 1005 2014 1054 et
2031 999 2103 1054 ad
2211 1011 2480 1078 penetrat,
2510 1021 2580 1062 ex
2609 1004 3023 1077 comparatione
3067 1003 3176 1073 sui,
3223 1001 3433 1060 divinas
3473 1014 3690 1064 naturae
3722 1022 3844 1079 po—

495 1085 682 1144 larvam
721 1087 1042 1159 penetrabis,
1075 1092 1129 1143 et
1165 1104 1336 1144 semen
1379 1093 1527 1144 tuum
1563 1094 1734 1161 gentes
1773 1089 2104 1146 hwreditabit
2208 1093 2440 1150 tentiam
2471 1110 2636 1169 quam
2663 1092 3139 1168 comprehendere
3169 1109 3282 1150 non
3310 1093 3517 1152 suﬂicit
3551 1094 3844 1152 humilius

493 1176 652 1250 (Isai.
684 1193 796 1246 uv,
825 1174 882 1242 2,
904 1173 984 1250 3).
1007 1175 1140 1246 Quae
1157 1177 1392 1234 latitudo
1414 1184 1584 1235 terra:
1613 1177 1856 1250 profecto
1873 1194 1988 1235 non
2008 1178 2101 1235 ﬁe-
2211 1183 2419 1240 laudat.

489 1273 596 1336 ret,
616 1265 726 1322 nisi
751 1265 868 1340 ipse
886 1263 1042 1339 prius
1060 1273 1115 1323 et
1138 1265 1313 1323 vitam
1340 1282 1509 1340 quam
1531 1266 1792 1324 novimus
1811 1265 2100 1324 moriendo
2281 1273 2369 1331 28.
2400 1275 2466 1331 In
2493 1273 2791 1330 novissimis
2829 1273 3006 1346 abyssi
3035 1273 3358 1344 deambulat,
3400 1291 3521 1330 cum
3560 1275 3835 1348 nequissi-

491 1358 815 1432 despiceret,
839 1366 893 1415 et
921 1359 1095 1416 vitam
1135 1376 1298 1434 quam
1329 1376 1441 1416 non
1474 1360 1736 1418 novimus
1766 1360 2099 1434 resurgendo
2207 1381 2418 1420 morum
2445 1365 2609 1421 corda
2635 1365 2907 1421 convertit.
2929 1396 2998 1408 —
3027 1365 3092 1422 In
3120 1364 3443 1423 novissimis
3471 1382 3603 1439 ergo
3630 1365 3832 1440 abyssi

493 1455 846 1506 monstraret.
864 1449 927 1506 In
943 1457 1120 1506 morte
1137 1449 1338 1523 quippe
1353 1465 1452 1506 sua
1466 1459 1669 1506 nostrae
1689 1451 1880 1507 oculos
1897 1450 2098 1507 mentis
2209 1456 2322 1511 Deo
2351 1453 2703 1511 deambulare
2729 1463 2812 1511 est
2839 1453 3006 1530 etiam
3037 1455 3505 1530 nequissimorum
3527 1456 3700 1514 corda
3727 1455 3832 1513 ho-

491 1536 727 1610 aperuit,
759 1545 814 1594 et
853 1553 974 1612 quae
1003 1546 1143 1596 esset
1172 1539 1288 1594 vita
1321 1555 1443 1612 quae
1480 1547 1802 1614 sequeretur
1829 1539 2094 1597 ostendit.

491 1627 646 1684 Unde
657 1636 712 1685 et
727 1628 877 1687 hunc
897 1628 956 1684 in
976 1629 1280 1701 Evangelio
1299 1629 1554 1687 ordinem
1569 1637 1784 1702 tenens,
1807 1631 2097 1705 discipulis

492 1716 650 1774 dicit:
680 1718 767 1775 Sic
793 1718 1063 1790 oportebat
1081 1719 1350 1776 Christum
1370 1721 1510 1792 pati,
1529 1726 1580 1777 et
1591 1739 1914 1795 resurgerea
1942 1740 2100 1778 mor-

2208 1544 2423 1601 minum
2452 1551 2796 1612 convertere,
2825 1553 2880 1602 et
2898 1525 3212 1619 desperatas
3239 1554 3453 1604 mentes
3479 1546 3831 1606 visitationis

2207 1651 2319 1692 suae
2346 1635 2595 1708 vestigiis
2642 1633 2916 1708 tangendo
2947 1635 3280 1694 mirabiliter
3307 1637 3629 1695 reformare.
3675 1636 3823 1696 Cum

2207 1725 2355 1782 enim
2387 1735 2511 1798 post
2540 1725 2809 1782 immensa
2835 1725 3062 1796 scelera,
3084 1727 3464 1802 unusquisque
3492 1729 3823 1802 compungi-

489 1805 595 1860 tuis
614 1810 772 1898 tertia
793 1807 898 1873 die,
919 1813 966 1863 et
971 1808 1265 1880 prwdicari
1283 1809 1339 1864 in
1358 1811 1568 1866 nomine
1587 1811 1700 1882 ejus
1711 1811 2095 1884 paenitentiam,
2129 1837 2176 1898 Β
2211 1825 2321 1885 tur,
2342 1813 2477 1890 quid
2493 1813 2646 1871 aliud
2669 1831 2832 1888 quam
2851 1815 2909 1871 in
2927 1815 3246 1873 novissimis
3260 1815 3444 1890 abyssi
3468 1817 3616 1873 Deus
3633 1815 3820 1874 deam-

486 1901 537 1952 et
552 1895 910 1952 remissionem
922 1904 1253 1970 peccatorum
1267 1917 1366 1973 per
1380 1917 1557 1957 omnes
1571 1907 1740 1973 gentes
1765 1901 1916 1973 (Luc.
1934 1917 2096 1971 xxIv,

485 1990 577 2060 46,
611 1989 726 2065 47).
758 1991 924 2050 Pauci
957 1994 1104 2051 enim
1135 2011 1205 2052 ex
1233 1995 1390 2070 plebe
1419 1996 1723 2054 Israelitica
1749 1995 1870 2069 ipso
1898 1995 2096 2069 praedi-

485 2089 644 2140 cante
669 2081 1054 2153 crediderunt;
1097 2085 1378 2143 innumeri
1427 2102 1558 2142 vero
1607 2085 1854 2159 gentium
1904 2085 2097 2158 populi

484 2172 634 2230 viam
653 2173 782 2230 vitai
803 2174 1071 2232 moriente
1088 2174 1186 2232 illo
1205 2176 1381 2233 secuti
1399 2183 1550 2232 sunt.
1567 2173 1845 2248 Superbos
1861 2191 2096 2250 namque

483 2259 618 2318 dum
663 2262 847 2320 adhuc
874 2265 1150 2338 passibilis
1179 2263 1393 2321 viveret
1431 2263 1682 2338 pertulit,
1720 2265 1738 2298 ί
1787 2281 1818 2320 a
1845 2264 2094 2338 passibili

485 2369 618 2411 vero
646 2355 762 2411 vita
790 2364 1042 2414 mortuus
1066 2354 1283 2412 stravit.
1312 2353 1472 2422 Quod
1497 2353 1640 2412 bene
1661 2355 1895 2412 Samson
1925 2357 1984 2413 in
2015 2373 2095 2413 se-

483 2445 718 2519 metipso
747 2442 960 2518 dudum
980 2445 1287 2522 ﬁguraliter
1311 2445 1604 2519 expressit,
1625 2445 1720 2521 qui
1743 2462 1946 2520 paucos
1975 2445 2095 2522 qui-

485 2537 610 2594 dem
649 2535 784 2593 dum
827 2536 1043 2593 viveret
1071 2535 1390 2604 interemit;
1424 2535 1704 2593 destructo
1734 2544 1916 2594 autem
1945 2543 2096 2594 tem-

485 2626 598 2698 plo,
623 2625 812 2682 hostes
833 2625 1159 2682 innumeros
1181 2641 1307 2683 cum
1341 2635 1647 2684 moreretur
1665 2625 1869 2684 occidit
1892 2626 2091 2700 (Judic.

484 2731 606 2784 va,
623 2713 740 2789 30),
759 2715 888 2789 quia
903 2714 1169 2772 nimirum
1190 2715 1461 2773 Dominus
1479 2716 1546 2773 ab
1567 2716 1803 2774 elatione
1825 2717 2092 2790 superbiae

485 2819 688 2878 paucos
743 2820 870 2862 cum
923 2805 1158 2874 viveret,
1213 2802 1400 2879 plures
1452 2823 1584 2863 vero
1637 2824 1763 2864 cum
1819 2808 2092 2881 templum

485 2900 632 2960 929
660 2894 747 2952 sui
767 2895 1013 2970 corporis
1043 2897 1370 2966 solveretur,
1389 2896 1660 2953 exstinxit
1689 2896 1870 2970 (Joan.
1891 2915 1955 2968 ιι,
1976 2898 2088 2972 19);

483 3001 646 3070 atque
675 2993 876 3050 electos
923 3009 995 3050 ex
1037 2993 1292 3066 gentibus
1339 3011 1477 3069 quos
1513 2994 1756 3052 vivendo
1802 2995 2090 3066 sustinuit,

483 3081 648 3140 simul
705 3100 898 3140 omnes
959 3083 1250 3141 moriendo
1305 3085 1624 3159 prostravit.
1684 3085 1852 3142 Recte
1907 3085 2092 3159 itaque

485 3183 774 3252 postquam
806 3175 1025 3232 inferna
1055 3184 1368 3247 penetrasse
1398 3191 1456 3231 se
1482 3175 1692 3244 docuit,
1725 3175 2095 3232 consideran-
2128 3207 2172 3268 Ο

483 3263 609 3322 dam
653 3280 787 3322 mox
833 3271 993 3321 terra:
1044 3264 1400 3320 latitudinem
1457 3264 1782 3339 subjunxit:
1833 3265 2090 3336 Nunquid

483 3353 831 3410 considerasti
874 3353 1209 3409 latitudinem
1246 3355 1442 3410 terra?
1481 3357 1563 3410 Ac
1600 3354 1647 3411 si
1675 3351 1949 3427 ﬂagellato
1978 3353 2092 3411 ho-

483 3440 624 3498 mini
652 3441 894 3498 diceret:
927 3440 1206 3515 Perpende
1236 3440 1373 3516 quid
1400 3437 1629 3514 pertuli,
1661 3449 1716 3498 et
1745 3459 1916 3516 pensa
1943 3443 2091 3518 quod

483 3530 625 3598 emi;
649 3546 751 3588 nec
789 3529 1038 3605 queraris
1057 3529 1174 3604 ipse
1202 3529 1270 3587 de
1299 3529 1550 3601 verbere,
1591 3530 1726 3588 dum
1757 3532 1940 3590 nescis
1969 3551 2091 3607 qua:

483 3628 538 3680 te
565 3621 792 3696 praemia
819 3629 1079 3680 maneant
1097 3621 1156 3678 in
1186 3619 1572 3681 retributione.
1597 3622 1748 3680 Inter
1767 3621 1884 3682 haec
1905 3623 2091 3698 itaque

483 3711 652 3770 verba
675 3713 938 3772 creatoris
965 3728 1144 3787 operas
1172 3712 1412 3786 pretium
1443 3719 1599 3788 puto,
1627 3713 1676 3770 si
1704 3729 1738 3771 a
1763 3712 1910 3772 bono
1943 3731 2091 3772 com~

483 3800 644 3857 muni
673 3817 737 3860 ac
765 3800 993 3877 publico
1013 3819 1308 3877 parumper
1335 3801 1526 3862 oculos
1551 3801 1846 3876 ﬂectimus,
1878 3811 1934 3862 et
1954 3803 2091 3879 quid

480 3887 540 3946 in
595 3889 831 3964 singulis
885 3889 1049 3950 nobis
1099 3891 1336 3950 latenter
1389 3901 1514 3968 agat
1573 3893 1878 3953 intuemur.
1937 3893 2090 3951 Dicit

479 3977 630 4036 enim
654 3997 668 4038 :

912 4069 1142 4130 CAPUT
1169 4071 1277 4132 xv
1298 4071 1442 4149 [Rec.
1476 4073 1656 4151 VIII].

550 4157 724 4219 Vens.
759 4160 935 4219 16.--
959 4165 1218 4236 Nunquid
1246 4167 1512 4239 ingressus
1543 4184 1594 4222 es
1617 4164 1956 4238 profundum
1976 4181 2085 4222 ma-

478 4245 600 4306 ris?

553 4338 641 4396 27.
674 4336 846 4399 Maris
868 4340 1201 4413 profundum
1227 4343 1371 4400 Deus
1397 4343 1722 4415 ingreditur,
1757 4361 1877 4400 cum
1908 4359 2086 4416 pecca-

483 4428 616 4485 toris
632 4435 851 4486 mentem
863 4430 1060 4489 visitat.
1077 4463 1149 4474 —
1160 4433 1309 4490 Mare
1324 4434 1528 4508 quippe
1543 4439 1626 4489 est
1645 4449 1802 4490 mens
1820 4431 2086 4505 humana,

481 4518 642 4594 cujus
658 4519 932 4595 profunda
945 4523 1092 4582 Deus
1119 4524 1432 4598 ingreditur
1449 4523 1670 4599 quando
1693 4539 1790 4596 per
1815 4522 2082 4596 cOgnitio-

481 4625 608 4667 nem
637 4627 791 4670 suam
819 4611 888 4670 ad
917 4613 1158 4672 lamenta
1185 4615 1522 4688 pmnitentiae
1543 4613 1612 4670 ab
1639 4613 1856 4670 intimis
1883 4613 2084 4686 cogita-

480 4700 726 4760 tionibus
752 4703 1125 4780 perturbatur,
1152 4705 1374 4780 quando
1400 4705 1602 4778 prioris
1638 4705 1770 4761 vitae
1809 4705 2083 4778 nequitias

479 4791 548 4849 ad
577 4793 900 4851 memoriam
929 4794 1164 4866 reducit,
1180 4802 1234 4852 et
1255 4794 1615 4850 ﬂuctuantem
1638 4794 1660 4829 ²
1675 4794 1736 4850 in
1756 4793 2082 4852 confusione

479 4898 578 4940 sua
603 4884 852 4942 animum
881 4885 1148 4942 concutit.
1179 4881 1526 4940 Profundum
1557 4883 1725 4941 maris
1753 4885 1900 4942 Deus
1923 4900 2081 4958 pene-

479 4980 609 5046 trat,
635 4973 856 5048 quando
875 4975 1042 5031 etiam
1071 4973 1358 5049 desperata
1384 4973 1551 5030 corda
1583 4983 1876 5047 permutat.
1910 4976 1932 5011 ³
1963 4975 2084 5048 Ipse

479 5064 628 5121 enim
659 5083 809 5122 mare
828 5063 998 5122 intrat
1021 5064 1244 5138 quando
1273 5079 1368 5120 cor
1386 5065 1645 5122 saeculare
1663 5065 1942 5136 humiliat,
1959 5083 2081 5140 pro-

477 5153 714 5213 fundum
727 5157 895 5212 maris
906 5153 1216 5229 ingreditur
1225 5154 1445 5230 quando
1457 5154 1680 5214 visitare
1693 5166 1902 5215 mentes
1915 5157 2080 5214 etiam

479 5261 692 5322 pressas
733 5247 1036 5306 sceleribus
1082 5263 1196 5304 non
1243 5245 1590 5323 dedignatur.
1632 5249 1788 5309 Unde
1833 5259 1890 5308 et
1929 5257 2078 5310 recte

479 5339 898 5415 percunctando
939 5337 1321 5414 subjungitur:
1351 5339 1431 5398 Et
1465 5339 1525 5398 in
1562 5341 1864 5400 novissimis
1903 5342 2082 5417 abyssi

557 5547 575 5586 ¹
605 5546 978 5623 ltagVindocq
1025 5548 1190 5623 Corb.
1235 5549 1446 5623 Germ.,
1475 5549 1704 5619 Pratel.,
1743 5553 1888 5610 Utic.
1922 5551 2080 5610 Con-

482 5622 652 5678 sentit
679 5621 953 5698 Laudung.,
979 5621 1095 5698 nisi
1109 5624 1255 5698 quod
1277 5641 1378 5697 pro
1404 5621 1646 5698 mortuus
1675 5624 1936 5698 mendose
1951 5625 2080 5697 legi-

481 5698 575 5769 t_ur
599 5699 857 5750 mortuos.
889 5695 963 5753 At
991 5695 1167 5769 Edit},
1196 5714 1230 5752 a
1272 5695 1520 5769 possibili
1563 5713 1686 5752 vero
1733 5697 1844 5752 vita
1887 5695 2082 5753 multos

483 5763 610 5820 dum
635 5772 929 5823 moreretur
955 5763 1164 5824 stravit.

555 5837 578 5872 ³
607 5837 826 5900 Ebroic.
857 5847 910 5898 et
935 5840 1029 5898 alii
1061 5841 1275 5910 Norm.,
1295 5841 1354 5896 in
1371 5839 1693 5913 confessione
1719 5858 1817 5898 sua
1844 5841 2080 5899 animum

2111 4577 2162 4636 D

2209 1905 2408 1962 bulans
2435 1904 2656 1961 videtur
2675 1904 2704 1961 ?
2726 1905 2892 1973 Quasi
2908 1906 2967 1962 in
2983 1905 3184 1980 abysso
3204 1923 3446 1981 namque
3462 1908 3608 1965 Deus
3635 1907 3824 1966 deam-

2207 1996 2382 2065 bulat,
2413 2012 2538 2052 cum
2571 1994 2868 2053 obscurum
2885 2013 2982 2054 cor
3004 2007 3318 2070 penetrans,
3341 1995 3542 2055 ﬂuctus
3559 1995 3820 2056 invisibi-

2208 2087 2286 2143 les
2314 2086 2580 2142 vitiorum
2623 2087 2816 2144 calcat.
2849 2086 3186 2162 Plerumque
3216 2088 3366 2144 enim
3396 2090 3681 2161 praterita
3708 2091 3818 2148 alia

2207 2177 2538 2250 plangimus,
2569 2184 2624 2232 et
2667 2175 2793 2233 aliis
2829 2175 3195 2250 praesentibus
3223 2193 3504 2252 urgemur,
3549 2188 3612 2238 ut
3651 2181 3819 2239 modo

2206 2266 2482 2340 superbia.
2532 2267 2698 2325 modo
2745 2267 2847 2338 ira,
2899 2265 3066 2324 modo
3113 2267 3356 2337 luxuria,
3387 2269 3554 2327 modo
3580 2271 3818 2330 avaritia

2209 2363 2453 2413 tentante
2479 2355 2796 2429 fatigemur.
2835 2355 2941 2413 Sed
2971 2374 3098 2414 cum
3145 2365 3345 2416 cuncta
3391 2357 3512 2418 haec
3560 2361 3621 2417 in
3649 2360 3816 2418 corde

2206 2459 2394 2507 nostro
2423 2449 2696 2508 Dominus
2723 2451 2952 2510 occultae
2981 2450 3321 2509 visitationis
3349 2469 3462 2510 sua;
3492 2451 3691 2510 timore
3719 2471 3813 2511 re-

2205 2541 2417 2613 primit,
2451 2538 2586 2615 quid
2615 2539 2770 2598 aliud
2799 2557 2964 2616 quam
3009 2542 3067 2618 in
3113 2541 3314 2616 abysso
3343 2559 3563 2616 gressus
3607 2545 3815 2618 ponit?

2205 2629 2353 2699 Quos
2381 2647 2598 2703 gressus
2627 2640 2811 2688 mente
2839 2630 3233 2704 conspicimus,
3268 2631 3491 2706 quando
3519 2642 3712 2691 contra
3732 2635 3811 2691 in-

2204 2721 2484 2792 surgentia
2513 2719 2652 2776 vitia
2681 2719 2960 2794 quomodo
2992 2719 3216 2778 timoris
3243 2719 3364 2793 ejus
3403 2720 3633 2779 obvient
3667 2723 3812 2782 dona

2204 2826 2516 2884 pensamus.
2551 2811 2662 2868 Hos
2691 2828 2928 2886 namque
2955 2829 3174 2886 gressus
3209 2813 3486 2888 Propheta
3513 2831 3810 2890 conspexe-

2203 2908 2308 2970 rat,
2338 2918 2465 2958 cum
2493 2901 2748 2959 dicebat:
2791 2903 2901 2962 Visi
2931 2909 3056 2958 sunt
3083 2904 3348 2974 ingressus
3395 2904 3494 2971 tui,
3524 2905 3687 2976 Deus,
3715 2908 3812 2963 in-

2203 3009 2409 3063 gressus
2454 2993 2554 3050 Dei
2598 2993 2720 3061 mei,
2775 2991 2913 3064 regis
2956 2993 3060 3048 mei
3101 2993 3196 3064 qui
3231 2999 3312 3048 est
3343 2993 3401 3049 in
3433 3001 3612 3050 sancto
3641 2997 3810 3068 ipsius

2206 3082 2380 3153 (Psal.
2408 3098 2586 3150 van,
2615 3083 2733 3155 25).
2755 3082 2862 3152 Qui
2891 3082 3040 3140 enim
3073 3082 3418 3140 inordinatos
3436 3091 3623 3141 motus
3636 3086 3808 3143 animi

2202 3169 2522 3227 divinorum
2539 3170 2882 3244 judiciorum
2905 3173 3173 3229 memoria
3196 3173 3255 3228 in
3270 3189 3327 3230 se
3343 3174 3570 3246 reprimi
3590 3177 3805 3249 conspi-

2200 3263 2298 3328 cit,
2330 3265 2489 3336 quasi
2519 3262 2931 3324 deambulantis
2960 3265 3019 3320 in
3048 3280 3104 3320 se
3134 3279 3350 3338 gressus
3375 3265 3602 3322 Domini
3633 3267 3804 3326 videt.

2200 3353 2428 3408 Dicatur
2446 3369 2574 3426 ergo
2589 3353 2748 3410 beato
2769 3353 2872 3411 Job
2895 3371 2908 3410 :
2940 3354 3200 3427 Nunquid
3219 3355 3488 3428 ingressus
3504 3372 3556 3412 es
3579 3355 3807 3429 profun-

2200 3441 2328 3498 dum
2354 3441 2554 3510 maris;
2576 3447 2626 3497 et
2648 3441 2708 3497 in
2734 3442 3038 3498 novissimis
3061 3443 3238 3515 abyssi
3267 3444 3618 3501 deambulasti
3634 3447 3664 3503 ?
3691 3445 3806 3503 Su-

2198 3531 2398 3589 baudis
2429 3539 2490 3588 ut
2514 3549 2634 3606 ego,
2660 3531 2756 3606 qui
2786 3533 2926 3590 mira
2955 3533 3337 3592 misericordia
3361 3534 3420 3592 in
3449 3543 3801 3608 peccatorum

2200 3621 2460 3679 cordibus
2470 3621 2634 3679 modo
2652 3621 2983 3692 iram,modo
2995 3624 3299 3693 luxuriam,
3313 3623 3480 3682 modo
3491 3625 3800 3696 avaritiam,

2201 3711 2366 3769 modo
2419 3719 2735 3786 surgentem
2797 3711 3112 3786 superbiam
3181 3713 3354 3772 calco.
3415 3720 3562 3779 930
3616 3717 3698 3775 Ac
3757 3717 3803 3774 si

2199 3807 2251 3866 ei
2305 3816 2492 3884 aperte
2539 3809 2850 3868 diceretur:
2909 3811 2967 3870 Si
3021 3811 3252 3871 latentia
3299 3813 3484 3872 cordis
3530 3814 3672 3872 vitia
3719 3833 3803 3872 me

2198 3899 2382 3956 solum
2422 3901 2722 3974 reprimere
2761 3901 3060 3976 conspicis,
3099 3911 3163 3961 tu
3208 3905 3405 3963 extolli
3458 3904 3528 3962 de
3584 3907 3803 3980 propria

2193 3987 2592 4063 justiﬁcatione
2634 3991 2890 4050 cessabis.
2944 3989 3086 4066 Wet.
3156 3993 3338 4071 VIII.]
3371 3995 3443 4052 Et
3497 3996 3630 4070 quia
3677 4013 3798 4053 cum

2198 4078 2474 4138 divinitus
2488 4081 2783 4140 visitamur
2810 4082 2977 4140 etiam
3007 4081 3076 4140 de
3103 4085 3340 4144 occultis
3370 4093 3426 4143 et
3443 4085 3661 4142 illicitis
3690 4103 3798 4142 mo-

2197 4171 2347 4230 tibus
2376 4173 2578 4232 mentis
2607 4172 2678 4231 ad
2720 4173 3126 4234 confessionem
3174 4174 3455 4246 ducimur,
3489 4183 3640 4235 recte
3677 4176 3796 4234 sub-

2190 4261 2447 4336 jungitur
2470 4282 2481 4321 :

2795 4353 3024 4413 CAPUT
3053 4353 3205 4412 XVI.

2267 4440 2439 4500 Vens.
2464 4442 2550 4501 I7.
2563 4475 2635 4488 —
2653 4444 2914 4517 Nunquid
2925 4451 3126 4518 apertas
3138 4449 3262 4500 sunt
3283 4443 3377 4500 tibi
3387 4450 3562 4518 porta:
3573 4446 3797 4504 mortis?

2265 4533 2356 4594 29.
2386 4533 2567 4592 Portis
2591 4537 2781 4592 mortis
2806 4543 2931 4592 sunt
2945 4537 3282 4609 cogitationes
3303 4553 3507 4610 prava,
3529 4554 3666 4610 quas
3691 4539 3797 4596 Deo

2189 4640 2289 4697 per
2329 4625 2697 4696 confectionem
2741 4627 3049 4700 pandimus.
3083 4657 3156 4670 —
3197 4627 3376 4685 Porta
3423 4627 3575 4684 enim
3607 4629 3797 4686 mortis

2191 4723 2321 4772 sunt
2349 4716 2706 4788 cogitationes
2728 4733 2928 4790 pravas,
2948 4733 3082 4792 quas
3111 4718 3226 4776 Deo
3242 4716 3560 4790 pandimus,
3577 4717 3798 4792 quando

2191 4820 2281 4861 eas
2307 4805 2366 4861 in
2395 4806 2722 4879 pmnitentia
2747 4805 2931 4864 ﬂendo
2959 4807 3310 4864 conﬁtemur.
3333 4806 3479 4876 Quas
3497 4807 3666 4867 etiam
3686 4823 3796 4864 non

2191 4895 2466 4954 confessas
2511 4897 2778 4966 intuetur,
2821 4897 2918 4955 sed
2959 4896 3236 4956 confessas
3264 4897 3598 4970 ingreditur.
3645 4897 3797 4955 Tunc

2192 4983 2394 5058 quippe
2420 4984 2567 5041 viam
2597 4985 2703 5043 sibi
2745 4987 2804 5044 in
2849 4987 3024 5062 portis
3067 4988 3264 5045 mortis
3303 4987 3499 5060 aperit,
3551 4987 3792 5062 quando,

2191 5075 2390 5133 solutis
2401 5078 2586 5150 pravis
2595 5079 3045 5153 cogitationibus,
3057 5080 3127 5138 ad
3138 5097 3240 5138 nos
3253 5089 3377 5154 post
3391 5079 3792 5138 confessionem

2189 5169 2364 5225 venit.
2395 5169 2526 5238 Quae
2557 5180 2726 5244 portas
2769 5170 2964 5228 mortis
2993 5171 3200 5230 idcirco
3229 5179 3437 5230 vocata:
3481 5179 3635 5242 sunt,
3667 5171 3795 5246 quia

2186 5259 2434 5335 profecto
2454 5261 2544 5318 via
2563 5261 2632 5320 ad
2656 5261 2942 5320 interitum
2959 5279 3056 5337 per
3073 5263 3294 5337 iniquas
3309 5263 3332 5298 ⁵
3355 5277 3574 5335 semper
3588 5261 3793 5334 cogita-

2185 5350 2368 5410 tiones
2377 5352 2643 5427 aperitur.
2659 5351 2819 5422 Quod
2831 5352 3015 5412 adhuc
3025 5353 3346 5427 replicatur,
3365 5368 3492 5411 cum
3511 5350 3788 5410 subditur:

2187 5555 2458 5630 convertit.
2491 5555 2552 5611 In
2585 5552 2835 5630 Yindoc;
2854 5569 3072 5630 quoque
3097 5555 3301 5630 legitur
3326 5551 3609 5630 convertit.

2261 5627 2282 5662 ³
2308 5625 2567 5694 Vindoc.,
2588 5626 2786 5696 Laud.,
2803 5625 3026 5697 Prateli,
3040 5625 3177 5697 etc.;
3182 5629 3259 5683 sic
3269 5628 3410 5683 enim
3424 5645 3573 5683 mare
3593 5628 3786 5683 intrat.

2189 5697 2352 5755 Corb.
2384 5697 2592 5767 Germ.,
2621 5699 2669 5753 si
2695 5699 2854 5755 enim.

2261 5771 2282 5805 ἰ
2309 5768 2532 5842 Ebroic.
2567 5777 2622 5824 et
2648 5769 2768 5837 alii,
2801 5771 2932 5842 quid
2957 5770 3095 5828 enim
3119 5777 3213 5828 est.

2259 5843 2280 5876 ³
2312 5839 2480 5898 Abest
2507 5857 2708 5915 semper
2736 5858 2768 5899 a
2796 5839 2994 5900 Pratel.
3041 5851 3098 5900 et
3126 5842 3432 5900 nonnullis.
3465 5841 3610 5901 Sane
3638 5841 3788 5917 abji—
