3920 6368
134 352 240 410 493
786 410 787 413 η
858 352 1231 409 MORALIUM
1272 352 1405 408 LIB.
1450 353 1658 409 XXIX.
1700 382 1771 394 -—
1806 353 1876 409 IN
1915 352 2142 409 CAPUT
2184 355 2475 411 XXXVIII
2516 357 2575 411 Β.
2618 358 2760 412 JOB.
3356 356 3461 415 494

196 478 338 536 Ῑιιω.
371 507 450 520 —-
478 477 549 533 Et
571 475 709 533 ostia
728 475 994 532 latebrosa
1019 475 1200 532 vidisti
1216 478 1245 533 7
1776 478 1829 538 Α
1855 478 2126 536 occultam
2150 463 2427 550 justorum
2458 478 2705 537 laetitiam
2734 481 2885 539 solus
2905 483 2928 518 ⁸
2958 482 3117 554 plene
3143 482 3459 551 considero,

197 567 287 626 30.
367 566 664 625 Tenebrosa
715 582 942 639 namque
967 566 1106 624 ostia
1133 574 1258 624 sunt
1287 565 1506 624 latentia
1548 567 1737 624 mentis
1844 568 1977 641 quia
2016 570 2167 627 solus
2214 567 2641 627 misericorder"
2675 569 2874 627 formo.
2909 570 3014 627 Vel
3057 579 3207 630 certe
3253 571 3464 646 idcirco

129 655 690 715 malm—Tenebrosa
706 672 944 731 namque
972 657 1113 714 ostia
1139 665 1270 716 sunt
1292 656 1519 715 latentia
1538 657 1738 715 mentis
1846 657 2040 716 beatus
2085 657 2187 716 Job
2229 665 2422 716 utrum
2445 665 2608 716 terra
2638 658 2993 728 latitudinem
3027 660 3466 720 consideraverit

133 748 293 817 mala,
346 763 478 821 qua
504 755 560 804 et
587 746 782 804 haberi
811 747 1146 807 intrinsecus
1186 755 1440 822 possunt,
1475 756 1530 805 et
1557 756 1740 806 tamen
1850 748 2176 821 inquiritur,
2195 756 2258 805 ut
2276 749 2535 822 exemplo
2553 749 2753 807 alienas
2773 748 3090 806 latitudinis
3109 748 3461 810 bumilietur.

131 839 197 896 ab
224 838 405 894 altero
452 836 634 894 videri
671 853 785 894 non
814 846 1065 911 possunt.
1097 837 1230 907 Quae
1257 847 1439 896 tamen
1473 838 1744 896 Dominus
1851 839 1935 896 Ac
1962 840 2009 896 si
2039 840 2089 897 ei
2119 848 2306 913 aperte
2334 839 2647 897 diceretur:
2686 839 2797 897 Eos
2827 855 2964 912 quos
2998 843 3289 899 innumera
3316 844 3467 901 mala

131 930 326 998 cernit,
360 927 591 1003 quando
637 944 701 986 ea
743 929 961 988 occulto
990 938 1242 1003 respectu
1281 929 1453 1003 gratia
1481 929 1740 988 destruit.
1854 930 2144 1003 prmsentis
2196 931 2328 987 vitae
2383 936 2668 1004 nequeunt
2716 936 3012 1003 angustare
3050 932 3364 1002 considera,
3412 942 3469 991 et

131 1020 410 1092 Scriptum
443 1019 649 1094 quippe
676 1026 759 1076 est
793 1036 806 1076 ε
838 1021 954 1077 Rex
988 1020 1082 1093 qui
1109 1020 1248 1077 sedet
1288 1020 1345 1075 in
1373 1019 1505 1077 solio
1526 1017 1745 1090 judicii,
1855 1018 1924 1076 de
1952 1027 2102 1077 statu
2127 1019 2312 1079 cordis
2340 1020 2463 1077 tui9
2495 1020 2643 1078 inter
2662 1018 2898 1079 verbera
2920 1021 3147 1095 gloriari
3174 1038 3343 1081 cessa.
3376 1021 3467 1081 Sec

131 1109 355 1183 dissipat
402 1126 558 1165 omne
601 1110 806 1165 malum
840 1109 1040 1166 intuitu
1076 1126 1171 1166 suo
1217 1109 1404 1183 (Prov.
1436 1126 1536 1179 xx,
1566 1109 1648 1183 8).
1676 1110 1749 1167 Et
1859 1109 2051 1185 quitur
2081 1128 2096 1168 :

132 1202 258 1279 quia
285 1217 462 1307 omne
490 1201 696 1260 vitium
728 1209 1002 1307 angustat,
1033 1202 1218 1307 omnis
1245 1219 1378 1260 vero
1404 1202 1586 1307 virtus
1617 1202 1749 1259 ani-
2143 1226 2373 1287 CAPUT
2412 1226 2595 1287 xvm
2624 1226 2764 1303 [γει.
2800 1234 2851 1286 ει
2884 1231 3006 1289 nec,
3046 1229 3156 1307 Ιχ]

132 1315 281 1396 mum
309 1298 539 1396 dilatat,
561 1306 696 1396 post
723 1272 1174 1396 destructa__Vitia
1199 1309 1345 1358 ι’θοῐθ
1370 1299 1744 1396 ξιῴἱιιξιείιιξιε
1930 1318 2103 1377 Vens.
2793 1272 2849 1376 si
3273 1320 3333 1379 in
3359 1340 3468 1396 qua

131 1390 388 1493 me
417 1390 778 1493 ροηεεαετεσεί
823 1390 1159 1493 suam
1196 1393 1392 1493 terrtf?
1429 1366 1748 1493 ngam
1857 1366 2323 1477 mtiliti];
2351 1366 2763 1467 mags;
2779 1366 3468 1484 .".'..-.'.7;2..;':;;;":.;3a

324 1481 597 1585 animum
608 1480 918 1585 dilataret,
935 1497 1280 1585 nequaquam
1310 1483 1515 1585 gaulus
1543 1480 1753 1585 Corin—
1860 1502 2271 1573 unumquodque
2294 1502 2368 1557 ad
2396 1502 2646 1558 terminos
2674 1480 2818 1572 suos,
2848 1507 2897 1558 et
2940 1480 3207 1575 intelligas
3253 1503 3467 1560 semitas

133 1571 263 1629 thiis
309 1572 567 1631 diceret:
600 1572 919 1629 Dilatamini
945 1580 994 1630 et
1027 1591 1141 1645 vos,
1171 1581 1221 1630 et
1237 1574 1399 1632 nolite
1426 1572 1614 1646 iugum
1638 1572 1753 1629 du-
1861 1571 2053 1649 domus—
2075 1571 2207 1661 em}

132 1686 241 1726 eere
265 1685 386 1726 cum
403 1669 717 1743 inﬁdelibus
740 1670 830 1744 (II
847 1671 975 1729 Cor.
998 1687 1077 1742 vr,
1103 1667 1190 1740 13,
1216 1670 1330 1745 14).
1353 1668 1595 1728 Solerter
1614 1683 1748 1727 vero
1933 1682 2023 1741 32.
2054 1683 2162 1739 Per
2192 1683 2356 1739 lucem
2374 1679 2609 1752 justitia,
2644 1697 2745 1753 per
2771 1678 3008 1737 tenebras
3033 1680 3293 1754 iniquitas
3320 1682 3470 1740 de”;

135 1758 470 1818 intuendum
502 1768 587 1819 est
616 1759 766 1835 quod
794 1759 1005 1818 dicitur
1032 1782 1047 1818 :
1862 1778 2079 1845 gnatur.
2101 1771 2241 1840 Quia
2270 1770 2326 1826 in
2343 1767 2561 1839 iustitia
2582 1769 2978 1842 perseceraturi
3005 1768 3131 1839 sint,
3161 1776 3260 1826 aut
3274 1770 3330 1826 in
3354 1786 3469 1842 pec-

738 1877 967 1937 ρΑΡυΤ
995 1876 1173 1936 χνη,
1786 1854 1835 1917 Β
1866 1867 1983 1918 cato
2000 1859 2275 1926 morituri,
2295 1876 2391 1915 nos
2413 1859 2834 1916 lalet.—Beatus
2851 1857 2954 1916 Job
2984 1858 3139 1932 gravi
3168 1861 3469 1933 quaestione

200 1967 375 2028 Vsus.
411 1968 507 2026 18.
542 1997 614 2013 --
649 1966 1011 2026 Considerasti
1045 1967 1379 2025 latitudinem
1416 1969 1619 2025 terra?

203 2057 289 2116 3i.
324 2058 521 2117 Sancti
548 2060 675 2116 dum
701 2058 933 2115 exterius
961 2058 1223 2131 angustiis
1245 2065 1585 2131 premuntur,
1617 2057 1763 2115 intus

140 2151 812 2210 dilatantur.—Latitudo
844 2166 1082 2225 namque
1100 2149 1407 2207 ‘sbonorum
1432 2147 1762 2206 interiorum

142 2257 492 2316 nequaquam
517 2238 1025 2316 comprehenditur,
1043 2240 1154 2297 nisi
1174 2245 1333 2297 caute
1352 2238 1759 2305 consideretur,

139 2332 268 2389 Nam
300 2333 669 2406 plerumquee
685 2347 744 2388 os
764 2331 1009 2388 exterius
1028 2329 1257 2403 inopina
1276 2328 1566 2397 humiliat,
1584 2341 1764 2400 poenae

140 2422 415 2482 cruciatus
444 2427 735 2494 angustat;
769 2419 865 2478 sed
893 2429 1078 2477 tamen
1110 2420 1254 2476 inter
1273 2417 1393 2476 hmo
1413 2432 1631 2489 semper
1662 2416 1762 2471 in-

142 2513 303 2570 terior
337 2510 624 2569 fortitudo
658 2511 681 2546 ²
709 2526 767 2567 se
795 2526 969 2584 usque
998 2508 1067 2566 ad
1094 2507 1365 2582 speranda
1395 2506 1640 2565 cmlestia
1667 2503 1765 2562 di-

142 2604 288 2662 latat.
340 2604 647 2678 Angustati
695 2601 927 2675 apostoli
965 2602 1212 2659 exterius
1255 2600 1496 2669 fuerant,
1543 2596 1764 2673 quando

144 2693 349 2769 ﬂagella
378 2693 755 2761 sustinebant;
789 2691 885 2749 sed
904 2693 961 2748 in
983 2708 1181 2765 magna
1209 2692 1428 2748 stabant
1459 2690 1612 2747 intus
1644 2687 1764 2743 lati-

144 2785 330 2844 tudine
376 2785 570 2852 liberi,
630 2784 726 2858 qui
774 2783 919 2856 apud
961 2798 1017 2839 se
1064 2782 1183 2841 hmo
1218 2781 1407 2838 eadem
1453 2779 1673 2852 ﬂagella
1706 2777 1767 2833 in

153 2875 413 2948 gaudium
456 2879 761 2929 verterant.
817 2872 1095 2944 Scriptum
1150 2884 1387 2943 namque
1442 2876 1569 2925 est:
1613 2866 1770 2925 Ibant

155 2965 379 3037 apostoli
407 2963 696 3037 gaudentes
727 2979 763 3018 a
791 2967 1061 3033 conspectu
1089 2959 1320 3027 concilii,
1342 2957 1595 3030 quoniam
1621 2957 1770 3030 digni

147 3054 304 3111 habiti
333 3060 465 3110 sunt
490 3068 599 3124 pro
626 3050 837 3106 nomine
865 3050 988 3107 Iesu
1016 3048 1383 3106 contumeliam
1406 3048 1526 3121 pati
1549 3048 1691 3120 (Act.
1709 3063 1767 3116 v,

147 3145 254 3222 41).
287 3146 449 3203 Hanc
481 3142 834 3199 latitudinem
879 3141 1024 3199 inter
1055 3140 1335 3213 angustias
1372 3139 1575 3195 Paulus
1606 3138 1767 3195 inve-

1870 1949 2190 2020 discutitur,
2212 1956 2275 2007 ut
2301 1958 2356 2008 et
2383 1948 2451 2007 de
2470 1949 2564 2006 vis
2588 1949 2750 2018 lucis,
2772 1956 2829 2005 et
2855 1948 3209 2007 tenebrarum
3238 1948 3361 2007 loco
3388 1965 3470 2007 re-

1871 2042 2159 2115 quiratur;
2190 2047 2255 2097 ut
2281 2037 2720 2113 unumquodque
2739 2038 2808 2096 ad
2837 2054 2966 2097 suos
2985 2038 3255 2097 terminos
3281 2038 3469 2109 ducat,

1871 2147 1935 2190 ac
1955 2131 2179 2189 semitas
2198 2130 2398 2188 domus
2415 2128 2535 2202 ejus
2554 2129 2848 2203 intelligat.
2871 2128 3017 2199 Quid
3037 2128 3186 2187 enim
3214 2130 3354 2188 lucis
3373 2145 3472 2187 no-

1873 2224 2046 2294 mine,
2078 2222 2189 2280 nisi
2211 2220 2433 2295 justitia
2460 2221 2731 2295 accipitur
2750 2221 2780 2278 ?
2815 2227 2871 2278 et
2898 2220 3033 2294 quid
3074 2236 3172 2294 per
3197 2220 3474 2292 tenebras,

1873 2313 1983 2370 nisi
2003 2312 2268 2388 iniquitas
2286 2312 2606 2384 designatur
2621 2312 2651 2370 ‘l
2671 2309 2825 2369 Unde
2841 2309 3173 2385 quibusdam
3192 2311 3476 2370 conversis

1874 2419 1907 2459 a
1935 2411 2284 2476 peccatorum
2314 2401 2562 2475 nequitia
2590 2400 2834 2458 dicitur:
2866 2401 3059 2458 Eratis
3085 2400 3378 2473 aliquando
3408 2407 3476 2458 te-

1873 2493 2068 2560 nebrae,
2092 2508 2233 2548 nunc
2259 2497 2433 2548 autem
2464 2491 2562 2547 tua:
2587 2490 2647 2545 in
2664 2488 2892 2546 Domino
2914 2487 3196 2561 (Ephes.v,
3212 2488 3295 2561 8).
3316 2488 3391 2546 Et
3406 2487 3477 2547 de

1874 2581 2204 2657 quibusdam
2232 2582 2292 2639 in
2322 2586 2547 2654 peccato
2575 2577 2931 2637 manentibus
2959 2584 3336 2635 memoratur:
3373 2578 3479 2647 Qui

1876 2676 2169 2741 dormiunt,
2188 2679 2335 2730 nocte
2348 2672 2619 2729 domiunt
2634 2674 2663 2745 (
2668 2672 2702 2730 Ι
2723 2672 2896 2729 Thess.
2914 2687 2974 2740 v,
2992 2670 3071 2744 7).
3092 2669 3260 2727 Beato
3292 2669 3477 2743 itaque

1875 2766 1978 2824 Job
2006 2765 2214 2822 dicitur
2245 2783 2256 2821 :
2289 2763 2478 2822 Indica
2504 2758 2637 2819 mihi
2676 2762 2725 2818 si
2758 2760 2901 2817 nosti
2925 2760 3125 2830 omnia,
3159 2760 3220 2816 in
3254 2775 3362 2831 qua
3387 2760 3479 2815 via

1877 2856 2072 2913 habitet
2103 2856 2220 2923 lux,
2250 2859 2301 2909 et
2325 2852 2660 2908 tenebrarum
2685 2851 2806 2922 quis
2827 2851 2971 2906 locus
2996 2850 3114 2906 sit?
3143 2851 3224 2906 Ac
3249 2848 3297 2905 si
3325 2847 3479 2906 dica-

1877 2956 1971 3005 tur
1995 2947 2084 3003 ei:
2136 2945 2191 3002 Si
2235 2945 2457 3018 plenam
2492 2951 2547 3000 te
2583 2940 2785 2998 habere
2827 2940 3117 2999 scientiam
3160 2939 3478 3012 suspicaris,

1878 3038 1969 3097 dic
1989 3037 2077 3094 vel
2098 3038 2119 3075 ⁸
2151 3036 2210 3093 in
2238 3036 2398 3109 cujus
2426 3052 2522 3093 cor
2543 3048 2605 3090 ea
2626 3048 2747 3106 quae
2779 3042 2931 3089 nunc
2958 3031 3129 3099 deest,
3163 3030 3480 3087 innocentia

1877 3128 2083 3198 veniat,
2126 3127 2215 3183 vel
2245 3126 2304 3182 in
2333 3124 2492 3197 cujus
2520 3123 2684 3183 corde
2711 3137 2775 3179 ea
2802 3137 2926 3197 quas
2954 3134 3106 3178 nunc
3141 3126 3224 3176 est
3266 3118 3481 3175 malitia

150 3209 317 3307 uerat,
364 3237 465 3312 qui
521 3233 738 3292 dicebat
770 3252 781 3291 :
824 3233 970 3290 Scire
1009 3209 1186 3290 autem
1223 3248 1315 3286 vos
1356 3231 1497 3297 volo,
1538 3228 1757 3301 fratres,
1791 3223 1835 3285 C
1868 3223 2198 3312 perseveret.
2222 3216 2290 3312 In
2317 3233 2428 3312 qua
2452 3216 2545 3312 via
2567 3214 2915 3312 habitet—lux,
2940 3211 3101 3312 idest
3127 3209 3296 3311 cujus.
3316 3227 3483 3267 men-

150 3327 270 3398 quia
295 3344 417 3399 quas
445 3325 590 3382 circa
618 3341 700 3380 me
726 3328 850 3379 sunt
883 3322 1056 3395 magis
1082 3320 1154 3378 ad
1175 3319 1473 3395 profectum
1509 3324 1763 3376 venerunt

152 3417 438 3490 Evangilii,
469 3416 553 3473 ita
579 3420 640 3470 ut
666 3414 879 3470 vincula
904 3430 1019 3469 mea
1039 3411 1320 3482 manifesta
1340 3412 1525 3484 ﬁerent
1545 3410 1601 3465 in
1620 3426 1763 3466 omni

149 3508 396 3579 pratorio
421 3506 553 3579 (Ph.
577 3522 617 3574 ι,
638 3503 847 3577 12,13).
871 3503 1025 3560 Hanc
1045 3502 1398 3559 tatitudinem
1421 3498 1601 3557 David
1617 3500 1764 3555 inter

159 3593 988 3670 angustias3obtinebat,dicens:
998 3594 1063 3650 In
1077 3592 1418 3650 tribulatione
1432 3590 1674 3647 dilatasti
1688 3605 1767 3644 me

157 3686 418 3757 (Psal.1v,
442 3685 530 3761 2).
550 3684 705 3741 Tunc
724 3684 908 3757 itaque
927 3682 1045 3741 haec
1064 3689 1228 3751 terra,
1254 3681 1310 3738 id
1332 3690 1413 3738 est
1442 3687 1763 3738 sanctorum

160 3779 515 3846 conscientia,
548 3775 831 3843 dilatatur,
865 3790 991 3832 cum
1030 3771 1227 3829 mundi
1256 3769 1423 3843 hujus
1453 3769 1770 3826 adversita-

161 3867 320 3939 tibus;
351 3866 604 3926 exterius
634 3865 922 3940 premitur.
945 3864 1082 3923 Nam
1109 3879 1235 3921 cum
1263 3878 1294 3918 a
1320 3859 1607 3935 praesentis
1634 3859 1769 3915 vita:

163 3960 442 4018 securitate
485 3957 799 4031 repellitur,
850 3957 1001 4013 intus
1035 3953 1105 4011 ad
1134 3970 1191 4011 se
1220 3952 1573 4025 impingitur,
1611 3956 1674 4006 ut
1701 3947 1771 4004 ad

165 4054 419 4123 speranda
434 4067 681 4125 superna
706 4049 986 4107 tendatur.
1019 4046 1269 4121 Cumque
1283 4044 1502 4117 evagari
1520 4041 1768 4100 exterius

167 4157 271 4198 non
298 4142 664 4218 permittitur,
684 4140 839 4215 quasi
862 4139 919 4195 in
948 4138 1134 4195 sinum
1155 4152 1320 4193 suum
1348 4141 1608 4192 revocata
1636 4130 1773 4187 dila-

170 4239 322 4291 tatur.
352 4236 463 4293 Nos
495 4240 681 4290 autem
712 4248 833 4306 quae
857 4228 992 4287 boni
1011 4227 1121 4285 viri
1143 4227 1374 4285 adversa
1393 4226 1634 4285 tolerent
1660 4238 1775 4280 cer-

172 4321 364 4393 nimus,
395 4324 494 4382 sed
544 4324 695 4379 intus
735 4327 1004 4394 quantum
1037 4318 1311 4393 gaudeant
1330 4334 1461 4374 ~non
1490 4316 1770 4374 videmus.

173 4408 360 4470 Mentis
396 4429 594 4471 eorum
634 4409 990 4468 latitudinem
1029 4408 1195 4466 modo
1251 4408 1311 4465 in
1346 4404 1563 4475 verbis,
1608 4402 1775 4460 modo

177 4499 230 4556 in
257 4504 515 4576 operibus
545 4504 567 4539 ‘
589 4499 991 4561 considerando
1024 4499 1431 4573 cognoscimus,
1464 4496 1560 4554 sed
1586 4503 1776 4551 tamen

1871 3317 1983 3368 tem
2002 3308 2231 3365 veniens
2247 3305 2467 3378 justitia
2488 3304 2732 3376 impleat:
2756 3304 2833 3359 Et
2849 3303 3189 3358 tenebrarum
3202 3300 3323 3371 quis
3340 3301 3484 3356 locus

1873 3401 1964 3467 sit,
1994 3399 2050 3456 id
2080 3406 2182 3467 est,
2208 3398 2266 3455 in
2296 3412 2406 3471 quo
2435 3395 2702 3469 iniquitas
2731 3409 2874 3452 ctnca
2903 3390 3198 3465 perduret:
3228 3391 3294 3448 Ut
3321 3390 3486 3446 ducas

1874 3488 2282 3561 unumquodque
2307 3487 2383 3543 ad
2410 3487 2662 3542 terminos
2682 3499 2827 3551 suos,
2849 3482 2907 3539 id
2925 3489 3030 3549 est,
3051 3487 3115 3538 ut
3141 3477 3415 3553 dijudices
3437 3480 3483 3535 si

1875 3581 1964 3637 vel
1988 3581 2035 3637 is
2063 3578 2160 3652 qui
2188 3594 2338 3635 nunc
2366 3576 2595 3650 iniquus
2622 3574 2895 3643 cernitur,
2912 3572 2971 3628 in
2992 3570 3292 3644 iniquitate
3307 3569 3484 3625 vitam

1876 3670 2055 3738 ﬁniat;
2088 3670 2177 3726 vel
2209 3670 2257 3726 is
2289 3667 2385 3742 qui
2408 3666 2594 3739 justus
2630 3664 2878 3722 cernitur
2913 3660 3324 3719 extremitatem
3354 3658 3487 3742 vita;

1879 3779 1991 3820 sua
2007 3776 2136 3820 cum
2161 3740 2394 3834 justitiae
2414 3754 2751 3831 perfectione
2775 3750 3108 3811 concludat:
3129 3749 3206 3805 Et
3222 3740 3488 3820 intelligas

1880 3853 2092 3911 semitas
2111 3853 2296 3909 domus
2316 3849 2449 3920 ejus,
2467 3847 2524 3905 id
2541 3844 2963 3917 est,consideres
2991 3848 3157 3916 atque
3183 3838 3486 3907 discernes,

1879 3944 1970 4001 vel
1998 3943 2091 4000 cui
2119 3941 2267 3998 bona
2293 3939 2438 3997 actio
2463 3949 2821 4011 perseverans
2850 3939 3114 3988 aeternam
3144 3926 3487 3984 mansionem

1883 4039 2105 4108 praestet
2125 4031 2182 4087 in
2204 4045 2393 4103 regno,
2412 4027 2503 4085 vel
2522 4041 2687 4100 quem
2707 4037 2882 4096 usque
2902 4021 2971 4078 ad
2991 4017 3298 4077 terminum
3327 4030 3489 4071 suum

1882 4104 2030 4183 actio
2058 4138 2229 4195 prava
2242 4117 2627 4191 constringens
2654 4115 2714 4171 in
2739 4120 3006 4170 aeternum
3030 4108 3258 4166 damnet
3283 4104 3493 4179 suppli-

1883 4214 2056 4272 cium.
2084 4209 2303 4268 Domus
2333 4207 2535 4283 quippe
2574 4220 2675 4279 pro
2702 4202 2989 4260 mansione
3015 4199 3265 4273 ponitur,
3296 4196 3495 4255 semita

1885 4320 1986 4380 pro
2004 4302 2242 4361 actione.
2260 4298 2474 4356 Semita
2485 4295 2660 4370 igitur
2673 4292 2743 4350 ad
2761 4292 2991 4350 domum
3007 4289 3185 4359 ducit,
3204 4287 3336 4361 quia
3348 4286 3495 4380 actio

1886 4374 1957 4453 ad
1986 4392 2332 4451 mansionem
2353 4385 2646 4462 pertrahit.
2664 4382 2773 4443 Sed
2784 4382 2915 4458 quis
2940 4379 3242 4438 hominum
3262 4376 3368 4435 ista
3387 4374 3495 4432 dis-

1886 4501 2081 4545 cussns
2100 4482 2249 4541 dicat
2263 4481 2293 4538 ?
2312 4479 2437 4554 quis
2467 4477 2575 4535 ista
2601 4475 2798 4533 saltem
2824 4469 3234 4545 imperterritus
3260 4465 3451 4523 audiat
3468 4464 3498 4521 ?

179 4557 370 4666 quatita
397 4597 455 4655 in
475 4597 559 4653 eis
581 4557 889 4668 amplitudo
909 4591 981 4649 sit
997 4557 1243 4663 ejusdem
1271 4557 1589 4646 latitudinis
1608 4586 1778 4659 igno-
1811 4594 1862 4654 ι)
1887 4576 2094 4668 Multos
2120 4572 2271 4630 enim
2290 4571 2546 4668 videmus
2572 4563 2847 4668 quotidie,
2871 4562 2967 4636 qui
2991 4557 3498 4668 just—itit‘euluc:

181 4698 371 4743 ramus.
422 4684 633 4745 Audiat
671 4700 799 4758 ergo
843 4687 982 4746 931
1043 4680 1287 4737 humana
1316 4676 1606 4751 sapientia,
1636 4681 1692 4731 et
1719 4690 1776 4731 se

185 4777 521 4854 insipientem
552 4786 574 4821 ⁸
605 4782 784 4841 discat
815 4800 827 4839 :
860 4779 1119 4853 Nunquid
1147 4776 1495 4835 considerasti
1525 4773 1780 4832 latitudi-

186 4885 293 4927 nem
316 4877 497 4935 terrae?
525 4876 609 4935 Ac
625 4874 673 4933 si
690 4872 865 4933 dicat:
890 4879 952 4930 ut
982 4888 1101 4946 ego,
1134 4870 1231 4945 qui
1252 4868 1483 4944 ﬂagellis
1511 4865 1776 4933 cinctam,

192 5073 433 5137 ciendum
478 5081 782 5150 videretur,
832 5079 941 5136 nisi
995 5076 1063 5134 de
1099 5073 1233 5150 solis
1275 5070 1613 5150 adult_i_s_h_ic
1641 5075 1782 5125 esset

195 5162 382 5228 sermo;
427 5162 640 5228 constat
657 5141 816 5228 enim
852 5151 1092 5206 infantes
1122 5148 1178 5203 in
1207 5144 1468 5228 originali
1499 5141 1619 5197 labe
1650 5156 1781 5195 mo-

195 5217 383 5278 rientes
410 5225 478 5281 ad
508 5225 793 5296 interitum
815 5237 1037 5296 pergere
1057 5235 1154 5294 per
1182 5217 1346 5275 aliam
1377 5230 1543 5289 quam
1573 5228 1784 5285 prava-

196 5298 727 5367 ruchogitationum
759 5294 1008 5367 jahuam.

236 5363 283 5443 "
310 5355 550 5437 EbFoic.,
582 5355 785 5441 aliique
811 5368 1024 5443 Norm_.,
1046 5371 1103 5443 et
1121 5363 1319 5443 Laud”
1337 5360 1610 5443 bonarum
1635 5355 1781 5411 inte-

198 5431 393 5510 ﬂorum
420 5446 512 5506 est,
531 5428 579 5496 et
603 5428 956 5521 nequaquam.
971 5428 1114 5509 Ipsis
1131 5428 1377 5492 concinit
1388 5429 1552 5489 Corb.
1571 5428 1782 5495 Germ.,

202 5516 254 5554 In
281 5521 384 5554 mm
411 5520 666 5554 nrmtnrnn
701 5514 900 5554 Iomtnr
923 5516 1062 5554 ante-
1096 5523 1196 5554 nm
1225 5511 1391 5554 mute-

222 5514 1079 5655 ῗείίῧξεξῖῗξθῖιῗδαξὲὖῗυᾶβαῶιῗ,
1092 5511 1554 5655 Εῐᾟῖξεύῐὶοκ
1590 5579 1646 5628 et
1670 5569 1785 5655 ‘al.,

203 5644 374 5732 ξίοριιᾳ
412 5652 632 5732 legitur,
685 5653 1013 5732 [ortitudau
1045 5642 1280 5732 dilatat;
1325 5642 1788 5732 quemadmodum

197 5723 448 5801 εαρεραε,
467 5723 963 5801 ’ἰηορίαςὴωῃίιὶαῂ
991 5723 1258 5801 cruciatus
1276 5724 1548 5801 angustat.

280 5786 524 5871 ,Τμτόῃ
567 5786 624 5856 et
663 5796 861 5871 Laud.,
917 5786 1159 5871 optabat._
1191 5786 1543 5871 Sedmelius
1584 5786 1793 5869 legitur

194 5856 432 5923 obtinebat
459 5856 533 5928 in
554 5870 718 5930 Corb.
744 5856 965 5937 Germ.,.
983 5865 1208 5934 Pratel.,
1241 5864 1384 5922 Utic.
1414 5869 1470 5919 et
1491 5856 1789 5934 plerisque.

1885 4663 2200 4739 splendent,
2226 4667 2281 4717 et
2306 4666 2495 4717 tamen
2524 4654 2595 4712 ad
2623 4654 2792 4711 ﬁnem
2821 4665 2985 4709 suum
3014 4646 3280 4720 nequitiae
3306 4644 3499 4702 obscu-

1889 4756 2053 4813 ritate
2084 4751 2474 4815 tenebrantur;
2507 4752 2564 4802 et
2600 4746 2810 4801 multos
2835 4739 3123 4799 cernimus
3151 4742 3499 4810 peccatorum

1889 4846 2137 4906 tenebris
2168 4842 2484 4912 obvolutos,
2514 4845 2570 4897 et
2596 4846 2782 4896 tamen
2805 4834 2970 4909 juxta
2995 4832 3127 4890 vita:
3155 4843 3269 4888 sua
3297 4826 3502 4886 termi-

1962 5058 1986 5094 ⁷ο
2018 5051 2241 5121 Pratel.,
2277 5044 2719 5121 considerandum
2738 5041 3113 5121 cognoscimus.

1963 5133 1985 5166 ⁸
2016 5104 2592 5190 “Humanam.
2627 5104 3075 5190 Germ:,_Laud_.,
3108 5104 3336 5190 I’ratel.,
3366 5109 3499 5173 etc.,

1894 5181 2111 5260 necnon
2140 5181 2253 5253 vet.
2284 5181 2394 5250 Ed:
2425 5193 2488 5248 In
2518 5195 2724 5246 recent.
2762 5185 2963 5257 legitur
2989 5181 3150 5238 dicat.

1969 5275 1991 5310 θ
2021 5273 2249 5329 Recent.
2290 5262 2523 5330 Excusi,
2554 5263 2736 5332 plane.

1965 5348 1985 5382 ⁷
2018 5320 2334 5400 ETd-emi
2382 5320 2638 5405 Vulgatis
2691 5330 2867 5405 ﬁrmo,
2920 5320 3321 5405 reluctantibus
3368 5320 3502 5405 biss.

1895 5391 2421 5482 Turon.,-Vindoc.,
2464 5391 2663 5472 Laud,
2691 5391 2872 5460 "Corb.
2915 5398 3101 5457 Germ.
3136 5405 3192 5455 et
3219 5391 3509 5452 veteribus

1894 5491 2197 5624 Ex'cglsdisti,
2220 5554 2360 5610 inter
2373 5549 2550 5607 verba.
2574 5546 2678 5606 Sed
2709 5543 2994 5624 sermonis
3010 5536 3405 5624 series_prob3t
3432 5537 3507 5624 le-

1972 5562 1993 5595 ⁸
2022 5556 2197 5624 Editi,
2220 5554 2360 5610 inter
2373 5554 2550 5607 verba.
2574 5554 2678 5606 Sed
2709 5554 2981 5602 sermonis
3010 5554 3405 5671 serieshpmnat
3433 5554 3501 5593 re-

1935 5631 2139 5690 endum
2167 5630 2306 5684 inter
2324 5624 2563 5689 verbera,
2583 5627 2647 5677 ut
2675 5618 2841 5677 etiam
2870 5616 3072 5690 legitur
3093 5613 3152 5670 in
3235 5627 3310 5668 ss.
3329 5608 3501 5667 Corb.

1950 5721 2114 5772 erm.,
2145 5696 2635 5772 Anglic.,_No_rm._,
2680 5698 2785 5748 etc.
2840 5760 2852 5772 ⁸
2995 5758 3006 5769 .
3213 5755 3229 5772 ἱ
3306 5730 3459 5772 "AL,

1976 5751 2556 5831 {Ii-ditiugu—m'ljorb.
2589 5751 2801 5832 Germ.,
2832 5760 2889 5815 in
2918 5758 3076 5832 cujus
3100 5755 3276 5832 corde.
3305 5751 3507 5811 Melius

1901 5826 2314 5913 tissimi—loc,
2342 5838 2566 5898 Ebroic.
2586 5826 2797 5910 aliique
2821 5826 3035 5900 Νοιίῑὶ.³
3057 5831 3116 5886 in
3143 5826 3295 5895 cujus
3324 5838 3433 5877 cor.
