3920 6372
481 346 590 404 495

1701 347 1951 406 SANCTI
1989 348 2328 408 GREGORII
2365 351 2593 409 MAGNI

3257 301 3292 323 κ

3704 353 3820 415 496

483 486 616 529 num
637 469 890 541 repente‘
912 466 1070 526 reddi
1086 467 1197 527 luci
1217 469 1452 542 justitiaa
1469 471 1906 531 liberos.Multos
1917 475 2084 530 etiam
2111 477 2164 537 Α
2196 492 2296 534 cur
2321 475 2514 534 beatus
2541 476 2643 534 Job
2672 475 2740 534 de
2771 484 2886 534 tam
2920 475 3106 534 valida
3137 477 3444 552 quastione
3471 479 3817 554 requiritur,

479 559 741 618 novimus
759 557 926 615 semel
956 559 1240 617 inventam
1257 561 1404 620 viam
1429 561 1664 635 justitize
1683 563 1894 621 illibate
1910 579 2088 638 usque

477 649 546 706 ad
575 655 814 707 mortem
844 649 1110 720 tenuisse,
1137 657 1194 708 et
1229 652 1519 728 plerosque
1547 655 1942 726 conspeximus
1983 671 2088 712 us-

477 754 583 814 que
611 737 682 796 ad
709 739 926 797 exitum
955 748 1132 813 capta
1164 745 1333 801 semel
1362 743 1600 802 crimina
1627 745 1746 801 sine
1781 744 2086 802 cessatione

475 832 808 890 cumulasse.

548 925 636 984 33.
655 925 991 984 Judiciorum
1005 929 1106 986 Dei
1123 927 1333 996 nubila,
1355 928 1544 984 mentis
1562 934 1760 984 nostra:
1781 927 1956 984 radiis
1985 927 2081 984 im-

469 1015 894 1088 pervia.-Quis
914 1035 1047 1075 vero
1075 1019 1221 1075 inter
1241 1018 1347 1074 ista
1364 1019 1711 1075 occultorum
1739 1016 2083 1090 judiciorum

475 1103 668 1162 nubila
695 1106 898 1163 mentis
926 1123 1038 1164 suae
1061 1108 1280 1166 radium
1310 1107 1516 1178 mittat,
1539 1116 1600 1165 ut
1628 1108 1816 1182 aliqua
1831 1107 2083 1166 conside-

473 1194 688 1251 ratione
707 1193 1005 1266 discernat,
1027 1197 1117 1253 vel
1138 1197 1264 1272 quis
1286 1197 1546 1270 perduret
1575 1198 1634 1254 in
1656 1197 1824 1266 malo,
1846 1197 1933 1254 vel
1957 1197 2084 1270 quis

472 1300 784 1366 perseveret
825 1293 883 1350 in
913 1293 1083 1364 bono,
1114 1296 1203 1352 vel
1235 1296 1362 1368 quis
1404 1297 1476 1353 ab
1523 1296 1732 1353 inﬁmis
1761 1293 1906 1351 932
1937 1311 2082 1352 con-

474 1389 722 1439 vertatur
749 1381 817 1438 ad
847 1399 1087 1453 summa,
1120 1384 1211 1440 vel
1241 1385 1368 1458 quis
1394 1403 1427 1443 a
1455 1386 1691 1443 summis
1721 1386 1742 1420 ²
1773 1393 2084 1442 revertatur

469 1470 536 1528 ad
570 1470 763 1528 inﬁma
783 1472 811 1528 7
837 1473 1039 1530 Latent
1067 1472 1185 1531 haec
1215 1489 1409 1531 sensus
1438 1474 1758 1546 hominum,
1782 1494 1884 1533 nec
1904 1476 2082 1550 quid-

471 1575 634 1634 quam
654 1560 722 1617 de
749 1559 1046 1634 cujuslibet
1075 1561 1185 1619 ﬁne
1214 1564 1586 1636 cognoscitur,
1608 1566 1742 1639 quia
1755 1565 2078 1622 divinorum

463 1651 808 1725 judiciorum
824 1652 1057 1726 abyssus
1075 1653 1332 1712 humana:
1353 1656 1556 1713 mentis
1575 1657 1738 1714 oculo
1763 1657 2079 1714 nullatenus

469 1749 808 1815 penetratur.
837 1742 1108 1802 Videmus
1134 1760 1376 1819 namque
1407 1745 1558 1819 quod
1587 1747 1685 1803 illa
1709 1746 1942 1803 adversa
1962 1748 2078 1804 Deo

470 1831 753 1904 gentilitas
773 1830 1006 1904 justitize
1031 1835 1153 1892 luce
1183 1835 1404 1908 perfusa
1431 1844 1536 1906 est,
1567 1842 1623 1892 et
1648 1836 1836 1893 Judaea
1863 1835 2076 1893 dudum
2109 1847 2156 1910 Β

469 1920 670 1979 dilecta
691 1921 934 1996 perﬁdiae
953 1931 1036 1981 est
1062 1933 1224 1982 nocte
1243 1933 1465 1984 caecata.
1486 1925 1706 1984 Scimus
1727 1926 1895 1983 etiam
1926 1927 2076 2001 quod

467 2011 608 2068 latro
636 2012 704 2070 de
742 2013 994 2086 patibulo
1021 2016 1284 2073 transivit
1325 2015 1396 2072 ad
1441 2031 1674 2088 regnum
1719 2017 1872 2089 (Luc.
1904 2033 2074 2088 χχιιι,

465 2099 586 2174 43),
617 2100 789 2160 ludas
813 2102 879 2160 de
907 2105 1261 2178 apostolatus.
1276 2104 1452 2176 gloria
1478 2111 1564 2161 est
1591 2105 1778 2177 lapsus
1805 2105 2077 2163 in‘tarta-

464 2207 587 2248 rum
624 2193 839 2266 (Matth.
871 2209 1054 2264 xxvu,
1085 2194 1169 2268 ὅ).
1217 2195 1570 2267 Rursumque
1599 2193 1733 2267 quia
1774 2195 2074 2268 aliquando

462 2291 638 2340 sortes
653 2299 775 2356 quae
804 2285 1075 2357 cmperint
1103 2299 1218 2341 non
1246 2291 1558 2353 mutantur,
1579 2291 1634 2340 et
1661 2285 1932 2342 latronem
1962 2303 2075 2344 no-

463 2372 649 2430 vimus
675 2373 850 2430 alium
883 2373 1200 2446 pervenisse
1227 2371 1298 2430 ad
1325 2373 1686 2446 supplicium,
1715 2381 1769 2430 et
1796 2375 2073 2448 apostolos

461 2463 670 2524 scimus
711 2462 1018 2536 percepisse
1059 2463 1406 2537 propositum
1441 2463 1590 2537 quod
1625 2463 2072 2524 desideraverant

459 2570 714 2628 regnum.
747 2553 884 2622 Quis
911 2569 1044 2626 ergo
1072 2553 1336 2612 discutiat
1363 2553 1420 2610 in
1451 2569 1559 2628 qua
1577 2555 1669 2610 via
1701 2555 1916 2612 habitet
1947 2556 2066 2626 lux,

459 2650 515 2698 et
542 2641 896 2701 tenebrarum
917 2641 1043 2715 quis
1063 2642 1218 2699 locus
1245 2641 1339 2712 sit,
1357 2651 1420 2700 ut
1439 2643 1605 2702 ducat
1633 2645 2068 2719 unumquodque

461 2731 530 2788 ad
555 2732 826 2789 terminos
852 2748 1003 2801 suos,
1028 2739 1084 2790 et
1112 2731 1388 2805 intelligat
1419 2732 1642 2790 semitas
1669 2732 1869 2790 domus
1898 2733 2017 2806 ejus
2039 2734 2068 2792 ?

459 2819 640 2881 Video
669 2821 900 2878 Paulum
930 2837 1000 2878 ex
1031 2822 1129 2878 illa
1159 2821 1557 2894 persecutionis
1585 2824 1798 2880 saavitia
1827 2824 1895 2880 ad
1933 2841 2068 2898 gra-

460 2911 593 2968 tiam
619 2911 956 2984 apostolatus
984 2920 1239 2968 vocatum
1264 2911 1407 2984 (Act.
1432 2927 1512 2980 ιιι,
1536 2913 1586 2981 1,
1612 2913 1770 2985 seq.),
1797 2921 1852 2969 et
1881 2921 2065 2970 tamen

455 3000 539 3057 sic
570 3001 716 3056 inter
736 2999 953 3072 judicia
979 3001 1198 3058 occulta
1226 2999 1512 3070 formidat,
1561 3009 1626 3058 ut
1670 3001 1955 3074 reprobari
1984 3018 2064 3071 se,

455 3092 621 3148 etiam
652 3099 944 3166 postquam
960 3099 1193 3148 vocatus
1220 3098 1323 3159 est,
1353 3090 1566 3146 timeat.
1599 3090 1696 3147 Ait
1729 3091 1914 3150 enim:
1955 3091 2064 3149 Ca—

451 3182 584 3254 stigo
611 3197 804 3253 corpus
829 3197 1024 3246 meum,
1046 3183 1068 3216 ³
1098 3187 1147 3236 et
1181 3181 1240 3236 in
1267 3181 1572 3236 servitutem
1600 3181 1800 3254 redigo,
1829 3199 1894 3238 ne
1924 3181 2064 3252 forte
2091 3214 2136 3275 Ο

449 3271 578 3326 aliis
599 3271 924 3342 prendimus,
952 3271 1064 3342 ipse
1089 3270 1347 3341 reprobus
1374 3271 1572 3344 eﬁiciar
1602 3270 1660 3344 (Ι
1681 3271 1906 3341 Cor.1x,
1939 3271 2054 3344 27).

451 3359 526 3414 Et
563 3375 822 3416 rursum:
857 3362 970 3431 Ego
1001 3376 1084 3415 me
1134 3376 1245 3414 non
1295 3360 1536 3416 arbitror
1577 3363 2060 3435 comprehendisse;

451 3463 618 3505 unum
645 3455 842 3518 autem,
874 3450 896 3485 ⁸
924 3465 1042 3520 quis
1073 3449 1285 3521 quidem
1312 3456 1456 3506 retro
1486 3457 1611 3508 sunt
1651 3452 1869 3522 oblitus,
1898 3454 1970 3510 ad
1997 3472 2059 3511 ea

452 3553 570 3610 qua:
609 3545 732 3594 sunt
769 3539 966 3610 priora
993 3541 1272 3597 extendens
1316 3542 1594 3615 meipsum,
1639 3543 1714 3599 ad
1739 3543 2058 3600 destinatum

449 3645 661 3700 sequor,
691 3628 762 3684 ad
782 3629 1025 3701 palmam
1043 3645 1286 3702 superna
1312 3631 1604 3688 vocationis
1619 3630 1742 3700 Dei,
1762 3631 1820 3686 in
1843 3632 2054 3690 Christo

449 3718 592 3774 Jesu.
620 3717 822 3789 Sequor
848 3723 1024 3774 autem
1051 3718 1099 3774 si
1126 3720 1580 3793 comprehendam,
1612 3721 1671 3777 in
1700 3738 1804 3794 quo
1829 3729 1880 3778 et
1905 3741 2055 3780 com-

442 3807 734 3880 prehensus
752 3822 869 3862 sum
887 3807 1113 3880 (Philip.
1135 3825 1221 3878 ιιι,
1247 3809 1458 3883 12-14).
1477 3809 1553 3866 Et
1575 3819 1721 3869 certe
1737 3809 1853 3884 jam
1868 3812 1935 3870 de
1953 3813 2054 3871 illo

448 3912 581 3953 voce
609 3895 891 3954 dominica
921 3895 1132 3955 dictum
1163 3897 1376 3956 fuerat:
1419 3899 1521 3960 Vas
1539 3899 1802 3956 electionis
1828 3901 1962 3959 mihi
1979 3909 2056 3960 est

448 3987 590 4056 (Act.
615 4003 698 4056 ix,
722 3987 788 4043 15
793 3987 836 4057 );
868 3995 924 4044 et
951 3995 1138 4046 tamen
1164 3988 1348 4046 adhuc
1377 3989 1646 4064 castigans
1662 4007 1860 4066 corpus
1887 4009 2050 4052 suum

445 4078 644 4134 metuit
672 4092 742 4133 ne
769 4078 1115 4150 reprobetur.

515 4167 604 4222 34.
630 4168 783 4240 Spem
796 4175 1037 4224 nostram
1046 4168 1229 4240 potius
1256 4169 1531 4226 comitetur
1547 4172 1708 4228 timor
1724 4190 1887 4244 quam
1909 4189 2048 4228 secu-

443 4257 602 4313 ritas.
635 4257 719 4316 Va:
748 4258 1008 4315 laudabili
1036 4259 1197 4314 etiam
1225 4258 1367 4325 vita,
1388 4260 1437 4316 si
1457 4267 1663 4317 remota
1683 4262 1878 4332 pietate
1897 4259 2048 4331 judi-

443 4349 782 4409 cetur.-Vae
795 4351 1015 4408 miseris
1034 4350 1217 4420 nobis,
1234 4353 1330 4426 qui
1345 4352 1414 4410 de
1433 4353 1704 4411 electione
1720 4362 1910 4411 nostra
1923 4353 2046 4410 nul-

445 4441 554 4498 lam
592 4439 777 4500 adhuc
817 4443 916 4500 Dei
948 4458 1141 4501 vocem
1176 4445 1564 4517 cognovimus,
1603 4451 1663 4500 et
1695 4443 1811 4516 jam
1842 4444 1902 4500 in
1931 4445 2046 4502 otio

441 4532 599 4606 quasi
626 4531 695 4593 de
722 4532 1016 4590 securitate
1043 4541 1346 4606 torpemus.
1378 4533 1553 4590 Debet
1584 4533 1854 4606 profecto,
1884 4533 2047 4592 debet

439 4623 501 4678 in
529 4638 623 4696 spe
651 4637 768 4680 esse
795 4639 909 4680 non
936 4623 1116 4681 solum
1147 4623 1440 4692 securitas,
1467 4621 1566 4680 sed
1593 4624 1762 4680 etiam
1793 4623 1963 4682 timor
1985 4628 2045 4683 iu

437 4713 883 4782 conversatione,
928 4721 992 4771 ut
1033 4721 1089 4770 et
1129 4713 1228 4770 illa
1265 4720 1542 4770 certantes
1586 4713 1790 4784 foveat,
1835 4723 1890 4772 et
1945 4718 2046 4775 iste

441 4809 720 4877 torpentes
739 4811 966 4878 pungat.
986 4803 1143 4861 Unde
1171 4811 1319 4860 recte
1339 4818 1437 4875 per
1457 4801 1780 4874 prophetam
1802 4804 2010 4864 dicitur
2027 4825 2040 4864 ε

442 4895 546 4962 Qui
566 4896 745 4951 timent
770 4895 1078 4962 Dominum,
1108 4899 1317 4964 sperent
1342 4892 1402 4946 in
1429 4891 1658 4947 Domino
1689 4894 1862 4965 (Psal.
1884 4911 2040 4967 cxm,

441 4984 556 5059 14).
593 4985 676 5042 Ac
699 4984 747 5043 si
775 4991 960 5058 aperte
989 4982 1233 5040 diceret:
1268 4981 1349 5037 De
1378 4996 1475 5053 spe
1517 4979 1796 5040 incassum
1826 5001 2045 5058 praesu-

438 5075 562 5148 mit,
593 5075 691 5151 qui
719 5075 914 5135 timere
940 5074 1118 5131 Deum
1149 5071 1209 5128 in
1251 5070 1368 5128 suis
1395 5069 1654 5146 operibus
1694 5075 1902 5134 renuit.
1934 5076 2043 5135 Sed

512 5277 527 5314 ι
559 5275 726 5336 Corb.
758 5277 970 5346 Germ.,
1015 5271 1265 5346 Ebrpicu
1302 5274 1434 5341 etc.,
1475 5271 1629 5329 reddi
1659 5275 1768 5332 luce
1783 5273 2032 5346 justitia.

435 5345 518 5407 Ita
546 5355 659 5406 vet.
689 5347 796 5405 Ed.
829 5345 1002 5403 Paris.
1035 5352 1090 5401 et
1122 5343 1288 5401 Basil.

505 5421 530 5458 ³
557 5419 784 5488 Pratel.,
810 5415 1060 5474 Laudun.
1093 5424 1148 5474 et
1173 5415 1288 5483 AL,
1318 5415 1700 5488 reverberatur.

506 5494 528 5528 ³
558 5487 784 5568 Pratel.,
806 5495 864 5568 et_
877 5489 1117 5568 servituti
1133 5488 1330 5558 redigo.
1353 5487 1524 5545 Laud.
1545 5497 1600 5546 et
1630 5489 1796 5548 Corb.
1816 5489 2028 5560 Germ.,

434 5569 482 5619 et
510 5560 754 5618 servituti
779 5560 1022 5630 subjicio.

507 5635 531 5669 ‘
555 5633 790 5715 Turon.,
803 5632 1102 5715 quod‘retro
1121 5631 1332 5689 oblitus.
1351 5632 1512 5692 Corb.
1529 5633 1742 5701 Germ.,
1755 5649 1920 5688 unum
1933 5649 2029 5688 au-

438 5711 536 5760 tem
566 5720 685 5775 quae
709 5703 854 5761 retro
882 5703 1092 5761 oblitus.

448 5845 482 5858 Α
507 5776 530 5810 ⁸
559 5775 1042 5858 Vindoc.,_Pratel.
1064 5783 1120 5858 et
1147 5775 1218 5858 al.
1242 5775 1812 5858 Normandoicamihi
1830 5775 1878 5858 si
1904 5792 2025 5832 nos-

442 5845 685 5916 tiomnia,
715 5857 778 5908 ut
806 5845 1023 5924 legitur
1065 5848 1125 5906 in
1155 5847 1414 5922 Vulgata.
1457 5847 1812 5907 Retinuimus
1839 5854 2025 5906 tamen

2197 581 2318 639 quae
2349 567 2581 623 omnino
2609 566 2678 623 ab
2721 565 3045 624 hominibus
3083 566 3391 640 ignoratur,
3424 575 3489 624 ut
3525 566 3816 641 justorum

2196 655 2628 731 iniquorumque
2650 657 2952 714 terminum
2975 655 3429 730 comprehendat,
3451 657 3562 714 nisi
3593 666 3661 715 ut
3679 659 3817 716 alio-

2195 761 2318 802 rum
2340 745 2506 802 ﬁnem
2529 761 2860 818 cognoscere
2879 762 2991 802 non
3013 746 3225 814 valens,
3242 745 3313 802 ad
3343 762 3507 803 suum
3537 757 3813 818 recurrat,

2194 834 2324 908 quia
2352 834 2499 892 sicut
2525 835 2787 905 aliorum,
2817 835 2899 892 sic
2931 836 3100 891 etiam
3130 850 3294 892 suum
3325 835 3557 906 nesciat,
3589 843 3648 894 et
3675 853 3816 894 nes-

2193 922 2374 980 sciens
2397 924 2618 994 timeat,
2639 924 2842 980 timens
2874 923 3224 989 humilietur,
3244 921 3578 980 humiliatus
3601 923 3723 997 jam
3743 925 3813 984 de

2193 1013 2452 1086 operibus
2481 1015 2598 1071 suis
2626 1015 2822 1071 extolli
2869 1031 2984 1072 non
3015 1014 3230 1084 debeat,
3275 1023 3329 1072 et
3374 1031 3490 1074 non
3531 1016 3720 1073 elatus
3753 1017 3811 1074 in

2193 1103 2380 1176 gratiae
2400 1120 2524 1162 arce
2550 1104 2809 1178 persistat
2826 1105 2854 1160 ?
2873 1105 3104 1163 Dicatur
3123 1120 3252 1178 ergo
3273 1105 3325 1161 ei
3345 1123 3356 1161 :
3375 1107 3397 1142 ⁵
3431 1105 3624 1162 Indica
3653 1107 3810 1176 mihi,

2191 1195 2240 1250 si
2265 1195 2420 1252 habes
2446 1196 2870 1268 intelligentiam,
2901 1195 2958 1250 in
2985 1213 3096 1268 qua
3136 1196 3226 1252 via
3255 1196 3408 1252 habet
3447 1197 3566 1266 luas,
3598 1203 3651 1253 et
3677 1203 3810 1254 tene-

2192 1285 2416 1342 brarum
2442 1287 2562 1358 quis
2589 1288 2732 1342 locus
2762 1287 2865 1352 sit;
2893 1292 2952 1341 ut
2979 1287 3142 1343 ducas
3171 1287 3582 1358 unumquodque
3601 1288 3678 1343 ad
3708 1294 3808 1344 ter-

2190 1372 2361 1429 minos
2389 1391 2536 1431 suos.
2563 1376 2644 1434 Ac
2672 1376 2718 1432 si
2741 1374 3018 1432 diceretur
3043 1393 3055 1432 :
3088 1375 3244 1433 Sicut
3269 1375 3366 1449 qui
3396 1375 3465 1432 de
3491 1375 3658 1434 malis
3673 1393 3808 1434 con-

2190 1470 2478 1520 vertantur
2497 1463 2565 1522 ad
2592 1465 2761 1535 bona,
2782 1466 2870 1522 vel
2901 1465 2997 1540 qui
3017 1465 3084 1522 de
3104 1465 3267 1522 bonis
3287 1464 3358 1522 ad
3387 1465 3532 1522 mala
3551 1465 3806 1537 redeant,

2189 1554 2387 1624 nescis,
2410 1555 2488 1611 ita
2507 1555 2671 1612 etiam
2695 1572 2796 1612 nec
2819 1555 2886 1612 de
2910 1563 2966 1611 te
2990 1555 3124 1629 quid
3145 1556 3258 1612 tuis
3289 1557 3502 1614 meritis
3529 1557 3804 1631 exigenti-

2187 1640 2292 1698 bus
2331 1649 2525 1715 agatur
2563 1643 2852 1718 intelligis.
2902 1645 2975 1700 Et
3012 1644 3158 1701 sicut
3199 1645 3444 1703 alienum
3477 1646 3804 1704 nullatenus

2187 1733 2632 1804 comprehendis,
2653 1735 2727 1791 ita
2749 1737 2916 1792 etiam
2938 1742 3094 1792 tuum
3124 1736 3426 1793 terminum
3456 1753 3801 1809 praenoscere

2186 1837 2300 1876 non
2329 1823 2499 1879 vales.
2537 1823 2655 1879 Jam
2687 1825 2838 1882 enim
2871 1832 3141 1898 quantum
3183 1824 3298 1898 ipse
3329 1825 3627 1898 profeceris
3665 1829 3798 1899 scis,

2186 1910 2280 1967 sed
2305 1911 2442 1985 quid
2471 1912 2655 1971 adhuc
2673 1914 2742 1972 de
2772 1923 2826 1972 te
2849 1931 2978 1989 ergo
3009 1916 3066 1972 in
3089 1918 3309 1976 occulto
3328 1920 3562 1976 sentiam
3592 1922 3796 1980 nescis.

2185 2001 2304 2058 Jam
2329 2001 2562 2074 justitim
2583 2012 2692 2062 tuae
2722 2015 2844 2064 acta
2873 2007 3214 2078 consideras,
3232 2008 3328 2065 sed
3356 2025 3520 2083 quam
3542 2008 3800 2069 districta

2185 2093 2330 2166 apud
2352 2111 2438 2152 me
2469 2105 2770 2169 pensentur
2800 2099 3039 2171 ignoras.
3061 2099 3160 2156 Vae
3182 2099 3350 2156 etiam
3372 2099 3640 2158 laudabili
3669 2103 3798 2159 vita:

2185 2187 2330 2248 933
2358 2191 2674 2265 hominum,
2698 2196 2746 2252 si
2768 2204 2979 2253 remota
3006 2197 3209 2270 pietate
3232 2196 3539 2270 judicetur,
3560 2199 3694 2272 quia
3713 2199 3797 2258 di-

2182 2283 2372 2342 stricte
2392 2284 2640 2342 discussa
2669 2287 2799 2344 inde
2817 2275 2944 2343 ante
2964 2289 3154 2346 oculos
3176 2287 3387 2361 judicis
3412 2289 3560 2346 unde
3589 2305 3648 2346 se
3679 2291 3797 2363 pla-

2181 2391 2302 2432 cere
2331 2376 2644 2450 suapicatur
2672 2377 2949 2436 obruitur.
2984 2379 3141 2437 Unde
3171 2388 3318 2438 recte
3357 2382 3473 2438 Deo
3521 2395 3620 2454 per
3659 2381 3796 2438 Pro-

2181 2465 2400 2538 phetam
2419 2465 2626 2524 dicitur
2648 2485 2661 2524 :
2685 2467 2805 2525 Non
2817 2469 2982 2524 intres
3009 2468 3068 2523 in
3085 2467 3354 2538 judicium
3369 2486 3487 2524 cum
3506 2485 3656 2525 servo
3679 2475 3793 2536 tua,

2179 2557 2305 2628 quia
2349 2572 2455 2612 non
2488 2555 2877 2630 justiﬁcabilur
2896 2557 2954 2614 in
2980 2563 3255 2629 conspectu
3295 2565 3384 2614 tuo
3413 2551 3583 2614 omnis
3609 2559 3792 2614 vivens

2181 2647 2356 2719 (Psal.
2379 2662 2550 2715 cxm,
2575 2645 2656 2719 2).
2692 2646 2846 2703 Unde
2874 2645 3014 2704 bene
3044 2663 3141 2719 per
3160 2646 3511 2704 Salomonem
3537 2647 3748 2706 dicitur
3771 2667 3785 2706 :

2179 2737 2314 2794 Sunt
2353 2735 2493 2807 justi
2529 2743 2688 2808 atque
2721 2737 3002 2809 sapientes,
3045 2743 3094 2792 et
3125 2754 3289 2810 opera
3313 2755 3498 2794 eorum
3524 2739 3582 2794 in
3622 2756 3789 2796 manu

2175 2826 2296 2893 Dei,
2313 2833 2359 2882 et
2384 2833 2554 2882 tamen
2579 2825 2743 2882 nescit
2769 2827 2922 2883 homo
2946 2833 3129 2882 utrum
3147 2843 3350 2897 amore,
3366 2845 3439 2884 an
3457 2828 3577 2884 odio
3592 2828 3790 2901 dignus

2175 2915 2264 2981 sit,
2286 2915 2374 2970 sed
2389 2917 2568 2972 omnia
2597 2916 2654 2971 in
2682 2915 2931 2987 futurum
2951 2923 3237 2973 servantur
3254 2918 3457 2974 incerta
3473 2918 3680 2990 (Eccle.
3702 2934 3784 2987 Iv,

2177 3005 2229 3072 1,
2250 3005 2331 3078 2).
2357 3005 2500 3062 Hinc
2523 3021 2746 3061 rursum
2769 3021 2867 3078 per
2885 3005 3140 3062 eumdem
3167 3005 3516 3064 Salomonem
3537 3006 3780 3067 dicitur:

2176 3093 2305 3162 Quis
2323 3094 2594 3150 hominum
2613 3094 2904 3166 intelligere
2921 3096 3121 3167 poterit
3135 3097 3280 3152 viam
3299 3115 3452 3154 suam
3465 3097 3660 3170 (Prov.
3679 3116 3784 3170 xx,

2173 3181 2265 3255 24)
2284 3182 2312 3239 ‘P
2340 3185 2413 3240 Et
2440 3183 2711 3240 nimirum
2734 3183 2883 3240 bona
2902 3185 3116 3242 malave
3132 3186 3257 3260 quis
3272 3185 3480 3244 faciens
3493 3189 3784 3246 conscien-

2170 3271 2248 3328 tia
2267 3279 2562 3330 attestante
2584 3275 2606 3309 ⁸
2633 3273 3004 3347 cognoscitur.
3029 3275 3135 3332 Sed
3164 3273 3374 3334 idcirco
3403 3277 3612 3334 dicitur
3629 3277 3782 3352 quod

2168 3362 2260 3418 via
2287 3380 2386 3419 sua
2410 3362 2481 3420 ab
2513 3362 2840 3421 hominibus
2866 3364 3166 3435 nesciatur,
3193 3366 3324 3440 quia
3351 3367 3519 3424 etiam
3547 3366 3595 3424 si
3625 3377 3777 3426 recta

2167 3468 2224 3510 se
2253 3453 2487 3528 quisque
2507 3470 2672 3527 opera
2690 3471 2848 3528 agere
2869 3453 3166 3528 intelligat,
3184 3455 3288 3512 sub
3313 3455 3569 3514 districto
3591 3465 3778 3514 tamen

2166 3542 2422 3598 examine
2451 3559 2561 3616 quo
2592 3542 2803 3613 tendat,
2836 3543 3075 3616 ignorat.
3095 3541 3238 3617 [Vet.
3257 3550 3305 3600 et
3331 3546 3451 3602 Rec.
3475 3543 3573 3619 X.]
3603 3545 3781 3618 Igitur

2166 3639 2455 3706 postquam
2486 3632 2645 3689 illum
2677 3631 2744 3690 de
2775 3633 2882 3688 ista
2909 3630 3040 3690 ﬁnis
3077 3631 3164 3690 sui
3190 3632 3630 3691 consideratione
3658 3650 3776 3708 per-

2164 3721 2382 3791 terruit,
2401 3721 2470 3780 ad
2490 3722 2926 3780 examinandum
2945 3721 3066 3795 ejus
3094 3721 3388 3779 exordium
3409 3723 3554 3782 redit
3573 3743 3589 3793 ;
3617 3740 3682 3783 ac
3707 3742 3776 3783 ne

2163 3821 2536 3888 conqueratur
2555 3831 2654 3874 cur
2676 3814 2846 3872 ﬁnem
2867 3831 3030 3873 suum
3052 3813 3283 3883 nesciat,
3306 3825 3778 3874 commemoratur

2162 3903 2328 3959 etiam
2350 3903 2481 3978 quia
2499 3920 2602 3964 nec
2623 3920 2731 3979 quo
2752 3902 2864 3963 huc
2885 3903 3050 3961 initio
3065 3903 3296 3963 accessit
3316 3903 3610 3980 intelligat.
3635 3907 3772 3966 Nam

2160 3991 2412 4066 sequitur
2433 4010 2447 4051 :

2747 4081 2976 4142 CAPUT
3017 4081 3173 4141 XIX.

2229 4171 2403 4232 Vsus.
2425 4169 2600 4229 2i.—
2624 4171 2832 4229 Sciebas
2863 4179 2986 4230 tunc
3023 4174 3165 4246 quod
3191 4175 3500 4232 nasciturus
3539 4189 3695 4245 esses,
3727 4184 3777 4236 et

2155 4279 2437 4319 numerum
2467 4263 2678 4318 dierum
2707 4269 2920 4320 tuorum
2947 4281 3173 4321 noveras
3193 4267 3222 4322 ?

2227 4351 2316 4410 35.
2347 4353 2546 4411 Nullus
2573 4355 2846 4410 hominum
2873 4370 3026 4410 suum
3057 4355 3271 4412 initium
3298 4356 3447 4412 novit
3463 4362 3563 4413 aut
3587 4355 3771 4429 ﬁnem.

2154 4473 2226 4486 —
2245 4443 2327 4501 Ac
2370 4443 2417 4500 si
2463 4453 2648 4519 aperte
2676 4445 2886 4504 diceret
2919 4464 2932 4503 :
2978 4445 3125 4514 Quid
3156 4447 3362 4504 mirum
3390 4448 3438 4505 si
3466 4449 3774 4508 terminum

2158 4539 2318 4589 tuum
2347 4551 2459 4591 non
2489 4535 2776 4608 intelligis,
2793 4535 2889 4611 qui
2919 4553 3022 4595 nec
3051 4536 3277 4594 initium
3297 4537 3776 4611 comprehendis?

2157 4623 2229 4680 Et
2249 4624 2344 4698 qui
2374 4623 2594 4698 ignoras
2615 4642 2726 4699 quo
2756 4623 2866 4682 huc
2886 4626 3051 4683 initio
3072 4627 3313 4696 veneris,
3337 4626 3472 4700 quid
3493 4629 3701 4684 mirum
3724 4629 3772 4685 si

2155 4715 2368 4772 nescias
2392 4732 2500 4789 quo
2531 4714 2640 4770 ﬁne
2670 4715 3016 4773 subtraharis
3045 4715 3074 4772 ?
3113 4715 3170 4772 Si
3200 4732 3330 4788 ergo
3361 4731 3546 4772 meum
3577 4715 3687 4773 fuit
3717 4723 3773 4773 te

2153 4817 2252 4876 per
2277 4803 2501 4860 initium
2522 4820 2592 4860 ex
2615 4805 2850 4862 occultis
2869 4803 2941 4861 ad
2959 4811 3216 4878 prompta
3234 4805 3562 4878 producere,
3581 4821 3772 4863 meum

2153 4908 2370 4968 quoque
2398 4895 2505 4950 erit
2551 4894 2717 4951 etiam
2757 4901 2810 4952 te
2849 4910 2920 4951 ex
2960 4894 3234 4968 promptis
3261 4892 3333 4952 ad
3359 4894 3581 4952 occulta
3607 4910 3770 4952 revo-

2151 4999 2294 5043 care.
2318 4983 2430 5042 Cur
2448 4983 2516 5042 de
2535 4985 2666 5041 vita:
2686 4992 2796 5042 tuas
2817 4983 3232 5058 dispensatione
3257 4983 3472 5059 aliquid
3493 4985 3766 5058 quereris,

2151 5072 2246 5148 qui
2284 5073 2343 5130 in
2377 5089 2546 5133 manu
2575 5071 2806 5133 artiﬁcis
2832 5075 3190 5148 temetipsum
3221 5073 3474 5133 nesciens
3501 5074 3714 5132 teneris
3735 5074 3763 5132 ‘l

2144 5271 2437 5346 lectionem
2459 5272 2622 5332 Corb.
2653 5271 2838 5330 Germ.
2867 5280 2923 5330 et
2963 5272 3338 5346 Excusorum,
3368 5269 3523 5346 quod
3569 5289 3696 5346 eam
3729 5287 3759 5330 a

2142 5353 2332 5418 sancto
2351 5345 2614 5418 Gregorio
2633 5353 2952 5418 usurpatam
2982 5345 3291 5415 credamus,
3323 5344 3425 5418 nec
3440 5345 3523 5418 im
3535 5344 3760 5418 merito.

2143 5418 2200 5474 Si
2215 5417 2379 5492 enim_
2392 5416 2579 5492 aliam,
2601 5434 2721 5492 quae
2736 5416 2819 5474 est
2841 5417 3110 5492 vulgatae,
3132 5425 3354 5492 secutus
3367 5416 3593 5492 fuisset,
3612 5416 3755 5492 quid

2141 5505 2316 5546 causae
2355 5488 2549 5545 fuisset
2588 5487 3018 5546 amanuensibus
3061 5488 3386 5545 mutationis
3425 5487 3753 5546 faciendae?

2141 5559 2344 5618 Contra
2363 5576 2495 5616 vero
2514 5577 2641 5616 cum
2663 5561 3044 5617 observassent
3059 5561 3226 5616 verba
3249 5559 3389 5629 haec,
3411 5560 3459 5614 si
3479 5561 3642 5616 habes
3677 5561 3752 5614 in-

2141 5631 2836 5704 telligentiam.,discrepare
2869 5648 2902 5688 a
2929 5639 3085 5704 textu
3112 5631 3238 5704 Job,
3266 5629 3637 5704 his_o_missis,
3673 5647 3757 5688 re-

2137 5701 2439 5784 stituerunt
2465 5703 2514 5758 si
2539 5704 2680 5784 nosti
2707 5701 2910 5784 omnia,
2940 5711 3003 5760 ut
2996 5703 3232 5784 __l_egitur
3259 5701 3474 5784 iu“._lob.

2211 5776 2234 5810 ⁸
2263 5773 2495 5845 Τιιιοιι.,
2539 5773 2703 5833 Corb.
2745 5774 2956 5843 Germ.,
2996 5772 3222 5832 Ebroic.
3271 5773 3479 5846 aliique
3524 5772 3751 5842 Norm.,

2135 5845 2420 5920 cognoscit.
