3920 6372
131 385 222 442 497
820 373 1197 432 MORALIUM
1237 374 1374 430 LIB.
1415 374 1700 431 XXIX.-—
1737 372 1810 430 IN
1846 372 2074 430 CAPUT
2114 373 2405 430 XXXVIII
2447 375 2508 431 Β.
2549 376 2691 430 JOB.

3327 375 3438 435 498

131 507 323 567 Extolli
354 507 538 578 itaque
575 509 728 560 tanto
785 501 958 573 magis
1014 517 1123 556 non
1175 499 1341 556 debes
1394 501 1450 556 in
1481 517 1544 556 eo
1575 499 1722 573 quod
1753 501 1802 561 A
1831 497 2172 556 indicaverat
2204 501 2288 555 vel
2321 499 2494 555 bonos
2524 499 2592 555 ad
2625 501 2851 569 malum,
2884 504 2969 558 vel
3017 503 3190 561 malos
3221 503 3290 560 ad
3327 503 3438 562 bo-

131 599 252 671 agis,
273 601 480 670 quanto
505 593 652 650 intra
679 591 862 648 sinum
880 590 1205 648 aeternitatis
1223 591 1464 658 clausus,
1487 607 1587 646 nec
1605 606 1716 662 quo

132 689 229 745 huc
253 686 443 743 ordine
475 682 711 751 veneris,
741 698 844 738 nec
885 679 1104 754 quando
1154 681 1240 736 vel
1270 679 1546 754 quomodo
1585 679 1717 736 hinc

130 777 362 838 educaris
391 775 662 848 agnoscis.

190 869 269 926 36.
301 868 381 924 Ab
408 868 504 922 hac
535 868 638 938 lege
669 864 916 922 Christus
943 863 1216 919 eximitur.
1263 891 1312 900 -
1367 861 1494 918 Hac
1534 868 1715 916 tamen

130 956 346 1029 intelligi
375 964 429 1012 et
457 955 618 1012 aliter
647 961 877 1028 possunt
911 971 922 1008 :
959 952 1164 1009 Sciebas
1185 959 1307 1007 tunc
1322 952 1461 1022 quod
1489 951 1717 1006 nascitu-

127 1066 210 1106 rus
223 1065 367 1117 esses,
384 1054 432 1102 et
445 1063 724 1101 numerum
738 1045 943 1100 dierum
957 1049 1167 1099 tuorum
1181 1042 1548 1098 noveras?Sub
1562 1041 1718 1097 audis

128 1145 182 1194 nt
205 1153 317 1209 ego,
349 1135 444 1208 qui
472 1151 560 1190 me
590 1135 934 1190 nasciturum
960 1134 1113 1202 novi,
1144 1134 1274 1206 quia
1297 1141 1350 1188 et
1377 1140 1502 1188 ante
1521 1130 1717 1186 huma-

127 1226 299 1284 nitatis
327 1232 510 1280 ortum
566 1224 625 1279 in
674 1223 968 1280 divinitate
1023 1239 1238 1295 semper
1284 1223 1719 1279 substantialiter

126 1314 250 1370 vixi.
294 1313 557 1371 Homines
604 1313 807 1387 quippe
840 1319 975 1369 tunc
1012 1329 1127 1370 esse
1157 1313 1456 1385 incipiunt,
1488 1328 1614 1368 cum
1661 1312 1718 1367 in

125 1413 344 1462 matrum
373 1420 602 1460 suarum
635 1409 827 1460 ventre
855 1411 1177 1460 nascuntur.
1202 1403 1339 1460 Nam
1360 1402 1477 1473 ipsa
1503 1416 1720 1474 quoque

124 1501 392 1568 conceptio
421 1495 689 1551 nativitas
713 1493 940 1563 dicitur,
959 1493 1122 1566 juxta
1143 1493 1248 1550 hoc
1277 1493 1424 1567 quod
1451 1491 1716 1563 scriptum

122 1594 194 1643 est
217 1605 228 1642 :
249 1587 396 1654 Quod
415 1586 474 1640 in
493 1603 555 1641 ea
573 1591 760 1641 natum
779 1591 873 1654 est,
891 1588 954 1643 de
978 1586 1186 1658 Spiritu
1207 1591 1384 1640 saneto
1405 1591 1480 1640 est
1496 1582 1714 1652 (Matth.

122 1695 156 1745 ι,
185 1676 293 1748 20).
328 1676 401 1732 Et
448 1675 664 1734 idcirco
707 1692 764 1732 se
812 1675 1124 1734 nascituros
1153 1675 1429 1743 nesciunt,
1463 1673 1592 1747 quia
1621 1687 1721 1728 nec

121 1765 420 1838 priusquam
450 1773 714 1822 creentur
735 1765 1007 1822 existunt.
1031 1767 1181 1822 Deus
1206 1781 1338 1820 vero
1359 1765 1454 1836 qui
1475 1763 1595 1819 sine
1615 1763 1720 1818 ini-

1827 605 1962 644 num
1985 604 2141 661 posse
2161 589 2432 656 converti,
2455 589 2606 645 illico
2620 598 2840 646 secutus
2856 591 3116 664 adjunxit
3144 613 3155 650 :
3181 595 3440 666 Nunquid

1826 677 2094 750 ingressus
2140 695 2192 734 es
2231 680 2505 734 thesauros
2533 679 2692 744 nivis,
2724 687 2820 734 aut
2850 682 3124 738 thesauros
3157 685 3438 756 grandinis

1824 769 2099 840 aspexisti,
2144 786 2260 840 qua:
2297 769 2609 842 prxparavi
2648 769 2703 823 in
2747 776 2946 842 tempus
2979 773 3159 840 hostis,
3203 775 3262 828 in
3301 775 3440 830 diem

1820 873 2014 927 pugna:
2033 863 2080 910 et
2098 857 2219 913 belli
2246 857 2274 913 ’ἲ
2302 859 2364 913 In
2386 858 2514 913 nive
2534 858 2621 913 vel
2645 858 2909 930 grandine
2932 859 3151 932 frigida,
3171 862 3260 916 vel
3279 862 3439 920 duras

1826 951 1889 999 ut
1917 943 2129 1000 dictum
2159 955 2259 1015 est,
2295 947 2600 1019 accipimus
2627 947 2793 1004 corda
2825 965 3142 1022 pravorum.
3177 949 3283 1007 Sed
3311 952 3441 1024 quia

1828 1040 2177 1113 omnipotens
2204 1043 2351 1097 Deus
2401 1049 2618 1098 sanctos
2661 1058 2790 1098 suos
2831 1041 2898 1099 de
2937 1043 3143 1100 talibus
3171 1044 3354 1116 elegit,
3387 1053 3441 1100 et

1829 1147 1992 1204 quam
2025 1131 2228 1188 multos
2255 1133 2458 1189 electos
2477 1133 2659 1190 adhuc
2681 1133 2826 1190 inter
2845 1151 3142 1207 pravorum
3165 1135 3334 1192 vitam
3359 1151 3440 1191 re-

1829 1220 2036 1294 positos
2065 1220 2263 1278 habeat
2292 1223 2470 1290 novit,
2502 1230 2625 1295 apte
2649 1223 2707 1278 in
2737 1223 2887 1292 nive,
2911 1225 2998 1281 vel
3029 1225 3294 1297 grandine
3324 1223 3442 1281 the-

1829 1329 2019 1375 sauros
2074 1318 2275 1376 habere
2329 1337 2386 1377 se
2433 1321 2704 1394 perhibet.
2765 1322 3077 1381 Thesaurus
3105 1326 3308 1398 quippe
3338 1324 3441 1380 ἀπὸ

1827 1421 1919 1478 τῆς
1948 1411 2153 1485 θέσεως,
2190 1417 2247 1474 id
2277 1425 2360 1474 est
2389 1435 2420 1474 a
2446 1420 2720 1490 positione
2748 1421 3088 1478 nominatur.
3121 1422 3194 1477 Et
3222 1423 3442 1494 pleros-

1829 1525 1935 1580 que
1966 1510 2023 1564 in
2044 1509 2160 1565 vita
2188 1509 2390 1581 frigida
2419 1510 2517 1567 diu
2549 1512 2778 1568 latentes
2800 1513 3043 1585 respicit,
3067 1530 3205 1586 quos
3231 1513 3300 1569 ad
3329 1531 3439 1571 me-

1829 1597 1982 1654 dium
2011 1616 2137 1656 cum
2155 1598 2314 1670 jubet
2343 1600 2617 1673 producit,
2647 1609 2701 1656 et
2714 1599 2946 1672 justitiae
2967 1603 3146 1658 nitore
3175 1603 3441 1661 candidos

1829 1704 1924 1760 per
1969 1706 2262 1761 supernam
2318 1689 2546 1762 gratiam
2598 1689 2860 1746 ostendit.
2912 1691 3192 1762 Scriptum
3237 1692 3442 1764 quippe

1828 1784 1910 1833 est
1942 1795 1953 1832 :
1987 1778 2216 1833 Lavabis
2234 1794 2331 1842 me,
2348 1785 2395 1832 et
2414 1795 2574 1849 super
2587 1778 2758 1832 nivem
2777 1778 3064 1834 dealbabor
3083 1779 3259 1849 (Psal.
3284 1797 3334 1847 L,
3354 1781 3437 1852 9).

123 1857 189 1911 tio
217 1871 424 1928 semper
451 1855 676 1911 exstitit
706 1855 986 1927 przescivit
1005 1854 1072 1910 de
1092 1871 1148 1910 se
1179 1854 1284 1910 hoc
1306 1853 1454 1926 quod
1484 1853 1541 1906 in
1563 1859 1720 1907 utero
1748 1869 1793 1929 Β
1829 1865 1976 1933 Quos
1995 1865 2065 1922 ad
2092 1865 2240 1922 diem
2283 1866 2416 1922 belli
2459 1882 2764 1938 pugnaeque
2793 1874 3124 1939 praeparatos
3169 1866 3267 1923 diu
3296 1867 3442 1923 intra

122 1945 348 2018 Virginis
377 1948 392 1980 ¹
423 1945 654 2001 initium
685 1946 919 2018 sumpsit
943 1964 956 2012 ;
991 1955 1046 2003 et
1066 1947 1194 2018 quia
1211 1944 1510 2016 praescivit,
1532 1942 1713 2013 dispo-

119 2035 248 2101 suit;
281 2035 409 2108 quia
429 2034 732 2106 disposuit,
761 2035 902 2090 nihil
935 2036 1180 2107 profecto
1197 2034 1255 2089 in
1277 2033 1518 2089 humana
1538 2031 1716 2087 forma

125 2125 230 2180 sine
259 2142 356 2181 sua
377 2126 670 2181 voluntate
685 2125 963 2181 toleravit.
988 2123 1364 2182 Convincatur
1393 2138 1520 2193 ergo
1535 2138 1634 2177 cur
1647 2120 1714 2175 de

120 2215 332 2288 flagellis
353 2215 473 2272 suis
492 2215 660 2272 homo
677 2216 947 2288 queritur,
964 2215 1058 2288 qui
1080 2222 1263 2271 ortum
1285 2230 1445 2269 suum
1463 2211 1717 2285 praescire

120 2320 214 2360 non
227 2305 426 2376 potuit,
442 2306 465 2340 ²
490 2305 536 2360 si
559 2305 674 2376 ipse
695 2305 865 2360 etiam
881 2305 1172 2377 quiortum
1193 2320 1355 2359 suum
1378 2300 1716 2374 praesciendo

119 2393 371 2466 disposuit
417 2411 478 2452 se
521 2394 667 2451 inter
713 2394 968 2452 homines
1009 2394 1078 2450 ad
1122 2393 1338 2466 ﬂagella
1365 2390 1713 2464 praeparavit.

119 2485 360 2558 Sequitur
397 2504 409 2541 :

547 2584 777 2642 CAPUT
806 2585 912 2639 XX
941 2581 1084 2656 [Rea
1119 2579 1245 2654 XI].

177 2672 337 2729 Vens.
381 2673 477 2742 22,
514 2673 602 2730 23.
653 2704 724 2715 —
766 2673 1024 2744 Nunquid
1072 2673 1337 2742 ingressus
1365 2688 1417 2726 es
1450 2670 1719 2726 thesauros

124 2761 263 2830 nivis,
284 2770 381 2818 aut
398 2765 678 2818 thesauros
690 2763 971 2834 grandi-nis
985 2762 1259 2832 aspexisti,
1279 2778 1398 2832 qua:
1409 2777 1662 2832 prxpara
1670 2762 1721 2816 vi

125 2850 171 2903 in
201 2856 399 2922 tempus
421 2851 608 2919 hostis,
644 2851 701 2904 in
726 2851 861 2906 diem
885 2868 1076 2922 pugna:
1103 2857 1151 2905 et
1171 2850 1292 2905 belli
1323 2852 1350 2906 Υ

177 2939 256 2995 37.
289 2940 537 3011 [mprobi
563 2940 636 2996 ad
644 2939 917 3009 justorum
933 2939 1297 3011 probationem
1326 2943 1626 2994 servantur.
1651 2969 1720 2980 —

117 3027 244 3094 Quid
270 3028 425 3085 aliud
476 3028 607 3084 nive
646 3029 734 3084 vel
791 3028 1079 3102 grandine,
1111 3028 1219 3085 nisi
1241 3027 1444 3102 frigida
1479 3045 1544 3086 ac
1583 3027 1721 3084 dura

117 3115 461 3190 intelligenda
493 3127 622 3174 sunt
655 3117 823 3174 corda
852 3134 1148 3190 pravorum
1182 3119 1209 3174 ?
1239 3119 1397 3175 Sicut
1424 3119 1570 3174 enim
1597 3117 1718 3173 fer-

1827 1971 1939 2011 suae
1971 1955 2330 2028 praescientize
2359 1955 2541 2010 sinum
2576 1955 2711 2027 tegit
2744 1973 2756 2021 ;
2818 1955 2913 2012 sed
2942 1973 3068 2012 cum
3100 1965 3321 2030 repente
3351 1975 3443 2013 eos

1826 2046 2101 2114 eduxerit,
2142 2045 2454 2101 resistentia
2483 2043 2927 2102 adversariorum
2956 2054 3178 2118 pectora
3213 2046 3440 2103 illorum

1827 2135 2012 2192 verbis
2040 2152 2103 2192 ae
2130 2135 2614 2208 redargutionibus
2641 2139 2798 2212 quasi
2828 2138 3159 2212 quibusdam
3208 2141 3442 2213 grandi-

1827 2225 1992 2281 nibus
2012 2227 2033 2260 ⁵
2065 2227 2321 2297 percutit.
2356 2226 2510 2283 Unde
2539 2229 2675 2285 alias
2714 2229 2983 2302 scriptum
3022 2239 3104 2287 est
3137 2248 3148 2286 :
3184 2233 3309 2288 Prw
3334 2233 3442 2302 ful'

1827 2334 1948 2389 gore
1994 2315 2052 2370 in
2096 2323 2366 2388 conspectu
2407 2317 2522 2387 ejus
2568 2320 2728 2374 nubes
2769 2321 3118 2388 transierunt,
3147 2322 3355 2393 grando
3395 2321 3444 2376 et

1828 2408 2077 2464 carbones
2103 2408 2237 2479 ignis
2272 2409 2446 2482 (Psal.
2472 2426 2610 2478 xvn,
2649 2411 2761 2483 l3).
2786 2413 2902 2469 Prae
2922 2413 3136 2484 fulgore
3164 2414 3313 2470 enim
3344 2431 3442 2471 nu-

1829 2497 1924 2553 bes
1974 2504 2278 2566 transeunt,
2345 2498 2474 2570 quia
2529 2499 2917 2571 praedicatores
2964 2503 3139 2559 sancti
3184 2503 3444 2560 universa

1830 2586 2024 2642 mundi
2045 2587 2220 2658 spatia
2251 2587 2645 2646 miraculorum
2678 2591 2927 2648 claritate
2957 2601 3310 2664 percurrunt.
3334 2593 3442 2661 Qui

1830 2669 1995 2726 etiam
2025 2671 2232 2742 grando
2267 2679 2322 2727 et
2348 2673 2612 2731 carbones
2643 2675 2788 2747 ignis
2827 2678 3009 2734 vocati
3039 2685 3188 2746 sunt,
3223 2677 3354 2750 quia
3384 2687 3439 2735 et

1831 2775 1927 2831 per
1955 2760 2358 2832 correptionem
2388 2761 2619 2831 feriunt,
2643 2771 2697 2819 et
2718 2780 2812 2837 per
2844 2765 3123 2822 flammam
3153 2765 3442 2824 charitatis

1831 2847 2156 2905 accendunt.
2189 2850 2309 2920 Ipsa
2339 2866 2558 2922 quoque
2589 2852 2760 2908 libera
2787 2863 3103 2912 sanctorum
3135 2856 3440 2930 increpatio

1832 2944 2028 2992 natura
2067 2936 2349 3008 grandinis
2392 2940 2786 2995 convenienter
2829 2943 3179 3014 exprimitur.
3218 2945 3440 3002 Grando

1831 3026 1979 3080 enim
2019 3027 2246 3082 veniens
2289 3027 2547 3097 percutit,
2601 3027 2806 3100 liquata
2836 3029 2996 3101 rigat.
3035 3031 3221 3088 Sancti
3250 3040 3438 3089 autem

1831 3114 1939 3170 viri
1979 3113 2146 3172 corda
2171 3114 2515 3171 audientium
2547 3123 2601 3171 et
2631 3125 2896 3175 terrentes
2926 3118 3154 3188 feriunt,
3187 3129 3240 3177 et
3270 3121 3438 3178 blan-

117 3221 230 3262 vore
258 3206 524 3276 charitas,
556 3209 636 3264 sic
667 3209 808 3264 solet
841 3209 898 3263 in
931 3225 1088 3265 sacro
1126 3208 1348 3281 eloquio
1376 3207 1578 3279 frigore
1609 3225 1718 3262 ma-
1755 3231 1798 3291 C
1829 3204 2042 3260 dientes
2071 3203 2393 3260 infundunt.
2428 3206 2562 3261 Nam
2591 3206 3055 3278 quemadmodum
3080 3209 3282 3267 feriant
3311 3212 3438 3267 Pro-

117 3293 222 3350 litia
235 3295 536 3368 designari.
556 3298 836 3370 Scriptum
855 3313 1092 3370 namque
1125 3305 1206 3353 est
1237 3315 1248 3353 :
1287 3298 1434 3353 Sicut
1460 3296 1717 3367 frigidam

115 3381 231 3450 facit
253 3385 485 3441 cisterna
511 3403 709 3457 aquam
738 3405 910 3456 suam,
941 3387 1014 3444 sic
1041 3387 1301 3460 frigidam
1327 3387 1458 3458 facit
1485 3385 1721 3442 animam

116 3475 308 3531 malitia
337 3495 438 3532 sua
465 3477 684 3548 (Jerem.
718 3493 799 3544 vr,
845 3478 925 3548 7).
959 3479 1031 3532 Et
1058 3493 1280 3533 rursum
1317 3495 1328 3533 :
1365 3479 1385 3512 ³
1415 3477 1722 3532 Abundabit

115 3561 374 3633 iniquitas,
392 3573 440 3620 et
458 3563 762 3637 refrigescet
777 3566 1009 3621 charitas
1020 3567 1309 3621 multorum
1324 3565 1537 3636 (Matth.
1557 3581 1717 3634 xxxv,

119 3652 302 3733 l2).'ln
332 3661 488 3719 934
514 3663 719 3736 frigore
749 3681 878 3736 ergo
909 3665 1078 3732 nivis,
1113 3665 1200 3720 vel
1235 3665 1294 3720 in
1322 3664 1531 3720 duritia
1561 3681 1716 3737 gran-

115 3751 271 3823 dinis,
303 3757 439 3830 quid
467 3756 644 3829 accipi
665 3757 849 3828 aptius
873 3763 1052 3828 potest
1071 3772 1235 3829 quam
1261 3755 1377 3811 vita
1397 3773 1715 3827 pravorum,

116 3857 222 3914 quae
242 3852 295 3900 et
326 3862 423 3918 per
450 3853 738 3918 torporem
772 3845 1038 3918 frigescit,
1073 3845 1094 3879 ‘
1124 3853 1180 3900 et
1214 3861 1310 3916 per
1337 3843 1559 3900 duritiae
1590 3861 1718 3900 ma-

119 3931 275 4002 litiam
293 3937 583 4008 percutit?
607 3937 852 4005 Quorum
878 3945 1061 3992 tamen
1093 3935 1265 3991 vitam
1294 3935 1566 3992 Dominus
1584 3936 1716 3990 tole-

118 4030 207 4092 rat,
237 4026 363 4098 quia
390 4043 491 4082 eos
519 4026 587 4082 ad
613 4025 892 4098 justorum
921 4043 1147 4083 suorum
1179 4025 1558 4097 probationem
1591 4042 1716 4081 ser-

117 4119 216 4166 vat.
266 4113 416 4170 Unde
468 4121 522 4168 et
569 4122 715 4170 recte
752 4114 1046 4187 subjunxit
1081 4131 1092 4170 :
1131 4116 1258 4182 Qua:
1293 4115 1603 4186 prxparavi
1659 4113 1715 4168 in

121 4206 300 4273 tempus
327 4203 517 4271 hostis,
545 4204 600 4258 in
623 4205 758 4259 diem
788 4222 980 4277 pugnce
1007 4211 1054 4259 et
1083 4205 1224 4260 belli.
1257 4205 1328 4261 Ut
1354 4220 1479 4261 cum
1509 4203 1716 4260 adver-

119 4291 278 4346 sarius
324 4300 514 4349 noster
561 4292 814 4348 diabolus
859 4301 1071 4348 tentare
1112 4311 1212 4350 nos
1257 4293 1477 4360 nititur,
1524 4307 1714 4348 eorum

122 4381 348 4438 moribus
368 4383 527 4457 quasi
549 4383 662 4438 suis
683 4390 875 4442 contra
903 4400 1003 4440 nos
1023 4384 1193 4440 armis
1214 4391 1421 4440 utatur.
1447 4383 1547 4438 Per
1568 4382 1715 4454 ipsos

123 4470 306 4544 quippe
355 4490 459 4528 nos
511 4473 745 4528 saeviens
793 4473 1024 4542 cruciat,
1069 4472 1162 4529 sed
1205 4474 1455 4530 nesciens
1498 4479 1710 4545 purgat.

123 4557 348 4618 Peccatis
371 4579 610 4636 namque
629 4563 834 4619 nostris
857 4562 960 4635 ipsi
984 4562 1195 4634 ﬂagella
1213 4563 1376 4632 ﬁunt,
1394 4562 1461 4620 de
1478 4577 1713 4635 quorum

126 4647 211 4702 tali
234 4651 345 4707 vita
372 4652 507 4708 dum
540 4651 906 4724 percutimur,
953 4650 1021 4706 ab
1066 4659 1270 4709 aeterna
1305 4659 1481 4707 morte
1509 4649 1721 4706 libera-

125 4753 256 4794 mur.
287 4740 440 4797 Unde
470 4739 653 4812 agitur
687 4747 750 4795 ut
787 4740 1086 4797 electorum
1118 4740 1247 4796 vitae
1278 4739 1528 4813 proﬁciat
1555 4738 1722 4794 etiam

127 4826 324 4895 perdita
350 4830 467 4886 vita
486 4828 870 4901 reproborum,
898 4836 952 4884 et
971 4829 1201 4885 utilitati
1224 4837 1425 4885 nostrae
1446 4829 1578 4885 dum
1600 4827 1721 4883 illo-

127 4930 237 4971 rum
267 4918 501 4989 perditio
532 4918 753 4986 militat,
790 4919 931 4974 mira
960 4917 1370 4991 dispensatione
1399 4918 1495 4974 ﬁat
1524 4925 1725 4991 quate-

129 5019 223 5060 nus
250 5007 436 5064 electis
463 5008 564 5065 Dei
609 5025 722 5064 non
770 5015 955 5080 pereat
985 5007 1153 5064 etiam
1181 5023 1345 5063 omne
1373 5005 1521 5079 quod
1558 5006 1719 5078 perit.

195 5092 325 5167 [νει.
357 5097 483 5172 ΧΙ.]
515 5097 812 5169 38.Aliqui
843 5115 908 5153 ex
937 5097 1047 5153 illis
1076 5096 1220 5152 electi
1243 5102 1386 5164 sunt,
1419 5101 1466 5151 et
1488 5096 1560 5151 ad
1596 5114 1725 5152 ma-

131 5181 267 5240 xima
286 5187 470 5243 vocati.
503 5218 574 5229 —
602 5187 842 5260 Intelligi
873 5187 979 5244 hoc
1007 5202 1226 5261 quoque
1256 5185 1419 5242 aliter
1437 5193 1635 5258 potest,
1665 5193 1728 5242 ut

133 5271 250 5341 quia
268 5275 448 5332 verbis
477 5275 915 5348 praecedentibus
938 5275 1160 5332 videtur
1180 5291 1479 5343 annexum,
1511 5293 1542 5331 a
1571 5290 1724 5346 supe-

136 5359 281 5417 rioris
313 5381 497 5421 versus
542 5365 888 5437 expositione
931 5381 1041 5420 non
1091 5364 1382 5436 discrepet.
1431 5365 1565 5421 Nam
1597 5366 1726 5438 quia

204 5553 216 5585 ¹
247 5553 324 5608 Ita
340 5554 598 5622 Vindoc.,
623 5554 898 5621 Laudun.,
922 5555 1147 5622 Pratel.,
1181 5561 1288 5611 etc.
1324 5555 1397 5610 At
1419 5553 1572 5611 Editi
1598 5570 1723 5613 cum

134 5619 286 5698 Co_rb_.
318 5624 524 5694 Germ.,
550 5619 647 5698 per
672 5619 892 5681 initium»
911 5619 1154 5698 sumpsit.

201 5694 222 5770 ξ
249 5695 468 5770 fratel.,
499 5694 615 5770 cum
637 5700 763 5770 ipse.

201 5765 219 5798 ³
247 5765 520 5836 Laudun.,
550 5765 748 5824 Pratel.
782 5775 837 5823 et
867 5767 1030 5834 Utic.,
1053 5767 1361 5824 abundavit.

203 5836 222 5869 ‘
256 5837 475 5910 Pratel.,
499 5858 599 5913 per
628 5840 888 5897 duritiam
914 5839 1152 5896 malitia.

1833 3293 1996 3365 pheta
2019 3300 2268 3361 testatur,
2299 3293 2488 3349 dicens
2522 3313 2533 3350 :
2574 3295 2830 3352 Virtutem
2869 3297 3191 3353 terribilium
3222 3305 3440 3356 tuorum

1831 3383 2020 3450 dicent,
2051 3387 2099 3436 et
2119 3381 2530 3453 magnitudinem
2556 3388 2697 3438 tuam
2720 3385 3023 3440 narrabant
3046 3387 3218 3457 (Psal.
3251 3405 3436 3457 cxuv,

1831 3470 1910 3544 6).
1944 3473 2014 3527 Et
2044 3470 2507 3545 quemadmodum
2538 3471 2884 3530 blandientes
2913 3475 3091 3548 rigent
3111 3487 3330 3534 secutus
3348 3477 3442 3533 ad—

1825 3560 2016 3634 junxit
2049 3579 2059 3617 :
2092 3562 2408 3620 Memoriam
2435 3562 2776 3619 abundantia
2801 3565 3081 3620 suavitatis
3111 3571 3212 3621 luce
3238 3572 3439 3621 eructa-

1829 3651 1978 3720 bunt,
2010 3659 2059 3706 et
2076 3651 2294 3721 justitia
2333 3657 2424 3706 tua
2474 3653 2815 3708 exsultabunt
2846 3653 3033 3723 (Ibid.,
3081 3654 3162 3725 7).
3212 3656 3273 3710 In
3309 3654 3439 3709 nive

1829 3757 1956 3812 ergo
1990 3741 2075 3796 vel
2105 3739 2369 3812 grandine
2413 3738 2687 3796 habentur
2717 3741 2982 3810 thesauri,
3015 3743 3146 3816 quia
3191 3743 3437 3816 plerique

1829 3828 2140 3902 iniquitatis
2186 3836 2404 3900 torpore
2448 3828 2658 3900 frigidi,
2705 3832 2726 3865 ⁶
2765 3829 2834 3886 ad
2879 3847 3172 3902 supernam
3204 3832 3437 3904 gratiam

1827 3918 2115 3990 assumpti,
2137 3917 2192 3972 in
2210 3925 2398 3974 sancta
2427 3917 2676 3974 Ecclesia
2698 3917 2930 3988 justitize
2963 3920 3083 3976 luce
3103 3920 3434 3992 fulgescunt,

1827 4014 1883 4062 et
1926 4023 2149 4078 pravam
2195 4005 2636 4061 adversariorum
2684 4006 2973 4061 scientiam
3016 4005 3284 4063 doctrinae
3325 4025 3435 4064 sum

1829 4095 2030 4151 ictibus
2062 4095 2326 4151 tundunt.
2370 4092 2522 4150 Unde
2553 4103 2606 4150 et
2650 4102 2773 4166 apte
2819 4093 3103 4150 subditum
3147 4103 3228 4152 est
3263 4114 3274 4151 :
3311 4099 3439 4164 Quae

1822 4188 2132 4261 p—rreparavi
2161 4189 2216 4242 in
2259 4195 2456 4258 tempus
2485 4186 2667 4253 hostis,
2718 4187 2774 4240 in
2811 4186 2944 4240 diem
2982 4203 3173 4259 pugna;
3218 4194 3266 4242 ει
3294 4187 3433 4243 belli,

1830 4277 1967 4363 LVet.
2001 4278 2083 4333 XI
2088 4275 2158 4350 I.]
2190 4277 2297 4333 Nix
2327 4276 2527 4349 quippe
2557 4276 2644 4330 vel
2668 4275 2874 4347 grando
2907 4275 3087 4332 fuerat
3117 4277 3317 4334 Saulus
3343 4293 3438 4349 per

1826 4369 2081 4442 frigidam
2109 4368 2590 4426 insensibilitatem
2627 4386 2640 4435 ;
2695 4367 2791 4425 sed
2822 4369 2923 4423 nix
2963 4377 3017 4424 et
3059 4367 3266 4441 grando
3296 4385 3439 4426 con-

1824 4474 1910 4524 tra
1939 4467 2381 4524 adversariorum
2405 4462 2550 4521 935
2579 4473 2800 4538 pectora
2840 4465 3016 4521 factus
3046 4473 3145 4532 est,
3179 4466 3265 4521 vel
3299 4481 3439 4522 can-

1748 4557 1956 4651 Ddore
1981 4555 2234 4628 justitize,
2289 4556 2374 4611 vel
2429 4554 2667 4612 districti
2701 4554 2909 4628 eloquii
2967 4555 3334 4628 correptione.
3394 4555 3438 4610 Ο

1829 4647 2044 4720 qualem
2074 4645 2224 4703 hunc
2245 4643 2565 4702 thesaurum
2596 4647 2654 4702 in
2686 4645 2814 4700 nive
2845 4651 2898 4700 et
2925 4644 3193 4717 grandine
3223 4643 3436 4712 habuit,

1830 4735 2048 4811 quando
2069 4736 2228 4792 illum
2246 4737 2391 4792 inter
2411 4752 2706 4808 pravorum
2726 4737 2899 4792 vitam
2916 4737 3158 4808 positum
3173 4735 3290 4807 jam
3307 4743 3442 4791 tunc

1831 4827 2063 4886 electum
2091 4845 2252 4885 suum
2284 4826 2554 4883 Dominus
2584 4827 2817 4883 latenter
2847 4825 2990 4882 vidit
3024 4828 3036 4882 l
3075 4825 3119 4882 Ο
3148 4824 3217 4881 ad
3238 4832 3441 4897 quanta

1832 4917 2271 4974 adversariorum
2301 4923 2525 4990 pectora
2571 4916 2821 4972 ferienda
2851 4915 2994 4972 hanc
3037 4916 3096 4971 in
3144 4929 3311 4970 manu
3341 4930 3442 4969 sua

1833 5005 2154 5079 grandinem
2171 5006 2429 5078 sumpsit,
2448 5022 2543 5079 per
2559 5022 2723 5079 quam
2743 5012 2823 5061 tot
2835 5003 2938 5061 sibi
2957 5001 3266 5060 resistentia
3277 5001 3442 5059 corda

1833 5096 2154 5169 prostravit.

1905 5184 1994 5240 39.
2016 5185 2179 5240 Nemo
2197 5185 2510 5252 extollatur,
2531 5201 2678 5239 nemo
2699 5183 2951 5254 desperet.
2974 5212 3045 5223 —
3062 5182 3236 5238 Nemo
3257 5181 3441 5254 itaque

1813 5275 1900 5329 -de
1930 5275 2043 5330 suis
2071 5275 2330 5346 operibus
2357 5275 2677 5340 extollatur,
2713 5289 2875 5328 nemo
2901 5271 3154 5344 desperet
3182 5287 3274 5328 eos
3305 5289 3442 5344 quos

1833 5364 2014 5421 adhuc
2040 5364 2269 5436 frigidos
2306 5365 2476 5432 videt,
2509 5363 2640 5436 quia
2680 5361 2967 5418 thesauros
2997 5361 3097 5418 Dei
3132 5362 3190 5417 in
3226 5361 3356 5417 nive
3387 5369 3442 5418 et

1908 5555 1928 5587 ⁵
1962 5553 2167 5608 Turon.
2201 5559 2254 5607 et
2285 5550 2559 5618 Laudun.,
2591 5551 2987 5618 percutiuntur.

1909 5625 2086 5704 {Ve}
2134 5623 2238 5679 Ed.
2283 5623 2454 5678 Paris.
2498 5631 2551 5679 et
2591 5621 2762 5704 Basil'.
2798 5621 3029 5696 aliaeque
3059 5629 3274 5704 poster.
3296 5637 3442 5702 .cum

1837 5696 2002 5754 Corb.
2035 5697 2242 5762 Germ.,
2268 5713 2302 5767 a
2332 5711 2562 5767 superna
2606 5694 2788 5767 gratia
2830 5692 3110 5767 assumpti.
3145 5692 3444 5767 Sequimur

1837 5769 1965 5824 Mss.
1985 5767 2214 5834 Turon.,
2235 5765 2470 5838 Vindoc.
2484 5810 2496 5834 ,
2515 5765 2711 5834 Laud.,
2729 5765 2950 5823 Ebroic.
2967 5765 3213 5838 aliosque
3228 5765 3439 5838 Nam,

1839 5839 1933 5912 qui
1965 5839 2105 5895 miro
2135 5854 2404 5897 consensu
2433 5837 2658 5908 habent,
2689 5838 2762 5895 ad
2797 5854 3082 5910 supernam
3116 5835 3366 5908 gratiam.
