3920 6372
466 366 572 424 499

1613 392 1618 396 ’
1683 370 1933 427 SANCTI
1971 371 2307 429 GREGORH
2347 373 2574 432 MAGNI

3679 379 3790 438 300

461 491 729 566 grandine
753 509 866 550 non
897 494 1067 553 videt.
1117 497 1251 566 Quis
1296 498 1442 556 enim
1490 499 1736 556 crederet
1779 499 1925 572 quod
1963 515 2061 573 per
2085 501 2134 561 Α
2166 501 2288 570 mis,
2319 519 2469 560 nunc
2500 506 2786 574 Damasci,
2818 521 2969 565 nunc
3005 505 3065 564 in
3105 506 3232 564 aliis
3277 508 3436 582 longe
3463 509 3794 582 regionibus

461 585 797 658 apostolatos
832 585 1064 659 gratiam
1092 587 1396 662 lapidatum
1421 590 1760 664 Stephanum
1791 589 1885 646 ille
1914 606 2065 662 prae-

457 671 676 731 cederet
703 673 800 749 qui
827 673 886 731 in
918 682 1093 733 morte
1113 676 1231 751 ejus
1245 679 1493 736 omnium
1516 679 1878 753 lapidantium
1899 679 2062 737 vesti-

457 770 646 822 menta
673 765 916 822 servavit
944 767 1096 835 (Act.
1130 785 1232 826 vn.
1263 769 1366 841 57)
1394 769 1424 826 ‘l
1449 770 1507 827 Si
1537 786 1666 842 ergo
1689 770 1758 828 ad
1785 769 1890 828 ista
1917 771 2063 828 dona

455 853 546 910 vel
577 852 790 928 judicia
818 855 1034 912 occulta
1061 857 1417 928 recurrimus,
1463 859 1648 916 nullos
1693 860 1924 918 omnino
1956 861 2062 918 de-

455 951 758 1018 sperantes,
786 961 888 1004 nec
916 945 1029 1004 illis
1058 963 1159 1005 nos
1198 947 1258 1005 in
1287 949 1450 1007 corde
1479 957 1669 1010 nostro
1697 953 2060 1025 praeferimus,

455 1033 659 1108 quibus
698 1050 798 1108 pro
842 1041 1088 1110 tempore
1130 1039 1342 1112 praelati
1388 1055 1601 1112 sumus,
1644 1043 1774 1117 quia
1819 1043 1922 1101 etsi
1943 1043 2058 1117 jam

455 1123 711 1181 videmus
737 1132 1002 1198 quantum
1045 1127 1445 1200 pratcessimus,
1488 1133 1767 1190 nescimus
1791 1139 2059 1208 quantum

456 1229 584 1272 cum
613 1229 833 1272 currere
869 1216 1138 1288 coeperint
1188 1218 1580 1292 praecedamur.
1632 1221 1777 1279 Bene
1814 1238 1944 1297 ergo
1991 1223 2060 1280 ad

456 1302 678 1362 beatum
705 1304 807 1363 Job
833 1305 1042 1364 dicitur
1079 1323 1093 1364 :
1125 1307 1387 1382 Nunquid
1413 1311 1680 1384 ingressus
1708 1329 1760 1370 es
1789 1313 2060 1370 thesauros

452 1393 616 1461 nivis,
635 1399 732 1452 aut
751 1395 1023 1453 thesauros
1033 1396 1314 1468 grandinis
1331 1401 1608 1472 aspexisti,
1624 1418 1744 1474 quas
1750 1402 2064 1475 prwparaoi

451 1481 513 1539 in
537 1489 734 1558 tempus
761 1485 945 1554 hostis,
973 1485 1034 1542 in
1061 1487 1199 1543 diem
1218 1505 1412 1561 pugna
1437 1495 1486 1546 et
1513 1490 1680 1548 belli?
1700 1491 1782 1549 Ac
1799 1491 1846 1548 si
1875 1499 2060 1565 aperte

453 1569 730 1632 diceretur
761 1591 775 1631 :
801 1573 953 1633 Nulli
981 1581 1037 1632 te
1064 1573 1133 1632 de
1163 1576 1423 1650 operibus
1470 1579 1580 1637 tuis
1623 1579 1900 1654 praeferas,
1930 1580 2062 1655 quia

451 1660 523 1719 de
549 1661 640 1722 his
691 1679 830 1738 quos
883 1663 1120 1725 intueris
1173 1665 1360 1725 adhuc
1405 1684 1504 1742 per
1555 1671 1776 1744 culpam
1805 1669 2057 1744 frigidos,

456 1751 476 1787 ¹
508 1758 746 1825 quantos
798 1761 1111 1826 operatores
1153 1753 1386 1828 justitiat
1417 1765 1474 1815 et
1525 1758 1843 1819 defensores
1897 1767 2060 1817 restat

2173 593 2481 662 persecutio
2518 595 2796 652 saeviebat.
2829 597 3106 670 Scriptum
3126 597 3330 672 quippe
3357 607 3440 656 est
3471 616 3485 654 :
3518 600 3691 657 Facta
3716 607 3796 656 est

2170 693 2227 749 in
2255 689 2401 750 936
2429 693 2530 751 illa
2583 697 2669 752 die
2695 696 2988 768 persecutio
3030 714 3225 770 magna
3270 697 3329 753 in
3365 699 3626 769 Ecclesia,
3673 715 3796 772 qua

2169 791 2286 863 erat
2321 785 2682 858 Jerosolgmis,
2711 791 2759 842 et
2787 804 2962 842 omnes
3001 787 3232 860 dispersi
3267 793 3393 844 sunt
3422 805 3525 862 per
3551 789 3794 862 regiones

2169 875 2370 932 Iudaeis
2387 881 2438 930 et
2464 875 2725 932 Samaria:
2760 875 2911 949 (Act.
2943 893 3072 946 VIII,
3109 877 3188 951 1).
3221 877 3573 953 Rursumque
3602 877 3796 952 scrip-

2170 971 2287 1022 tum
2322 975 2403 1022 est
2435 983 2448 1022 :
2477 966 2675 1023 Saulus
2711 967 2884 1022 adhuc
2929 968 2952 1004 ⁸
2992 968 3208 1040 spirans
3252 969 3527 1026 minarum
3553 976 3604 1026 et
3628 969 3795 1026 cadis

2167 1054 2225 1110 in
2238 1055 2526 1129 discipulos
2539 1057 2778 1125 Domini,
2799 1057 3012 1114 accessit
3029 1059 3103 1114 ad
3115 1059 3412 1134 principem
3431 1061 3793 1118 sacerdotum:

2167 1151 2217 1200 et
2235 1146 2390 1219 petiit
2406 1146 2472 1203 ab
2500 1163 2556 1202 eo
2585 1147 2854 1220 epistolas,
2876 1163 3011 1220 quas
3039 1147 3269 1218 deferret
3284 1149 3342 1206 in
3361 1150 3690 1208 Damascum
3718 1152 3797 1208 ad

2167 1251 2480 1309 synagogas,
2523 1242 2583 1293 ut
2613 1237 2661 1293 si
2685 1253 2817 1309 quos
2858 1236 3141 1295 invenisset
3171 1239 3337 1311 hujus
3381 1239 3502 1297 vite
3541 1242 3690 1298 viros
3725 1259 3794 1300 ac

2165 1326 2436 1395 mulieres,
2463 1327 2662 1385 vinctos
2697 1329 2972 1385 deduceret
3014 1329 3073 1384 in
3099 1329 3402 1388 Jerusalem
3429 1332 3582 1400 (Act.
3613 1349 3698 1402 rx,
3731 1335 3788 1404 1,

2167 1417 2324 1490 seq.).
2357 1416 2498 1486 Quia
2524 1433 2654 1492 ergo
2689 1435 2840 1477 nunc
2867 1417 2983 1488 hic,
3012 1435 3164 1479 nunc
3181 1418 3301 1478 illic
3329 1422 3641 1494 persecutio
3669 1438 3792 1480 ex-

2168 1516 2434 1579 creverat,
2478 1509 2538 1566 bi
2575 1509 2672 1584 qui
2705 1510 2889 1568 lucem
2928 1511 3181 1569 veritatis
3217 1521 3579 1586 agnoverant,
3624 1513 3790 1590 quasi

2167 1598 2272 1656 sub
2299 1599 2494 1656 ardore
2531 1599 2701 1658 divisi
2731 1607 2895 1658 astus
2923 1600 3292 1660 anhelabant.

2237 1687 2326 1746 42.
2359 1689 2483 1746 Lux
2509 1695 2586 1747 est
2601 1689 2840 1760 justitia,
2869 1709 2986 1764 qua:
3012 1709 3115 1749 non
3139 1692 3248 1750 nisi
3264 1693 3546 1751 successive
3571 1695 3784 1768 spargi-

2170 1783 2278 1836 tur.
2308 1809 2380 1821 —
2407 1779 2515 1837 Sed
2543 1780 2673 1855 quia
2698 1781 2922 1840 beatum
2947 1782 3051 1840 Job
3083 1781 3150 1840 de
3181 1783 3417 1842 occultis
3435 1782 3667 1858 judiciis
3696 1801 3782 1842 re.

452 1838 596 1949 ﬁdei
612 1839 993 1942 sim.facturus
1014 1843 1252 1916 ignoras.
1285 1845 1444 1915 Quod
1467 1847 1598 1921 quia
1625 1865 1722 1922 per
1748 1849 2051 1907 adventum

2167 1868 2428 1942 quisitum
2456 1838 2833 1942 superioribus
2851 1838 3038 1930 dictis
3064 1838 3406 1944 audivimus,
3435 1838 3678 1949 'oportet
3719 1882 3786 1932 ut

450 1927 771 1990 Mediatoris
797 1931 998 2006 agitur,
1019 1941 1164 1992 recte
1183 1935 1539 2010 subjungitur
1571 1955 1584 1995 :

868 2049 1098 2110 CAPUT
1128 2053 1262 2111 xxx
1293 2050 1438 2128 [Rea
1477 2051 1636 2129 XII].

522 2136 695 2203 Ynns.
723 2138 814 2198 24.
845 2169 915 2182 -
941 2142 1052 2199 Per
1077 2159 1240 2220 quam
1264 2144 1410 2200 viam
1438 2144 1715 2217 spargitur
1745 2145 1840 2202 lux
1868 2147 1896 2202 ?

519 2227 611 2285 40.
643 2231 751 2286 Per
789 2231 1071 2289 adventum
1113 2235 1428 2294 Mediatoris
1477 2235 1572 2291 tua:
1599 2251 1810 2308 sparsa.
1839 2266 1912 2278 —
1938 2237 2057 2310 Ipse

450 2317 654 2392 quippe
684 2319 778 2376 via
804 2329 906 2392 est,
944 2321 1042 2398 qui
1069 2321 1148 2380 ait
1179 2340 1192 2380 :
1225 2325 1341 2396 Ego
1369 2340 1487 2380 sum
1512 2325 1624 2392 via,
1653 2326 1848 2382 veritas
1874 2333 1922 2382 et
1948 2327 2059 2384 vita

453 2405 637 2478 (Joan.
665 2411 871 2484 nv,6).
894 2411 996 2468 Per
1015 2411 1160 2470 hanc
1179 2428 1307 2486 ergo
1325 2413 1476 2470 viam
1497 2414 1596 2470 lux
1613 2415 1908 2488 spargitur,
1929 2416 2060 2490 quia

449 2510 546 2568 per
561 2495 1036 2572 ejuspratsentiam
1048 2509 1248 2560 cuncta
1258 2502 1537 2574 gentilitas
1547 2503 1876 2562 illustratur.
1895 2506 2057 2578 Spar-

447 2585 596 2658 gitur
619 2595 804 2646 autem
823 2591 1220 2649 convenienter
1233 2593 1399 2664 dixit,
1423 2594 1554 2670 quia
1566 2610 1664 2669 per
1681 2597 2055 2669 apostolorum

449 2688 616 2732 voces
633 2690 748 2734 non
767 2685 1056 2752 angustata
1083 2689 1247 2756 atque
1266 2691 1560 2754 coarctata,
1589 2685 1686 2742 sed
1714 2685 1822 2744 late
1841 2686 2056 2762 fulgens

450 2761 550 2819 lux
577 2764 987 2838 praedicationis
1027 2769 1274 2828 emicuit.
1318 2772 1459 2841 Quia
1504 2789 1656 2844 vero,
1687 2783 1908 2850 accepta
1934 2777 2056 2835 luce

448 2855 847 2927 conversionis,
891 2857 1188 2918 inardescit
1233 2862 1568 2921 intrinsecus
1613 2865 1697 2930 vis
1738 2867 1962 2937 amoris,
1993 2876 2057 2926 ut

450 2942 537 2998 vel
568 2950 842 3004 transacta
861 2948 1004 3006 mala
1023 2951 1188 3008 anxie
1210 2951 1521 3026 lugeantur,
1543 2955 1633 3012 vel
1662 2963 1896 3014 ventura
1909 2957 2055 3016 bona

450 3028 870 3104 ﬂagrantissime
931 3039 1306 3114 requirantur,
1371 3049 1749 3120 competenter
1788 3044 2055 3121 adjungi-

445 3126 584 3180 tur:

1004 3213 1234 3273 CAPUT
1285 3215 1466 3277 XXII.

513 3301 649 3357 Iam.
679 3331 752 3346 —
778 3302 1058 3360 Dividitur
1085 3313 1244 3362 astus
1271 3324 1434 3380 super
1463 3315 1690 3368 terram.

513 3389 603 3446 41.
633 3391 727 3448 Es:
753 3391 852 3448 hac
881 3395 992 3450 luce
1013 3396 1212 3468 ﬂagrat
1236 3399 1409 3455 ardor
1436 3400 1718 3460 charitatis
1745 3409 1794 3460 et
1815 3421 2055 3478 persecu-

445 3480 605 3574 tionis
623 3488 798 3542 cestus.
834 3516 906 3529 —
932 3487 1130 3562 Sparsa
1156 3491 1308 3548 enim
1339 3493 1462 3552 luce
1481 3503 1646 3554 aestus
1673 3515 1836 3574 super
1852 3510 2054 3563 terram

441 3567 736 3664 dividitur,
763 3577 914 3651 quia,
943 3593 1042 3651 per
1085 3589 1336 3654 apertum
1367 3583 1588 3658 justitia
1634 3567 1949 3664 prsedicata,
1983 3596 2054 3654 ad

441 3661 836 3734 requirendum
854 3668 1032 3726 Deum
1061 3671 1245 3729 cordis
1263 3673 1514 3732 anxietas
1533 3675 1593 3732 in
1613 3661 1878 3738 virtutem
1896 3661 2050 3742 eicer-

441 3747 702 3847 citatione
729 3753 1013 3847 dilatatur,
1043 3767 1106 3818 ut
1131 3761 1235 3820 iste
1263 3764 1322 3820 in
1345 3783 1597 3826 sermone
1627 3773 1930 3847 sapientiae,
1955 3777 2049 3836 ille

439 3839 500 3940 in
528 3857 780 3941 sermone
805 3845 1049 3906 scientiae
1069 3851 1312 3925 fulgeat;
1350 3855 1444 3915 hic
1458 3857 1519 3914 in
1547 3839 1894 3922 curationum
1915 3839 2050 3941 gra-

439 3929 535 4000 tia,
565 3929 661 4022 ille
688 3931 746 3990 in
777 3934 1050 3996 virtutum
1071 3944 1388 4016 operatione
1409 3951 1787 4022 convalescat;
1820 3964 1875 4014 et
1903 3929 2048 4016 dona

435 4021 877 4117 sanctiSpiritus
896 4025 1029 4117 dum
1046 4028 1271 4105 dispari]
1279 4033 1384 4092 iter
1402 4037 1608 4112 singuli
1630 4043 1935 4117 accipiunt,
1953 4061 2044 4104 ne-

2164 1957 2270 2015 hoc
2298 1957 2446 2032 quod
2475 1958 2542 2016 de
2570 1976 2758 2033 sparsa
2785 1960 2908 2020 luce
2953 1963 3042 2019 vel
3073 1961 3260 2020 diviso
3289 1971 3427 2021 aestu
3457 1961 3666 2022 dictum
3699 1972 3786 2022 est

2164 2041 2426 2105 subtilius
2455 2057 2882 2120 perscrutemur.
2914 2051 3127 2112 Adhuc
3155 2055 3308 2111 enim
3341 2055 3451 2112 alta
3480 2054 3783 2130 interroga-

2165 2134 2316 2194 tione
2349 2137 2668 2209 discutitur,
2715 2148 2777 2196 ut
2813 2141 3020 2199 saltem
3068 2144 3201 2218 quia
3243 2145 3453 2203 nesciat
3494 2143 3780 2213 doceatur,

2166 2227 2326 2302 eique
2345 2228 2561 2286 dicatur
2582 2249 2594 2287 :
2617 2232 2723 2288 Per
2736 2249 2898 2304 quam
2916 2233 3060 2290 ciam
3078 2237 3355 2309 spargitur
3377 2238 3494 2304 lucc,
3515 2237 3786 2294 dividitur

2165 2323 2321 2374 (estus
2349 2335 2510 2392 super
2539 2325 2738 2377 terram
2767 2324 2796 2379 7
2829 2322 2975 2392 Quid
3015 2323 3165 2380 enim
3213 2325 3354 2383 lucis
3385 2328 3634 2397 nomine,
3667 2327 3780 2386 nisi

2159 2405 2383 2480 justitia
2408 2405 2727 2484 designatur
2757 2412 2787 2471 7
2814 2413 2893 2470 De
2921 2429 3031 2488 qua
3073 2416 3343 2489 scriptum
3380 2425 3464 2476 est
3495 2437 3508 2476 :
3535 2420 3784 2493 Populus

2165 2498 2260 2571 qui
2285 2498 2491 2556 sedebat
2516 2500 2574 2556 in
2604 2501 2845 2570 tenebris,
2874 2503 3009 2560 vidit
3035 2506 3200 2562 lucem
3226 2524 3475 2580 magnam
3502 2508 3660 2582 (Isai.
3694 2528 3776 2580 Ix,

2165 2590 2246 2664 2).
2278 2591 2453 2648 Omne
2485 2599 2669 2649 autem
2699 2593 2846 2667 quod
2873 2596 3170 2669 spargitur,
3202 2614 3316 2655 non
3358 2600 3642 2670 continue,
3679 2601 3778 2660 sed

2165 2680 2268 2738 sub
2297 2681 2534 2755 quadam
2559 2683 2970 2742 intermissione
2990 2685 3250 2760 jactatur.
3274 2690 3347 2746 Et
3365 2689 3573 2748 idcirco
3592 2694 3777 2766 spargi

2166 2772 2265 2828 lux
2293 2772 2520 2844 dicitur,
2552 2775 2685 2850 quia
2711 2775 2812 2833 etsi
2836 2775 2953 2850 jam
2983 2777 3234 2852 quaedam
3263 2787 3327 2836 ut
3358 2788 3489 2838 sunt
3519 2783 3779 2856 perspici-

2166 2879 2310 2932 mus,
2341 2863 2594 2937 quaedam
2622 2872 2810 2922 tamen
2840 2866 2916 2923 ita
2943 2875 3006 2924 ut
3036 2867 3275 2926 videnda
3303 2878 3436 2928 sunt
3461 2888 3574 2928 non
3605 2871 3778 2928 vide-

2165 2967 2306 3008 mus.
2339 2951 2448 3011 Cor
2474 2969 2712 3029 namque
2726 2955 2874 3012 Petri
2890 2955 2989 3013 lux
3008 2973 3193 3030 sparsa
3211 2966 3482 3029 tenuerat,
3499 2960 3595 3036 qui
3619 2968 3774 3019 tanto

2163 3040 2316 3112 ﬁdei,
2345 3050 2502 3100 tanto
2534 3045 2929 3104 miraculorum
2949 3045 3165 3122 fulgore
3183 3050 3475 3120 claruerat,
3502 3059 3556 3108 et
3584 3059 3774 3110 tamen

2163 3135 2444 3192 conversis
2482 3135 2736 3208 gentibus
2765 3135 2898 3194 dum
2929 3137 3373 3198 circumcisionis
3407 3140 3628 3214 pondus
3653 3143 3775 3198 im-

2085 3237 2130 3300 c
2163 3231 2412 3296 poneret,
2450 3225 2586 3298 quid
2623 3233 2837 3284 rectum
2879 3225 3090 3284 diceret
3129 3227 3427 3286 nesciebat.
3474 3231 3598 3288 Lux
3641 3247 3774 3305 ergo

2167 3311 2227 3368 in
2254 3310 2358 3370 hac
2385 3311 2502 3370 vita
2528 3315 2823 3388 spargitur,
2847 3315 2978 3390 quia
3005 3317 3076 3374 ad
3103 3319 3287 3376 omnis
3333 3319 3413 3377 rei
3441 3319 3773 3395 intelligen-

2165 3400 2300 3458 tiam
2328 3402 2594 3460 continua
2618 3420 2732 3462 non
2753 3403 3007 3464 habetur.
3028 3409 3174 3464 Dum
3191 3407 3340 3465 enim
3355 3410 3510 3469 aliud
3526 3412 3674 3470 sicut
3689 3420 3773 3469 est

2164 3493 2703 3568 comprehendimus,
2721 3505 2786 3579 et
2831 3499 2984 3557 aliud
3015 3501 3354 3574 ignoramus,
3395 3505 3552 3578 quasi
3581 3521 3772 3579 sparsa

2162 3581 2286 3640 luce
2308 3591 2363 3641 et
2389 3601 2460 3642 ex
2492 3593 2644 3660 parte
2671 3576 2969 3659 cernimus,
3000 3590 3133 3648 etin
3157 3576 3490 3651 obscuritate
3515 3611 3586 3652 ex

2161 3687 2528 3734 remanemus.
2562 3677 2717 3736 Tunc
2761 3695 2894 3737 vero
2937 3679 3036 3738 lux
3083 3683 3244 3740 nobis
3285 3699 3470 3758 sparsa
3506 3683 3625 3758 jam
3653 3701 3767 3744 non

2161 3763 2284 3834 erit,
2315 3765 2536 3839 quando
2565 3783 2720 3826 mens
2763 3775 2953 3826 nostra
2991 3770 3060 3828 ad
3102 3772 3278 3830 Deum
3321 3772 3576 3832 funditus
3612 3783 3768 3849 rapta

2159 3851 2442 3907 fulgescet.

2183 3853 2442 3924 'ulgescet.

2228 3941 2317 4000 43.
2352 3945 2553 4012 Quibus
2577 3945 2748 4003 modis
2775 3947 3006 4005 humano
3033 3949 3186 4007 cordi
3208 3951 3530 4020 insinuetur,
3551 3953 3766 4026 ignora-

2158 4049 2291 4090 mus.
2310 4065 2382 4076 —
2399 4035 2472 4091 Et
2487 4036 2617 4109 quia
2637 4037 2754 4094 haec
2773 4037 2960 4095 eadem
2983 4040 3082 4096 lux
3101 4041 3302 4115 quibus
3316 4042 3495 4100 modis
3516 4043 3764 4103 humano

435 4109 668 4168 cessario
693 4111 917 4172 sibimet
936 4115 1118 4189 juncti
1144 4137 1336 4180 omnes
1364 4109 1702 4188 ιιηωίίωίιθι-
1727 4109 2045 4192 {mendax}-
2153 4123 2307 4180 cordi
2329 4123 2643 4182 insinuetur
2666 4127 2970 4200 ignoratur,
3002 4138 3148 4188 recte
3175 4133 3198 4169 ⁸
3226 4131 3284 4188 in
3309 4136 3763 4205 percunctatione

435 4201 528 4300 tur
559 4195 618 4300 (ί
798 4218 904 4272 xu,
923 4204 1004 4278 8).
1031 4203 1170 4280 [Vet.
1191 4209 1384 4288 ΧΙῙῙ.]
1415 4215 1522 4272 Sed
1549 4227 1841 4293 postquam
1860 4223 2041 4296 spargi

2167 4211 2358 4270 licitur
2394 4233 2406 4272 :
2439 4217 2545 4274 Per
2573 4195 2734 4291 quam
2755 4217 2898 4274 viam
2925 4195 3200 4292 spargitur
3231 4195 3327 4278 tua;
3347 4224 3472 4282 7A0
3499 4224 3546 4281 si
3576 4234 3762 4300 aperte

435 4283 536 4341 lux
564 4284 789 4359 dicitur,
833 4300 1010 4364 potest
1043 4283 1436 4360 convenienter
1479 4283 1716 4382 intelligi
1751 4283 1908 4384 quod
1946 4283 2044 4385 ρξι-
2151 4301 2425 4364 diceretur
2455 4324 2468 4364 :
2507 4283 2610 4366 Dic
2639 4325 2748 4382 quo
2776 4283 2972 4367 ordine
2994 4283 3272 4384 justitiam
3312 4329 3490 4372 meam
3521 4283 3762 4374 occultis

435 4382 630 4477 aestum
657 4383 964 4452 persecutio
985 4385 1321 4462 designatur,
1353 4395 1376 4430 ³
1405 4395 1535 4469 quia
1561 4404 1624 4453 ut
1653 4397 1752 4454 lux
1771 4382 2038 4472 praedi—ai.
2147 4394 2364 4452 sinibus
2391 4397 2643 4457 cordium
2673 4399 2934 4472 infunde,
2951 4382 3080 4459 cum
3109 4411 3162 4460 et
3180 4405 3201 4440 ⁷
3220 4419 3316 4477 per
3335 4420 3616 4463 accessum
3647 4423 3761 4464 non

432 4465 603 4526 tionis
634 4469 912 4544 inclaruit,
955 4492 1086 4536 mox
1119 4498 1153 4538 a
1193 4465 1529 4556 perfidorum
1572 4465 1832 4547 cordibus
1876 4492 2038 4550 ardor
2146 4487 2360 4557 Videor,
2391 4497 2446 4546 θῐ
2473 4497 2658 4548 tamen
2685 4490 2931 4550 ViSibilia
2950 4511 3115 4568 Opem
3140 4495 3434 4554 hominum
3462 4496 3765 4556 inViSibm'

431 4560 826 4656 persecutionis
852 4569 1076 4627 exarsit.
1107 4571 1245 4629 Nam
1266 4573 1415 4647 quod
1439 4591 1536 4649 per
1563 4585 1757 4636 gestum
1787 4596 2032 4654 pel-seca.
2067 4604 2116 4664 Β
2142 4583 2228 4633 ter
2255 4575 2510 4649 immuto,
2540 4597 2667 4638 cum
2695 4598 2864 4638 unam
2898 4560 3256 4660 eamdemque
3302 4593 3548 4644 mentem
3595 4588 3766 4646 modo

432 4644 512 4703 tio
537 4651 887 4751 exprimitur,
911 4655 1228 4718 dominicus
1247 4644 1427 4720 sermo
1439 4644 1702 4736 testatur,
1724 4644 2036 4742 de.jactatis

2167 4684 2268 4735 iac,
2301 4668 2466 4726 modo
2495 4644 2592 4727 illa
2611 4670 2818 4729 virtute
2844 4673 3072 4744 irradio,
3099 4681 3152 4731 et
3164 4644 3364 4732 ‘tamen
3390 4693 3488 4750 per
3515 4644 3763 4751 sparsam

427 4737 732 4840 seminibus
751 4743 772 4779 ³
797 4761 963 4819 super
989 4753 1263 4822 petrosam
1284 4757 1487 4808 terram
1516 4751 1707 4813 dicens
1735 4775 1748 4814 :
1783 4737 1903 4817 Sole
1921 4770 2038 4820 orto
2145 4759 2328 4817 lucem
2355 4759 2537 4818 adhuc
2565 4778 2634 4818 ex
2650 4770 2803 4836 parte
2823 4764 3009 4840 aliqua
3037 4737 3156 4822 eam
3175 4765 3232 4822 in
3253 4737 3583 4826 tentationis
3611 4779 3763 4828 tene‘

429 4827 451 4863 ⁴
491 4834 848 4890 destilaverunt
891 4836 1092 4906 omnia,
1121 4844 1172 4894 et
1195 4839 1325 4912 quia
1356 4857 1464 4898 non
1489 4843 1747 4902 habebant
1780 4850 2033 4922 radicem,
2142 4849 2259 4906 bris
2287 4865 2568 4906 remanere
2603 4853 2885 4924 permitto.
2917 4827 3264 4930 ‘Bequiratur
3306 4856 3476 4916 homo
3504 4861 3761 4920 nesciens

426 4927 690 5020 aruerunt
703 4923 925 4994 (Matth.
951 4941 1076 4996 xm,
1103 4927 1186 5024 ).
1211 4929 1369 4998 Quod
1387 4934 1552 5024 paulo
1578 4945 1702 5010 post
1719 4955 1846 4998 cum
1867 4959 2031 5019 expo-
2141 4957 2238 5014 per
2263 4955 2428 5014 quam
2445 4939 2593 4999 viam
2606 4923 2889 5018 spargitur
2913 4923 3046 5017 lux,-
3056 4964 3120 5006 ac
3138 4947 3185 5006 si
3216 4956 3467 5024 patenter
3492 4951 3717 5010 dicatur
3744 4972 3757 5009 :

427 5008 556 5080 suit,
615 5008 809 5072 aestum
857 5016 1297 5088 persecutionem
1339 5008 1596 5083 vocavit;
1625 5028 1820 5102 Sparsa
1860 5008 2032 5108 igitur

425 5099 547 5159 luce
573 5113 738 5164 aestus
767 5121 933 5179 super
959 5115 1161 5164 terram
1187 5109 1400 5170 divisus
1413 5121 1520 5184 est,
1539 5099 2025 5192 quia—clarescente

426 5192 541 5282 vita
593 5195 870 5261 ﬁdelium,
901 5212 1132 5255 accensa
1183 5207 1264 5257 est
1310 5203 1608 5266 crudelitas
1660 5212 2018 5282 perﬁdorum.

423 5281 649 5343 Divisus
675 5301 914 5360 namque
945 5295 1110 5346 aestus
1133 5297 1268 5361 erat,
1297 5293 1516 5367 quando
1551 5281 1702 5360 nunc
1729 5301 2019 5380 Jerosoly-

500 5470 520 5546 ξ
547 5467 745 5546 μαψ,
767 5485 928 5546 quam
951 5489 1050 5546 per
1074 5481 1274 5531 actores
1291 5477 1536 5546 justitice.

497 5539 522 5578 ²
550 5539 748 5628 Laud?
791 5539 967 5628 Co‘rbf
997 5544 1206 5616 Germ.,
1248 5539 1446 5608 Pratel.
1477 5563 1530 5610 et
1579 5555 1698 5625 alii,
1747 5559 1874 5628 quia
1893 5562 2031 5616 enim

427 5609 542 5665 lux.
555 5647 592 5664 ..
625 5610 900 5678 inclaruit,
930 5633 1074 5673 mox.

495 5679 521 5772 ξ
549 5679 810 5772 trigidae,
844 5684 1003 5744 Corb.
1037 5689 1245 5764 Germ.,
1275 5695 1473 5754 Pratel.
1508 5708 1562 5755 et
1587 5701 1656 5757 al.
1682 5702 1898 5772 Norm.,
1929 5722 2032 5760 su-

420 5765 521 5824 per
545 5759 783 5824 petrosa.

497 5823 518 5858 ⁴
550 5823 716 5883 Corb.
748 5827 956 5901 Germ.,
988 5835 1188 5893 Pratel.
1225 5847 1280 5896 et
1311 5839 1477 5910 Utic.,
1515 5851 1871 5903 wstuaverunt
1909 5865 2034 5906 om-

2136 5037 2281 5094 Dum
2310 5033 2450 5094 dura
2476 5036 2642 5096 corda
2669 5039 2917 5111 emollio,
2958 5039 3093 5098 dum
3121 5041 3300 5115 rigida
3341 5041 3589 5114 inﬂecto,
3623 5045 3758 5105 dum

2134 5142 2325 5201 aspera
2357 5127 2574 5204 mitigo,
2606 5127 2740 5187 dum
2771 5131 2973 5206 frigida
3001 5133 3263 5204 accendo,
3284 5133 3418 5191 dum
3440 5133 3652 5194 debilia
3671 5154 3757 5194 ro-

2131 5213 2289 5286 boro,
2319 5217 2453 5276 dum
2473 5235 2608 5294 vaga
2634 5219 2878 5292 stabilio,
2900 5222 3034 5280 dum
3055 5225 3311 5282 nutantia
3335 5226 3631 5299 conﬁrmo,
3657 5229 3745 5285 in-

2127 5311 2306 5376 tuere,
2335 5306 2383 5365 si
2407 5309 2574 5380 vales,
2607 5309 3028 5386 incorporaliter
3042 5315 3272 5373 veniens
3287 5317 3492 5390 quibus
3506 5333 3572 5375 ea
3601 5326 3752 5376 mea-

2139 5514 2246 5552 nes.

2210 5569 2486 5694 :lePratel.,
2528 5571 2671 5628 Utic.
2713 5581 2767 5630 et
2811 5574 2884 5630 al.
2919 5574 3134 5646 Norm.,
3169 5575 3438 5650 inspirans
3479 5579 3659 5634 minas
3705 5585 3752 5634 et

2271 5658 2316 5694 s.
2733 5662 2740 5667 ο

2138 5657 2298 5694 σωαθδ
2305 5683 2316 5694 .
2733 5662 2740 5667 ’

2213 5713 2234 5746 δ
2266 5711 2523 5794 Ιλοηείρη
2544 5731 2642 5786 per
2667 5715 3126 5790 interrogationem
3148 5719 3364 5776 dicitur.
3383 5721 3584 5791 Laud.,
3615 5729 3747 5777 recte

2135 5799 2234 5852 per
2259 5790 2654 5840 cunctationem.

2218 5857 2234 5889 7
2267 5855 2466 5924 Laud,
2485 5873 2588 5928 per
2614 5874 2906 5930 ascensum,
2938 5860 3155 5918 vitiose.
