3920 6414
138 398 242 454 501

901 405 1278 465 MOBALIUM
1315 410 1450 467 LIB.
1492 412 1702 469 XXIX.
1742 442 1814 457 —
1852 414 1925 472 IN
1961 415 2189 473 CAPUT
2230 418 2521 476 XXXVIII
2562 423 2622 476 Β.
2664 423 2805 478 JOB.

3399 428 3505 485 502

142 525 303 584 tibus
334 524 615 586 illustro.
634 529 764 586 Haec
782 530 986 606 quippe
1011 534 1201 590 omnia
1218 550 1320 593 nos
1332 535 1478 595 facta
1494 539 1791 611 cernimus,
1822 542 1874 603 A
1902 541 2144 611 scondit,
2183 551 2330 602 recte
2352 543 2558 602 dicitur
2581 563 2593 601 :
2617 546 2892 604 Dividitur
2920 556 3076 606 (estus
3101 566 3262 627 super
3282 559 3501 612 termm.

138 631 269 673 nam
295 616 576 692 qualiter
594 620 928 679 intrinsecus
947 622 1260 682 eﬂiciantur
1278 626 1612 699 ignoramus.
1637 631 1790 689 Hanc

139 706 292 765 viam
327 707 492 767 lucis
530 726 656 769 esse
684 712 849 769 nobis
878 713 1243 785 invisibilem,
1278 718 1337 775 in
1356 720 1660 794 Evangelia
1684 723 1788 780 Ve-

138 796 276 854 ritas
307 800 610 871 ostendit,
630 800 823 859 dicens
848 820 860 858 :
897 804 1133 876 Spiritus
1153 808 1245 863 ubi
1264 811 1376 865 vult
1393 812 1570 884 spirat
1590 830 1611 878 ;
1636 819 1686 868 et
1700 830 1788 869 vo-

138 903 240 944 cem
274 887 409 959 ejus
441 892 642 959 audis,
677 893 695 927 ¹
725 897 774 949 et
804 894 972 950 nescis
1001 896 1138 951 unde
1182 899 1360 955 veniat
1398 907 1447 955 et
1480 918 1584 973 quo
1629 903 1791 961 vadat

133 977 333 1048 (Joan.
370 995 468 1048 ιιι,
506 980 602 1053 8).

207 1066 363 1142 [Vet.
402 1071 502 1127 XI
508 1070 605 1149 V.]
635 1071 726 1129 44.
759 1072 874 1130 Hac
904 1075 1016 1131 luce
1039 1082 1310 1147 crescente,
1341 1081 1647 1138 tentationes
1675 1100 1787 1139 suc-

134 1165 415 1215 crescunt.
440 1190 526 1203 —-
559 1162 666 1218 Sed
696 1164 828 1237 quia
856 1182 984 1222 cum
1015 1166 1115 1223 lux
1143 1168 1417 1241 spargitur
1444 1186 1574 1227 mox
1602 1172 1670 1229 ab
1700 1190 1786 1231 oc-

133 1248 657 1308 culto‘adversario
671 1261 864 1311 contra
876 1255 1176 1328 fulgentem
1194 1269 1433 1316 mentem
1448 1268 1788 1321 tentamenta

134 1349 550 1409 succrescunt,
569 1352 715 1400 recte
735 1344 1111 1420 subjungitur:
1137 1348 1416 1406 Dividitur
1443 1360 1601 1408 cestus
1626 1371 1785 1427 super

134 1434 365 1485 terram.
422 1429 632 1488 Hostis
674 1449 914 1508 namque
961 1436 1198 1495 callidus
1228 1454 1366 1513 quos
1400 1440 1632 1515 justitiae
1664 1444 1784 1501 luce

132 1518 457 1577 enitescere
491 1522 796 1596 conspicit,
823 1540 1014 1582 eorum
1036 1536 1249 1585 mentes
1268 1528 1481 1588 illicitis
1495 1531 1784 1592 desideriis

133 1608 510 1669 inﬂammare
565 1613 877 1686 contendit,
917 1626 981 1675 ut
1024 1619 1349 1696 plerumque
1395 1624 1520 1698 plus
1552 1632 1697 1693 937
1726 1643 1783 1685 se

130 1712 322 1784 urgeri
354 1713 788 1772 tentationibus
833 1718 1095 1789 sentiant,
1128 1739 1292 1797 quam
1322 1732 1456 1784 tunc
1483 1743 1607 1785 cum
1640 1725 1781 1785 lucis

130 1799 373 1860 internae
404 1802 613 1862 radios
640 1821 757 1863 non
786 1806 1076 1868 videbant.
1100 1812 1255 1871 Unde
1275 1824 1328 1872 et
1356 1817 1614 1874 Israelita
1635 1826 1779 1891 post-

1968 631 2057 690 46.
2096 633 2239 691 Deus
2270 634 2577 690 tentationes
2603 637 2933 717 moderatur,
2962 657 3026 697 ne
3052 649 3148 698 aut
3168 644 3349 701 multae
3373 645 3503 714 sint,

1897 728 1995 779 aut
2012 722 2207 780 nimia.
2232 755 2303 766 —
2331 723 2437 781 Sed
2471 741 2596 782 cum
2619 726 2978 799 praemittitur
3004 748 3016 787 :
3048 732 3156 789 Per
3173 749 3333 805 quam
3360 736 3506 792 viam

1897 821 2173 887 spargitur
2204 817 2320 872 luat.
2352 816 2660 892 Statimque
2688 816 3042 892 subjungitur
3076 838 3087 876 :
3115 821 3393 879 Dividitur
3418 843 3503 883 ω·-

1898 909 2007 959 stus
2037 922 2198 978 super
2228 912 2447 964 terram.
2480 906 2755 966 Nimirum
2804 925 2902 985 per
2946 910 3195 968 eamdem
3224 913 3370 970 viam
3409 932 3504 988 per

1898 1008 2062 1067 quam
2100 996 2200 1051 lux
2244 997 2522 1070 spargitur
2566 997 2732 1054 etiam
2781 997 2958 1055 dividi
3008 1008 3174 1058 aestus
3203 1000 3502 1062 indicatur.

1896 1083 2027 1139 Alta
2055 1083 2258 1157 quippe
2282 1094 2445 1159 atque
2462 1085 3042 1160 incomprehensibilis
3065 1090 3305 1164 Spiritus
3328 1093 3504 1159 sancti

1896 1172 2072 1245 gratia
2098 1189 2226 1230 cum
2256 1175 2379 1232 luce
2408 1192 2510 1232 sua
2536 1184 2753 1236 nostras
2800 1186 3012 1238 mentes
3058 1180 3306 1254 irradiat,
3337 1185 3503 1241 etiam

1895 1262 2228 1322 tentationes
2257 1264 2562 1323 adversarii
2592 1266 2961 1340 dispensanda
2992 1269 3296 1341 modiﬁcat,
3328 1281 3390 1330 ut
3417 1271 3504 1329 si-

1894 1354 2010 1410 mul
2041 1353 2228 1412 multa;
2258 1372 2369 1413 non
2404 1355 2654 1423 veniant,
2686 1365 2782 1415 aut
2808 1358 2940 1433 ipsa:
2970 1362 3356 1421 tantummodo
3381 1379 3505 1439 qua:

1893 1442 2026 1502 ferri
2057 1455 2287 1517 possunt
2321 1447 2653 1503 illustratam
2692 1446 2808 1522 jam
2849 1465 2882 1506 a
2923 1451 3036 1509 Deo
3082 1452 3324 1510 animam
3369 1461 3503 1511 tan-

1894 1542 2043 1605 gant,
2076 1541 2138 1590 ut
2165 1551 2292 1592 cum
2322 1544 2501 1593 tactus
2531 1537 2615 1593 sui
2646 1538 2839 1595 ardore
2885 1557 2985 1596 nos
3012 1542 3282 1613 cruciant,
3312 1543 3503 1618 perfe-

1892 1624 2094 1681 ctionis
2122 1623 2383 1682 incendio
2415 1643 2526 1684 non
2562 1636 2839 1699 exurant;
2873 1630 3043 1687 Paulo
3072 1638 3362 1689 attestante
3400 1634 3499 1709 qui

1891 1712 1969 1770 ait
2000 1732 2011 1770 :
2045 1714 2245 1771 Fidelis
2282 1722 2462 1772 autem
2504 1717 2669 1788 Deus,
2708 1719 2805 1791 qui
2855 1737 2963 1776 non
2997 1723 3236 1794 patietur
3262 1740 3353 1779 vos
3383 1729 3505 1779 ten-

1891 1802 1999 1878 tari
2028 1805 2051 1838 ³
2080 1820 2248 1876 supra
2274 1804 2331 1859 id
2358 1806 2499 1877 quod
2546 1808 2785 1878 potestis,
2829 1809 2919 1865 sed
2958 1808 3120 1879 faciet
3162 1829 3281 1866 cum
3324 1818 3501 1868 tenta-

131 1908 301 1965 quam
334 1894 545 1951 νοοεηί
578 1904 734 1967 sunt,
765 1907 957 1957 contra
983 1903 1211 1977 Moysen
1242 1905 1265 1940 ι
1294 1913 1348 1962 ει
1376 1906 1563 1963 Aaron
1595 1907 1662 1965 de
1682 1924 1777 1965 ex.
1803 1906 1850 1967 Β
1889 1892 2026 1949 tione
2055 1894 2075 1928 ⁷
2101 1893 2258 1948 etiam
2287 1895 2508 1961 exitum,
2559 1901 2620 1950 ut
2661 1896 2879 1969 possitis
2908 1898 3163 1954 sustinere
3194 1899 3253 1973 (I
3280 1900 3407 1959 Cor.
3438 1918 3496 1970 x,

129 1992 429 2042 crescente
465 1985 667 2043 labore
694 1999 1134 2063 conquerantur,
1154 1994 1427 2054 dicentes:
1460 2000 1655 2058 .Videat
1670 2001 1776 2058 Do-

130 2077 310 2133 minus
339 2084 394 2134 et
414 2077 659 2150 judicet,
687 2082 942 2152 quoniam
968 2083 1149 2156 fatere
1172 2087 1370 2159 fecistis
1399 2092 1614 2149 odorem
1641 2112 1776 2150 nos-

132 2177 277 2228 trum
300 2190 508 2230 coram
540 2174 829 2233 Pharaone
854 2184 904 2234 et
945 2182 1111 2237 servis
1151 2182 1285 2253 ejus,
1329 2191 1377 2240 et
1398 2187 1705 2259 prwbuistis
1730 2186 1777 2246 ei

128 2260 402 2333 gladium,
438 2271 510 2321 ut
540 2266 861 2341 interﬁceret
877 2286 973 2326 nos
1000 2270 1202 2343 (Exod.
1225 2291 1281 2343 v,
1304 2274 1420 2350 2i).
1444 2276 1775 2337 Volentibus

130 2353 338 2426 quippe
396 2370 479 2412 ex
512 2355 761 2430 Egypto
808 2357 1114 2432 discedere,
1158 2360 1369 2420 Pharao
1405 2366 1587 2439 paleas
1632 2368 1775 2426 sub—

132 2448 406 2512 traxerat,
443 2452 507 2501 et
537 2452 726 2502 tamen
755 2446 1001 2519 ejusdem
1033 2467 1304 2510 mensurae
1335 2456 1356 2489 ³
1386 2472 1549 2529 opera
1577 2459 1773 2534 requi-

132 2531 305 2590 rebat.
339 2534 535 2603 Quasi
566 2551 694 2609 ergo
723 2547 916 2595 contra
943 2540 1116 2613 legem
1149 2559 1304 2602 mens
1333 2531 1771 2620 submurmurat,

134 2629 254 2694 post
268 2621 449 2697 cujus
470 2625 853 2698 cognitionem
874 2630 1243 2687 tentationum
1266 2634 1520 2693 stimulos
1535 2637 1773 2695 acriores

133 2720 353 2784 portat;
390 2720 455 2770 et
486 2731 617 2772 cum
648 2715 754 2772 sibi
785 2717 998 2775 labores
1027 2726 1586 2799 crescere-conspicit,
1618 2727 1676 2784 in
1708 2745 1772 2785 eo

137 2802 281 2874 quod
308 2803 655 2861 adversario
701 2805 981 2881 displicet,
1012 2812 1169 2884 quasi
1216 2813 1384 2872 fetere
1413 2831 1469 2871 se
1506 2816 1564 2873 in
1595 2820 1772 2875 oculis

134 2890 458 2950 Pharaonis
507 2891 677 2951 dolet.
723 2894 855 2952 Post
901 2897 1079 2956 lucem
1113 2916 1241 2973 ergo
1287 2913 1451 2961 aestus
1496 2906 1768 2979 sequitur,

137 2980 260 3054 quia
282 2991 424 3055 post
458 2981 938 3043 illuminationem
969 2987 1150 3045 divini
1180 2992 1427 3049 muneris
1448 2994 1769 3053 tentationis

135 3079 425 3129 certamen
460 3080 718 3145 augetur.

198 3159 291 3219 45.
325 3164 452 3220 Pro
488 3161 907 3236 uniuscujusque
946 3165 1124 3223 indole
1152 3168 1314 3225 hostis
1340 3169 1412 3225 ad
1441 3172 1643 3228 malum
1670 3188 1766 3229 nos

1888 1982 2004 2055 13).
2037 1984 2196 2039 Hunc
2224 2000 2352 2057 ergo
2383 1993 2579 2041 aestum
2615 1985 2777 2043 aliter
2814 1985 3020 2044 dividit
3048 1988 3281 2047 callidus
3309 1991 3330 2025 ⁸
3360 2007 3501 2065 sup-

1884 2075 2178 2149 plantator,
2211 2075 2373 2131 aliter
2402 2075 2719 2133 misericors
2746 2077 3021 2135 conditor.
3064 2078 3162 2135 Ille
3203 2079 3409 2138 dividit
3436 2089 3499 2138 ut

1884 2181 1981 2238 per
2015 2165 2175 2221 illum
2213 2164 2380 2222 citius
2428 2165 2732 2236 interimat,
2779 2165 2882 2224 iste
2910 2174 2973 2224 ut
3000 2184 3125 2224 eum
3153 2168 3497 2227 tolerabilem

1883 2253 2096 2311 reddat.
2137 2254 2211 2310 Et
2240 2254 2369 2328 quia
2398 2271 2525 2312 cum
2563 2256 2869 2313 tentatione
2910 2255 3226 2331 fatigamur,
3255 2276 3368 2315 non
3397 2276 3498 2317 so-

1882 2344 1999 2403 lum
2032 2345 2254 2402 interno
2279 2345 2381 2402 Dei
2414 2346 2616 2420 spiritu
2655 2346 3005 2417 instruimur,
3038 2346 3133 2406 sed
3159 2348 3323 2406 etiam
3349 2358 3499 2407 exte-

1882 2436 2125 2493 rioribus
2156 2436 2578 2511 praedicantium
2610 2436 2794 2495 verbis
2822 2436 3171 2511 adjuvamur,
3204 2446 3349 2498 recte
3372 2447 3498 2514 post

1882 2523 2125 2585 divisum
2156 2536 2350 2584 aestum
2381 2526 2639 2584 subditur
2671 2546 2683 2584 :

2119 2613 2347 2673 CAPUT
2377 2616 2564 2674 XXIII
2595 2615 2735 2692 [Vet.
2768 2618 2886 2684 XV,
2917 2618 3038 2677 Rec.
3070 2615 3261 2693 xm].

1953 2712 2125 2769 Vsus.
2158 2712 2248 2771 25.
2278 2745 2350 2757 —
2379 2710 2524 2770 938
2569 2715 2699 2785 Quis
2728 2716 2871 2773 dedit
2897 2715 3337 2773 vehementissimo
3384 2715 3495 2774 im-

1883 2800 1966 2857 bri
1994 2819 2209 2858 cursum
2237 2806 2265 2860 ?
2378 2824 2384 2829 ·

1951 2889 2040 2946 47.
2095 2890 2361 2947 Crescente
2402 2894 2783 2964 persecutione,
2840 2894 3005 2952 crevit
3047 2895 3411 2967 apostolorum
3445 2900 3495 2951 et

1878 2985 2184 3035 sanctorum
2206 2981 2623 3052 praedicatorum
2665 2983 2857 3040 ardor.
2891 2983 3236 3052 Praedicatio,
3265 2990 3492 3041 cessante

1875 3070 2076 3142 gratia,
2115 3071 2189 3127 ad
2236 3087 2327 3126 cor
2371 3089 2479 3127 non
2513 3072 2726 3129 transit.
2767 3104 2838 3115 —
2865 3072 2923 3131 Si
2964 3090 3115 3143 vero,
3148 3081 3211 3131 ut
3236 3074 3490 3147 superius

1877 3157 2125 3216 diximus
2151 3159 2335 3231 (Num.
2367 3160 2483 3233 41),
2518 3159 2685 3218 divisi
2717 3169 2881 3220 aestus
2910 3161 3134 3218 nomine
3166 3160 3263 3218 illa
3292 3158 3349 3217 in
3379 3162 3487 3219 Ju-

134 3249 411 3308 sollicitat.
458 3283 537 3293 —
564 3252 731 3311 Recte
761 3269 894 3310 vero
922 3255 1088 3311 etiam
1134 3255 1314 3314 dividi
1343 3267 1508 3316 aestus
1537 3260 1752 3332 dicitur1

1884 3248 2007 3306 [Ιεεω
2058 3249 2376 3321 regionibus
2427 3251 2736 3324 persecutio
2786 3251 3126 3325 designatur,
3186 3252 3318 3325 quia
3369 3253 3488 3326 ipsa

137 3340 262 3412 quia
292 3340 583 3397 nimirum
614 3358 726 3399 non
756 3341 963 3417 singuli
1006 3346 1285 3416 omnibus,
1319 3348 1414 3405 sed
1435 3349 1766 3423 quibusdam

138 3429 336 3488 vicinis
367 3448 437 3490 ac
461 3432 635 3507 juxta
670 3434 866 3507 positis
894 3436 1050 3494 vitiis
1077 3437 1398 3512 fatigantur.
1427 3441 1588 3499 Prius
1616 3441 1766 3499 enim

136 3523 599 3594 conspersionem
630 3524 1068 3602 uniuscujusque
1111 3529 1373 3604 antiquus
1419 3530 1767 3591 adversarius

139 3610 423 3683 perspicit,
457 3620 519 3674 et
557 3620 690 3672 tunc
718 3616 1042 3674 tentationis
1072 3619 1295 3692 laqueos
1323 3621 1570 3692 apponit.
1604 3622 1765 3681 Alius

138 3711 373 3773 namque
404 3700 578 3769 laetis,
623 3703 766 3761 alius
812 3705 1090 3777 tristibus,
1144 3708 1288 3765 alius
1326 3708 1565 3780 timidis,
1621 3710 1763 3768 alius

140 3785 291 3844 elatis
321 3790 588 3847 moribus
618 3793 833 3851 existit.
884 3795 1004 3862 Quo
1035 3812 1163 3869 ergo
1201 3797 1453 3855 occultus
1496 3799 1763 3857 adversa-

140 3875 251 3934 rius
279 3878 452 3938 facile
515 3882 717 3954 capiat,
750 3883 964 3942 vicinas
993 3888 1015 3921 ⁴
1064 3887 1550 3960 conspersionibus
1593 3889 1763 3949 dece-

144 3964 355 4035 ptiones
384 3979 572 4044 parat.
635 3972 777 4040 Quia
817 3973 1022 4030 etenim
1072 3975 1277 4034 laetitiae
1322 3977 1578 4051 voluptas
1600 3977 1764 4053 juxta

142 4063 239 4121 est,
269 4057 415 4116 laetis
446 4061 705 4118 moribus
735 4062 1018 4120 luxuriam
1050 4065 1329 4139 proponit.
1347 4067 1421 4123 Et
1449 4068 1578 4142 quia
1593 4069 1760 4126 tristi-

145 4142 217 4200 tia
243 4146 301 4203 in
332 4148 477 4207 iram
516 4149 679 4208 facile
710 4151 934 4223 labitur,
965 4154 1221 4212 tristibus
1249 4158 1510 4228 poculum
1540 4158 1760 4218 discor-

145 4229 243 4322 diae
264 4238 532 4312 porrigit.
556 4239 700 4308 Quia
714 4239 901 4299 timidi
922 4243 1194 4317 supplicia
1213 4244 1535 4317 formidant,
1559 4265 1758 4322 paven-

150 4320 287 4408 tibus
316 4334 566 4386 terrores
596 4330 941 4388 intentat.Et
973 4335 1103 4408 quia
1134 4335 1309 4392 elatos
1333 4336 1530 4393 extolli
1560 4320 1760 4396 laudi-

146 4407 241 4468 bus
268 4417 575 4491 conspicit,
605 4436 698 4477 eos
725 4420 795 4477 ad
825 4438 1054 4497 quaeque
1084 4425 1324 4482 voluerit
1351 4424 1570 4484 blandis
1590 4427 1759 4484 favo-

148 4497 292 4558 ribus
321 4506 525 4563 trahit.
558 4507 806 4582 Singulis
830 4509 1001 4583 igitur
1022 4509 1346 4571 bominibus
1373 4514 1531 4573 vitiis
1558 4531 1756 4573 conve-

1877 3339 2279 3413 persecutionis
2302 3342 2566 3414 asperitas
2595 3341 2980 3415 praedicatores
3008 3348 3227 3398 sanctos
3250 3358 3487 3415 superno

1875 3444 2103 3484 munere
2133 3427 2349 3502 adjutos
2366 3446 2397 3486 a
2415 3431 2824 3504 praedicationis
2854 3448 2966 3488 suae
2995 3431 3306 3488 ministerio
3330 3432 3486 3489 nullo

1874 3519 2074 3577 timore
2104 3522 2461 3595 compescuit,
2494 3529 2617 3595 apte
2645 3522 2933 3597 subjungit
2965 3542 2976 3580 :
3013 3524 3143 3592 Quis
3167 3524 3310 3581 dedit
3346 3526 3486 3581 vehe-

1872 3610 2196 3667 mentissimo
2232 3611 2393 3667 imbri
2426 3628 2641 3669 cursum
2670 3614 2699 3670 ?
2728 3613 2809 3670 Ac
2851 3612 2899 3669 si
2941 3612 3149 3671 diceret
3180 3630 3194 3670 :
3227 3613 3337 3670 nisi
3364 3629 3482 3687 ego.

1872 3699 2068 3758 Diviso
2109 3700 2261 3759 enim
2311 3710 2467 3772 aestu,
2518 3718 2743 3761 cursum
2791 3703 3277 3761 vehementissimo
3315 3703 3483 3760 imbri

1872 3787 2092 3847 dedisse
2122 3799 2203 3849 est
2234 3790 2380 3848 inter
2396 3791 2544 3867 ipsas
2564 3790 2966 3868 persecutionis
2990 3794 3269 3868 angustias
3289 3792 3483 3866 praedi-

1871 3878 2106 3937 cationis
2136 3880 2404 3955 impetum
2436 3881 2743 3953 roborasse,
2775 3884 2797 3919 θ
2830 3890 2892 3939 ut
2916 3890 3072 3940 tanto
3098 3883 3272 3956 magis
3301 3882 3480 3941 virtus

1871 3969 2292 4043 praedicandum
2336 3979 2620 4041 cresceret,
2672 3979 2877 4045 quanto
2925 3973 3101 4046 magis
3140 3988 3480 4046 persequen-

1870 4059 2012 4115 tium
2043 4059 2341 4118 crudelitas
2361 4060 2633 4130 obviaret,
2666 4068 2936 4134 quatenus
2963 4060 3177 4118 arentia
3201 4058 3367 4118 corda
3384 4076 3477 4119 au-

1870 4148 2143 4206 dientium
2185 4150 2391 4222 pluviae
2439 4152 2610 4222 guttis
2649 4149 3028 4220 infunderent,
3073 4157 3127 4207 et
3172 4149 3475 4208 siccitatem

1869 4236 2114 4309 perﬁdia;
2138 4237 2364 4296 uberius
2401 4239 2714 4313 irrigarent,
2760 4248 2822 4297 ut
2869 4239 3122 4314 quamvis
3167 4246 3360 4297 contra
3384 4255 3477 4296 eos

1867 4329 2094 4386 saevitiae
2125 4337 2289 4387 aestus
2317 4331 2688 4401 candesceret,
2722 4348 2817 4403 per
2859 4348 2952 4388 eos
2988 4339 3172 4390 tamen
3202 4346 3315 4388 vox
3343 4346 3477 4405 gra-

1864 4418 1957 4475 tiae
1988 4434 2099 4475 non
2129 4426 2351 4478 taceret.
2381 4421 2539 4477 Hunc
2566 4419 2963 4493 persecutionis
2981 4427 3175 4477 aestum
3200 4419 3402 4477 Paulus
3422 4428 3477 4477 et

1863 4507 2133 4565 tolerabat
2160 4515 2216 4566 et
2244 4508 2526 4582 irrigabat,
2557 4526 2683 4567 cum
2704 4509 2913 4567 diceret
2945 4526 2956 4565 ε
2990 4509 3203 4566 Laboro
3224 4526 3386 4580 usque
3404 4509 3476 4565 ad

148 4587 423 4652 aientibus
447 4594 770 4654 insidiatur.
789 4599 977 4674 Neque
1006 4601 1154 4657 enim
1178 4601 1341 4660 facile
1360 4604 1684 4677 captivaret,
1708 4607 1752 4665 si

1884 4597 2099 4667 aincula,
2129 4599 2286 4670 quasi
2313 4602 2451 4657 male
2487 4616 2736 4674 operam,
2780 4600 2869 4656 sed
2914 4600 3127 4656 verbum
3151 4599 3252 4656 Dei
3277 4616 3381 4655 non
3402 4605 3479 4655 est

151 4684 237 4768 aut
264 4681 573 4744 luxuriosis
604 4689 853 4762 pramia,
870 4698 965 4747 aut
994 4691 1176 4749 avaris
1204 4700 1387 4750 scorta
1405 4703 1755 4768 proponeret,

152 4764 196 4821 si
223 4779 316 4828 aut
343 4791 577 4835 voraces
604 4778 671 4836 de
704 4779 1056 4838 abstinentiae
1078 4782 1270 4854 gloria,
1293 4790 1389 4840 aut
1406 4764 1757 4852 abstinentes

153 4854 214 4913 de
243 4863 378 4932 gulae
415 4866 801 4927 imbecillitate
829 4872 1090 4944 pulsaret,
1113 4872 1160 4928 si
1190 4873 1354 4930 mites
1382 4891 1479 4948 per
1506 4876 1754 4934 studium

156 4954 461 5014 certaminis
489 4966 584 5016 aut
614 4959 907 5017 iracundos
937 4976 1127 5034 capere
1157 4962 1178 4997 ⁵
1214 4978 1311 5035 per
1340 4978 1598 5035 pavorem
1628 4966 1755 5024 for-

158 5036 373 5101 midinis
399 5057 688 5120 quaareret.
736 5050 879 5120 Quia
906 5068 1034 5124 ergo
1081 5049 1140 5106 in
1189 5053 1512 5111 tentationis
1556 5055 1751 5114 ardore

157 5127 345 5190 callide
372 5136 608 5213 singulis
627 5140 898 5199 insidians
919 5141 1134 5201 vicinos
1148 5142 1396 5200 moribus
1414 5144 1639 5219 laqueos
1656 5145 1747 5204 ab-

202 5348 205 5355 .
230 5301 244 5334 ¹
273 5303 530 5384 ᾚιιάορη
560 5311 733 5371 Laud.
764 5320 818 5370 et
846 5313 1008 5372 Corb.
1042 5314 1252 5384 Germ.,
1274 5315 1363 5370 sed
1390 5316 1556 5372 nescis
1583 5318 1739 5373 unde.

160 5366 233 5424 lla
258 5376 417 5436 etiam
445 5366 741 5441 eraditis
771 5366 914 5442 litic.

161 5441 502 5583 Ρτξιὲῗῗδέιξί
519 5455 709 5512 Aaron
736 5456 795 5513 in
825 5441 988 5532 (ἶσιῗδ-
1013 5455 1224 5529 Germ.,
1245 5457 1507 5528 Vindoc.,
1537 5459 1737 5530 Laud.,

192 5631 196 5635 η
522 5598 726 5673 aliique
768 5601 959 5673 Norm.
1001 5618 1065 5659 ac
1111 5602 1371 5672 Vindoc.,
1409 5605 1597 5661 lateres
1624 5621 1684 5660 re

192 5631 196 5635 .
273 5622 488 5654 nurum.
522 5622 726 5673 umque
769 5622 959 5659 norm.
1001 5622 1065 5659 ac
1122 5622 1371 5672 vmuoc.,
1409 5622 1597 5661 maeres
1624 5622 1736 5731 νῖῖ.

165 5656 248 5775 In:
274 5659 806 5775 Illll'lellliigg'i‘tncoapogis
819 5682 873 5731 et
896 5674 1096 5731 animae
1114 5676 1300 5732 varios
1328 5675 1569 5733 habitus.
1596 5676 1667 5733 Vi
1710 5692 1736 5732 e

184 5723 252 5809 ib;
272 5746 341 5809 In
359 5723 616 5809 Diti-leg;
629 5723 684 5799 'c‘.

184 5798 331 5888 ,ξε-1η
355 5807 499 5867 Edit.
527 5798 699 5888 Basil.
727 5798 893 5888 ista,
923 5817 1094 5873 Paris.
1131 5818 1286 5887 1518,
1319 5818 1513 5885 Gilot.,
1531 5818 1738 5888 Vatia,

166 5865 437 5951 Gussanv.,
447 5865 452 5866 ί
460 5865 569 5956 pe?
579 5865 832 5956 ista;
844 5865 1513 5960 mediisramus
1531 5865 1737 5960 ista:

1867 4690 2150 4763 alligatum
2181 4690 2270 4763 (II
2302 4690 2437 4748 Tim.
2484 4707 2547 4761 ιι,
2579 4690 2660 4763 9).
2691 4691 2771 4748 De
2800 4688 2906 4748 hoc
2952 4689 3129 4747 imbre
3159 4687 3293 4745 alias
3320 4687 3474 4746 dici-

1865 4787 1957 4837 tur
1988 4798 2000 4838 :
2032 4780 2297 4839 Mandabo
2327 4780 2552 4837 nubibus
2596 4797 2660 4836 ne
2698 4782 2895 4854 pluunt
2919 4785 3079 4852 supér
3105 4796 3219 4835 eam
3256 4777 3472 4834 imbrem

1867 4869 2024 4944 (Isai.
2056 4889 2112 4941 v,
2143 4871 2224 4946 6).
2255 4872 2335 4928 De
2362 4871 2468 4930 hoc
2497 4888 2663 4930 cursu
2708 4870 2904 4927 imbris
2949 4869 3046 4944 qui
3080 4870 3139 4926 in
3168 4869 3470 4927 electorum

1862 4962 2123 5022 cordibus
2151 4964 2332 5037 agitur
2358 4963 2651 5020 Psalmista
2679 4969 2931 5032 testatur,
2949 4960 3140 5018 dicens
3168 4976 3182 5015 :
3219 4955 3471 5015 Velociter

1859 5052 2036 5108 currit
2061 5070 2230 5110 sermo
2251 5069 2365 5124 ejus
2392 5052 2565 5126 (Psal.
2599 5069 2811 5121 cxnvn,
2841 5049 2955 5124 15).
2986 5049 3316 5121 Plerumque
3335 5062 3469 5103 vero

1856 5140 2034 5199 imber
2059 5148 2159 5213 est,
2191 5148 2246 5200 et
2269 5158 2495 5202 cursum
2523 5158 2636 5200 non
2671 5140 2857 5209 habet,
2888 5139 3019 5212 quia
3044 5136 3366 5211 praedicatio
3393 5136 3465 5194 ad

1890 5327 2013 5385 uein
2042 5310 2359 5385 curavimus
2381 5310 2670 5385 emendare
2689 5323 2791 5380 ope
2809 5306 2941 5364 Mss.
2962 5304 3207 5385 Anglic”
3232 5303 3448 5385 Noun,

1890 5327 2013 5367 uem
2042 5326 2359 5368 curavnnus
2381 5325 2670 5367 emendare
2689 5325 2791 5380 ope
2811 5325 2941 5364 mss.
2962 5325 3207 5385 Augucz,
3232 5325 3448 5385 nomn,

1850 5325 2011 5440 gorb.
2064 5382 2273 5452 Germ.,
2318 5380 2592 5449 Laudun.,
2636 5387 2767 5452 etc.,
2817 5385 2872 5434 et
2916 5384 3028 5433 vet.
3076 5375 3231 5433 Edit.
3282 5374 3460 5434 Paris.

1852 5453 1997 5534 uss
2018 5461 2072 5510 et
2103 5452 2260 5534 4495,
2287 5469 2369 5534 ac"
2389 5453 2557 5534 essu;
2586 5451 2746 5509 1503.
3221 5528 3232 5534 _
3297 5523 3331 5534 _.

1922 5527 1944 5605 ξ
1972 5524 2223 5605 [taurini].
2248 5531 2303 5605 et
2331 5524 2493 5605 Corb.
2518 5525 2680 5605 Germ
2690 5566 2740 5605 υ.
2758 5538 2928 5594 supra
2952 5536 3116 5605 quam
3138 5524 3378 5605 potestis.

1922 5599 1942 5632 ⁷
1973 5597 2235 5665 Vindoc.,
2263 5597 2463 5653 Pratel.
2496 5603 2550 5653 et
2574 5597 2646 5652 al.
2692 5596 2910 5663 Norm.,
2940 5596 3100 5650 etiam
3122 5602 3462 5666 proventum,

1850 5677 1937 5733 vel
1964 5682 2283 5745 provectum.
2317 5678 2524 5745 Graece,
2555 5670 2788 5731 ἴκϐασιυ.

1924 5748 1945 5783 ⁸
1969 5748 2244 5816 Laudun.,
2281 5755 2525 5805 tentator.

1921 5822 1942 5855 ⁹
1971 5819 2246 5895 Laudun.,
2265 5827 2343 5895 “ut
2370 5827 2566 5895 quanto
2596 5823 2766 5895 magis
2787 5824 2956 5879 virtus
2980 5822 3152 5894 praecl.
3189 5826 3456 5885 cresceret,

1852 5898 2014 5949 tanta.
2028 5936 2062 5950 ..
2096 5892 2382 5950 crudelitas
2411 5894 2664 5949 obuiaret.
