3920 6434
393 375 501 434 503

1603 363 1854 421 SANCTI
1892 361 2229 420 GREGORII
2267 359 2496 418 MAGNI

3607 351 3712 411 504

395 515 556 557 aures
589 495 758 562 \enit,
787 492 901 560 sed,
951 499 1196 550 cessante
1246 493 1461 549 interna
1503 491 1694 563 gratia,
1741 489 1809 545 ad
1839 488 2000 545 corda
2035 491 2084 548 Α
2115 503 2349 560 superna
2381 485 2646 559 mysteria
2675 483 2996 542 terribiliter
3016 485 3038 519 ⁸
3070 483 3376 549 insonaret,
3407 499 3464 539 se
3491 497 3528 538 a
3557 475 3723 540 seba'

396 585 744 646 audientium
773 599 886 640 non
915 583 1234 658 pertransit.
1285 584 1364 639 De
1411 580 1570 654 cujus
1599 577 2009 653 praedicationis

397 675 582 735 verbis
609 681 834 748 propter
875 672 1078 731 electos
1121 671 1330 730 dicitur
1368 688 1380 726 :
1423 669 1634 728 Etenim
1669 667 1872 739 sagitta
1909 671 2012 722 tua

391 763 829 844 pertransierunt
857 763 1032 836 (Psal.
1057 778 1252 828 Lxxvr,
1285 759 1398 830 18).
1433 759 1650 830 Sagittae
1680 756 1883 830 quippe
1910 754 2010 812 Dei

398 843 790 931 pertranseunt
812 849 1034 926 quando
1059 849 1226 907 verba
1245 846 1654 922 pradicationis
1683 845 1802 918 ejus
1819 843 1889 901 ab
1918 859 2010 900 au-

399 945 555 1004 ribus
599 943 668 1001 ad
713 943 883 1001 corda
911 939 1272 998 descendunt.
1313 937 1474 1007 Quod
1503 935 1635 1010 quia
1671 936 1790 992 solo
1818 933 2012 992 divino

400 1051 631 1094 munere
659 1033 860 1108 agitur,
891 1029 1060 1089 imbri
1088 1045 1312 1088 cursum
1354 1027 1628 1086 Dominus
1681 1043 1740 1084 se
1799 1025 2013 1083 dedisse

400 1133 653 1185 testatur.
751 1187 761 1198 ,

475 1215 566 1272 48.
605 1212 759 1273 Verbi
777 1209 947 1268 divini
977 1208 1206 1285 efﬁcacia
1235 1205 1608 1282 persuadentis
1634 1205 1814 1262 omnia
1841 1204 2019 1262 relin-

404 1322 587 1379 quere,
615 1302 794 1360 omnia
825 1303 1072 1358 tolerare.
1103 1330 1174 1342 —
1203 1297 1309 1356 Sed
1337 1297 1641 1356 notandum
1671 1296 1834 1354 video
1871 1293 2019 1370 quod

407 1393 666 1452 eumdem
701 1392 938 1450 imbrem
967 1407 1081 1448 non
1101 1389 1508 1458 vehementem,
1531 1387 1626 1445 sed
1653 1385 2020 1444 vehementis-

407 1485 613 1543 simum
648 1489 827 1540 vocat.
855 1481 1037 1538 Imber
1064 1479 1363 1538 vehemens
1389 1485 1474 1535 est
1493 1477 1579 1534 vis
1604 1493 1822 1550 magna,
1844 1474 2022 1531 imber

408 1590 542 1631 vero
573 1571 1096 1630 vehementissimus
1140 1569 1228 1625 vis
1272 1567 1542 1624 immensa
1589 1561 2018 1640 praedicationis.

409 1661 730 1720 Vehemens
781 1673 1019 1734 namque
1071 1657 1254 1716 imber
1311 1664 1428 1714 erat
1480 1671 1608 1714 cum
1641 1653 2024 1728 praedicatores

410 1751 587 1811 sancti
623 1748 881 1807 ‘credere
907 1747 1106 1822 gaudia
1137 1753 1341 1804 aeterna
1366 1743 1688 1804 suadebant.
1718 1742 1900 1800 Imber
1931 1756 2024 1797 au-

2118 582 2246 639 bere
2277 599 2389 638 non
2439 598 2594 654 posse
2639 580 3005 655 conspiciens,
3035 578 3339 652 discipulos
3367 577 3723 648 admonebat,

2121 673 2335 730 dicens:
2368 674 2590 730 Orontes
2627 673 2863 729 simulet
2899 689 3004 744 pro
3031 671 3200 739 nobis,
3243 676 3306 726 ut
3344 670 3491 727 Deus
3516 670 3730 742 aperiat

2121 763 2272 819 nobis
2308 763 2500 818 ostium
2526 762 2692 828 verbi,
2721 762 2794 817 ad
2822 761 3140 832 loquendum
3183 759 3494 832 mysterium
3525 758 3732 816 Christi

2125 850 2329 924 (Colos.
2364 869 2441 920 IV,
2471 851 2552 924 3).
2583 851 2690 919 Qui
2710 866 2838 924 ergo
2863 849 3192 924 loquebatur
3225 847 3512 921 mysteria,
3544 847 3644 905 sed
3672 848 3730 905 in

2123 940 2288 999 corde
2302 939 2647 998 audientium
2668 938 2873 997 eisdem
2900 937 3183 1012 mysteriis
3201 953 3234 994 a
3256 937 3502 995 Domino
3527 936 3734 1009 aperiri

2125 1032 2328 1090 ostium
2365 1029 2710 1105 precabatur,
2729 1027 2968 1086 habebat
2993 1027 3220 1102 quidem
3243 1027 3360 1100 jam
3388 1028 3734 1096 tonitruum,

2124 1122 2221 1182 sed
2257 1122 2378 1180 dari
2420 1121 2471 1178 ei
2500 1122 2734 1195 desuper
2761 1120 2909 1177 viam
2939 1119 3238 1194 quaerebat.
3273 1119 3430 1178 Hanc
3457 1120 3614 1177 viam
3642 1135 3738 1176 ne-

2127 1228 2402 1288 quaquam
2431 1227 2488 1268 se
2519 1211 2756 1268 Joannes
2785 1209 2917 1268 dare
2942 1226 3099 1284 posse
3127 1215 3482 1283 cognoverat,
3509 1208 3610 1283 qui
3639 1207 3740 1266 di-

2128 1303 2316 1363 cebat:
2349 1305 2470 1360 Non
2496 1319 2694 1360 necesse
2719 1301 2916 1358 habetis
2945 1308 3004 1358 ut
3015 1300 3216 1374 aliquis
3241 1301 3426 1357 doceat
3447 1317 3564 1366 vos,
3597 1301 3621 1335 ⁸
3649 1299 3742 1355 sed

2129 1397 2266 1454 sicut
2310 1396 2486 1452 unctio
2538 1395 2650 1467 ejus
2691 1394 2836 1451 docet
2869 1411 2961 1450 vos
2997 1394 3059 1450 de
3097 1393 3339 1450 omnibus
3377 1393 3434 1465 (Ι
3475 1394 3641 1450 Joan.
3674 1409 3742 1462 ιι,

2131 1485 2250 1559 27).
2283 1486 2436 1544 Hanc
2456 1485 2603 1542 viam
2622 1501 2844 1542 rursum
2872 1484 3075 1541 Paulus
3099 1483 3224 1559 quis
3244 1485 3402 1542 daret
3419 1481 3742 1552 intimabat,

2084 1619 2098 1635 .
2133 1575 2355 1635 dicens:
2388 1577 2566 1649 Neque
2591 1577 2684 1648 qui
2703 1577 2924 1650 plantat
2945 1581 3024 1633 est
3058 1576 3293 1648 aliquid,
3322 1592 3486 1647 neque
3523 1575 3620 1648 qui
3649 1574 3747 1630 ri-

2131 1673 2243 1743 gat,
2285 1668 2376 1724 sed
2415 1667 2510 1739 qui
2547 1667 2922 1723 incrementum
2964 1666 3060 1722 dat
3093 1666 3238 1722 Deus
3269 1665 3329 1738 (Ι
3369 1666 3497 1724 Cor.
3536 1681 3625 1732 ιιι,
3657 1665 3744 1736 7).

2133 1757 2376 1831 Accepta
2401 1757 2572 1830 igitur
2599 1757 2693 1814 via
2719 1755 2853 1830 quid
2882 1757 2986 1813 iste
3015 1755 3193 1814 imber
3219 1771 3284 1814 ac
3306 1755 3595 1812 tonitruus
3619 1761 3750 1828 agat

413 1848 526 1898 tem
555 1839 1097 1908 vehementissimus,
1128 1837 1348 1913 quando
1379 1843 1606 1912 propter
1642 1846 1792 1924 spem
1819 1832 2022 1924 adlue-
2051 1854 2100 1916 Β
2131 1855 2258 1924 δεδι
2283 1845 2595 1904 audiamus,
2626 1846 2919 1921 sequitur;

415 1927 622 1986 nebant
649 1943 765 1984 rem
787 1926 986 1997 deseri,
1009 1933 1208 1986 cuncta
1236 1925 1486 1983 visibilia
1512 1930 1738 1998 propter
1771 1919 2023 1977 invisibi-

417 2019 496 2078 lia
521 2017 824 2088 contemni,
854 2026 909 2077 et
948 2027 1170 2092 propter
1195 2017 1386 2076 audita
1428 2015 1626 2090 gaudia
1664 2013 1696 2048 ³
1742 2009 2025 2086 praesentis

419 2109 606 2168 saeculi
638 2125 830 2183 pumas
869 2107 1256 2182 cruciatusque
1302 2104 1548 2163 tolerari.
1586 2101 1694 2161 Sed
1737 2118 1888 2170 cum,
1919 2099 2027 2156 ﬁde

419 2200 662 2275 cognita,
683 2200 946 2258 smviente
972 2206 1109 2257 metu
1138 2196 1558 2272 persecutionis,
1589 2201 1673 2252 tot
1701 2193 1861 2250 electi
1891 2208 2028 2265 pos-

421 2307 572 2348 sessa
591 2289 954 2364 reliquerunt,
985 2291 1007 2325 ³
1037 2287 1273 2346 carnalis
1320 2286 1546 2344 affectus
1588 2283 1747 2341 obliti
1794 2289 1945 2349 sunt,
1974 2291 2030 2339 et

423 2397 534 2456 prae
565 2379 764 2454 gaudio
791 2381 1020 2456 spiritus
1059 2381 1120 2438 in
1167 2377 1504 2436 cruciatibus
1552 2373 1799 2433 membra
1826 2389 2031 2448 posue-

424 2477 574 2539 runt,
607 2469 740 2544 quid
767 2470 922 2528 aliud
944 2470 1218 2528 Dominus
1237 2467 1394 2537 fecit,
1418 2466 1527 2524 nisi
1548 2465 1713 2523 etiam
1737 2463 2029 2520 vehemen-

424 2559 640 2617 tissimo
669 2559 836 2619 imbri
863 2577 1089 2620 cursum
1138 2558 1396 2634 praebuit,
1444 2555 1540 2631 qui
1571 2571 1743 2630 usque
1768 2553 1838 2610 ad
1865 2569 2035 2609 exse-

427 2648 649 2722 quenda
671 2665 889 2706 summa
927 2657 1200 2722 praecepta
1226 2663 1324 2722 per
1357 2645 1525 2704 verba
1551 2644 1797 2718 corporis
1826 2641 2033 2700 invisi-

428 2737 568 2798 bilia
593 2738 780 2798 cordis
810 2739 1064 2814 irrigavit
1091 2739 1120 2796 ?
1149 2738 1256 2796 Ubi
1285 2744 1339 2796 et
1371 2744 1494 2811 apte
1521 2734 1878 2810 subjungitur
1910 2751 1921 2790 :

825 2883 1053 2942 CAPUT
1081 2882 1266 2941 xxrv
1295 2880 1434 2956 [νει.
1466 2878 1642 2954 XVI].

513 3007 651 3064 Iern.
681 3034 752 3046 —
777 3004 798 3040 ‘
827 3004 903 3060 Et
921 3002 1061 3058 viam
1089 2999 1300 3056 sonanti
1340 2996 1580 3054 tonitrui.

504 3099 597 3157 49.
633 3094 888 3154 Tonitruo
917 3091 1036 3148 hinc
1065 3091 1235 3147 simile
1261 3089 1477 3146 dicitur.
1513 3089 1669 3148 Solus
1705 3087 1847 3144 Deus
1873 3084 2038 3140 corda

2527 1940 2760 2000 CAPUT
2791 1940 2952 1998 xxv
2985 1937 3131 2013 [Rea
3164 1937 3345 2014 XIV].

2207 2027 2383 2087 Vnus.
2427 2021 2516 2087 26.
2542 2061 2614 2072 —
2648 2031 2716 2089 Ut
2743 2033 2951 2103 plueret
2993 2047 3153 2102 super
3191 2035 3391 2085 terram
3415 2027 3612 2099 absque
3639 2027 3753 2084 lto—

2136 2119 2278 2178 mine
2303 2121 2361 2176 in
2384 2120 2607 2184 deserto,
2629 2119 2718 2174 ubi
2744 2121 2928 2176 nullus
2955 2119 3265 2178 mortalium
3289 2123 3675 2174 commoratur.

2211 2209 2302 2268 50.
2338 2211 2618 2268 Gentilitas
2645 2210 2905 2266 desertum
2937 2215 3033 2276 est,
3063 2211 3255 2266 caelesti
3282 2209 3460 2281 gratia
3492 2215 3758 2278 tanquam

2140 2298 2308 2356 imbre
2334 2300 2654 2356 irroratum.
2676 2330 2748 2341 —
2777 2299 2950 2372 Super
2978 2307 3179 2356 terram
3209 2299 3412 2372 absque
3432 2297 3662 2354 homine
3691 2296 3756 2353 in

2142 2390 2358 2450 deserto
2387 2391 2574 2464 pluere
2599 2398 2682 2448 est
2708 2389 2940 2448 verbum
2967 2392 3068 2448 Dei
3099 2389 3398 2465 gentilitati
3426 2387 3754 2463 praedicare.

2144 2481 2276 2551 Quae
2295 2481 2428 2539 dum
2457 2481 2673 2538 nullum
2694 2481 2907 2539 cultum
2934 2481 3258 2539 Divinitatis
3278 2480 3478 2549 tenuit,
3496 2479 3759 2536 nullam-

2145 2589 2250 2648 que
2284 2573 2345 2630 in
2391 2589 2449 2630 se
2487 2571 2728 2646 speciem
2773 2571 2908 2629 boni
2953 2571 3137 2645 operis
3176 2569 3438 2639 ostendit,
3487 2567 3761 2625 videlicet

2145 2663 2423 2722 desertum
2448 2663 2575 2720 fuit.
2598 2664 2661 2720 In
2683 2679 2791 2737 qua
2814 2662 2946 2736 quia
2973 2662 3253 2734 legislator
3281 2678 3394 2718 non
3418 2659 3549 2728 fuit,
3579 2665 3636 2714 et
3655 2655 3758 2731 qui

2147 2753 2548 2812 rationabiliter
2575 2755 2750 2811 Deum
2781 2761 3050 2828 quaereret
3077 2769 3190 2810 non
3219 2751 3349 2821 fuit,
3379 2750 3538 2824 quasi
3568 2747 3754 2805 homi-

2147 2859 2282 2902 num
2310 2843 2497 2900 nullus
2525 2843 2654 2914 fuit,
2684 2852 2740 2901 et
2767 2844 2920 2900 velut
2947 2843 3079 2901 solis
3106 2842 3298 2899 bestiis
3325 2846 3610 2912 occupata,
3643 2854 3761 2894 va-

2148 2951 2252 2993 cua
2277 2951 2310 2992 a
2337 2934 2664 2993 mortalibus
2692 2933 2927 2991 exstitit.
2947 2936 2967 2969 ⁷
2998 2935 3078 2990 De
3097 2933 3202 2990 hac
3222 2931 3424 2990 deserti
3445 2938 3591 2987 terra
3614 2929 3758 2986 alias

2148 3027 2392 3086 dicitur:
2424 3026 2614 3084 Posuit
2647 3025 2706 3081 in
2734 3025 2936 3081 deserto
2965 3024 3108 3081 viam
3135 3023 3300 3094 (Isai.
3333 3038 3493 3088 mn,
3528 3019 3645 3091 19).
3675 3021 3760 3077 De

2151 3117 2254 3176 hac
2282 3115 2672 3191 praedicatione
2701 3114 2997 3188 gentilitati
3027 3130 3288 3172 concessa
3330 3110 3626 3169 Psalmista
3661 3117 3764 3166 te—

428 3205 527 3265 per
553 3186 785 3262 gratiam
801 3183 994 3258 aperit.
1023 3213 1094 3225 —
1122 3180 1269 3249 Quid
1287 3179 1437 3236 enim
1462 3195 1559 3252 per
1577 3177 1907 3244 tonitruum,
1931 3174 2037 3230 nisi

2155 3174 2346 3274 statur,
2375 3205 2598 3262 dicens:
2631 3174 2820 3262 Poguit
2861 3205 3088 3276 ﬂumina
3130 3203 3191 3259 in
3234 3203 3435 3259 deserto
3479 3200 3604 3272 (Ps.
3637 3215 3760 3266 ενι,

434 3279 753 3358 praedicatio
782 3275 1009 3350 superni
1034 3273 1263 3331 terroris
1291 3271 1560 3344 accipitur
1587 3270 1616 3326 ἢ
1651 3269 1823 3337 Quem
1853 3275 2038 3324 terro-

2155 3296 2264 3370 33).
2317 3269 2460 3369 (rei.
2491 3293 2702 3369 Νη]
2747 3269 3066 3351 Notandum
3103 3308 3236 3348 vero
3284 3299 3368 3348 est
3415 3269 3564 3362 quod
3610 3293 3762 3359 post-

434 3355 551 3429 rem
582 3371 714 3427 dum
739 3363 1056 3440 percipiunt
1083 3362 1328 3418 humana
1359 3359 1528 3418 corda
1556 3357 1901 3432 quatiuntur.
1929 3355 2040 3411 Ali-

435 3458 658 3536 quando
687 3473 820 3514 vero
850 3455 909 3510 in
939 3453 1188 3511 tonitruo
1217 3451 1332 3525 ipse
1358 3451 1674 3508 incarnatus
1693 3447 1961 3505 Dominus
1982 3446 2040 3502 ﬁ-

440 3559 688 3627 guratur,
709 3547 805 3623 qui
826 3563 895 3602 ex
915 3545 1272 3618 antiquorum
1294 3549 1511 3615 patrum
1541 3538 1902 3598 conveniente
1923 3553 2044 3609 pro-

441 3639 630 3716 phetia
657 3636 726 3695 ad
754 3634 1011 3694 notitiam
1044 3639 1286 3692 nostram
1331 3629 1487 3704 quasi
1530 3645 1600 3686 ex
1639 3627 1874 3685 nubium
1903 3643 2047 3684 con-

441 3729 697 3788 cursione
724 3727 973 3802 prolatus
1000 3731 1100 3781 est.
1135 3722 1240 3791 Qui
1269 3721 1416 3777 inter
1443 3735 1544 3776 nos
1571 3717 1870 3775 visibiliter
1886 3733 2047 3790 appa-

444 3835 591 3888 rens,
633 3835 697 3876 ea
743 3832 866 3890 quas
910 3829 1076 3887 super
1118 3828 1219 3868 nos
1267 3817 1424 3866 erant
1469 3807 1792 3865 terribiliter
1837 3805 2045 3863 sonuit.

444 3907 602 3966 Unde
636 3915 690 3964 et
719 3905 824 3980 ipsi
853 3903 1028 3962 sancti
1073 3899 1304 3974 apostoli
1337 3898 1406 3955 de
1436 3897 1554 3971 ejus
1584 3895 1757 3970 gratia
1784 3895 2048 3969 generati,

444 4001 773 4071 Boanerges,
805 3995 863 4052 id
892 4001 976 4052 est
995 3991 1099 4049 ﬁlii
1126 3989 1361 4048 tonitrui
1382 3997 1511 4046 sunt
1531 3987 1711 4045 vocati
1730 3987 1931 4058 (Marc.
1965 4001 2048 4054 ιιι,

448 4096 561 4170 17).
592 4091 910 4168 Aliquando
938 4097 1143 4157 autem,
1189 4087 1334 4145 sicut
1365 4085 1578 4144 dictum
1621 4093 1724 4156 est,
1773 4081 2054 4139 tonitruus

448 4193 566 4268 ipsa
593 4191 712 4264 ejus
757 4187 1076 4263 praedicatio
1117 4185 1407 4258 accipitur,
1441 4179 1586 4240 939
1613 4199 1712 4256 per
1739 4197 1904 4257 quam
1951 4196 2056 4236 su-

448 4297 746 4356 pernorum
771 4277 1112 4351 judiciorum
1144 4285 1322 4333 terror
1349 4273 1594 4332 auditur.
1627 4271 1733 4329 Sed
1763 4269 1894 4345 quia
1923 4267 2058 4343 qui-

450 4369 589 4428 libet
619 4366 964 4446 .praedicator
1003 4364 1172 4422 verba
1215 4365 1344 4422 dare
1391 4361 1621 4421 auribus
1662 4366 1862 4432 potest,
1893 4357 2059 4416 corda

453 4476 588 4516 vero
614 4456 825 4530 aperire
854 4473 965 4512 non
995 4463 1174 4528 potest
1203 4473 1218 4524 ;
1263 4462 1318 4512 et
1360 4453 1469 4510 nisi
1499 4467 1596 4524 per
1625 4450 1894 4506 internam
1929 4462 2060 4518 gra-

453 4546 593 4604 tiam
621 4545 771 4602 solus
798 4542 1148 4616 omnipotens
1167 4541 1314 4598 Deus
1334 4534 1755 4612 prmdicantium
1784 4531 1966 4590 verbis
1991 4532 2060 4589 ad

457 4637 625 4696 corda
651 4633 998 4692 audientium
1031 4630 1394 4690 invisibiliter
1435 4627 1649 4685 aditum
1693 4629 1934 4698 praestet,
1966 4621 2062 4679 in-

456 4742 668 4786 cassum
699 4723 1020 4800 praedicatio
1066 4737 1199 4779 aure
1243 4716 1522 4776 audientis
1567 4713 1890 4788 percipitur,
1939 4729 2059 4786 quae

456 4816 743 4892 pervenire
773 4815 843 4872 ad
865 4812 1064 4870 intima
1091 4808 1256 4868 corde
1284 4807 1452 4866 surdo
1481 4803 1827 4879 prohibetur,
1856 4818 1913 4892 se
1941 4805 2063 4859 Do-

458 4891 643 4964 minus
673 4905 823 4962 viam
852 4901 1070 4960 sonanti
1111 4896 1348 4956 tonitrui
1377 4895 1506 4952 dare
1548 4893 1762 4961 asserit,
1794 4891 1888 4966 qui
1935 4907 2062 4950 cum

457 4997 846 5072 praedications
871 4991 1042 5050 verba
1067 4987 1288 5058 tribuit,
1321 5003 1418 5062 per
1439 4994 1704 5043 terrorem
1731 4983 1896 5042 corda
1916 5000 2061 5042 com-

460 5088 673 5162 pungit.
705 5087 861 5145 Hanc
887 5083 1040 5140 viam
1059 5079 1263 5137 Paulus
1290 5074 1617 5152 praedicator
1639 5071 1907 5150 egregius,
1929 5071 2063 5130 dum

535 5289 554 5324 ¹
585 5285 850 5354 Vindoc.,
881 5284 1194 5354 Norm,,_et_
1215 5275 1381 5354 Corb_.
1411 5276 1621 5354 Germ,
1652 5276 1814 5333 credi.

535 5359 558 5394 ²
597 5358 759 5418 Corb.
805 5349 1014 5422 Germ.,
1047 5349 1311 5420 Vindoc.,
1347 5349 1568 5418 Pratel.,
1613 5357 1742 5418 etc.,
1786 5353 2069 5422 prasente:

457 5447 755 5558 Ρωέιῗίεόὠ.
789 5499 1000 5566 Germ.,
1030 5494 1250 5554 Ebroic.
1283 5503 1336 5554 et
1354 5493 1451 5553 alii
1471 5495 1684 5562 Norm.,
1715 5493 1959 5550 carnales
1985 5487 2069 5562 af-

465 5574 650 5644 fectus.

541 5645 562 5678 ‘
591 5644 654 5698 In
683 5642 808 5698 aliis
837 5641 1036 5709 Editis,
1062 5647 1110 5696 el
1139 5641 1278 5696 viam
1307 5640 1544 5696 sonantis
1578 5657 1595 5710 ς
1625 5636 1909 5710 sequimur
1938 5636 2066 5710 Mss.

467 5715 680 5781 Norm.,
713 5713 808 5769 ubi
839 5707 1058 5784 legitur,
1091 5712 1301 5784 sonanti
1333 5707 2073 5784 ;etqu_idem'convenien-

470 5785 580 5840 tius
599 5778 675 5840 ad
697 5785 794 5840 illa
821 5778 940 5857 quin
969 5778 1282 5856 praecedunt
1303 5801 1324 5857 _:
1355 5778 2070 5857 quis'dedit.._..imbri-em:-

470 5873 607 5926 sum,
631 5863 676 5913 et
703 5849 1068 5913 viam‘sondnti
1091 5855 1331 5913 tonitrui.
1350 5849 1581 5911 Dativus
1598 5859 1680 5908 est
1695 5850 1805 5919 hic,
1828 5849 2068 5906 tonitrui.

2150 3402 2315 3461 quam
2345 3392 2510 3442 aestus
2538 3400 2702 3457 super
2737 3391 2942 3440 terram
2970 3381 3185 3440 divisus
3212 3387 3314 3449 est,
3339 3394 3563 3437 cursum
3592 3375 3764 3432 vehe-

2153 3473 2530 3532 mentissimus
2577 3471 2756 3530 imber
2782 3473 3012 3546 accepit,
3057 3480 3120 3530 ut
3163 3473 3224 3528 in
3271 3470 3490 3528 deserto
3518 3469 3762 3541 plueret,

2154 3567 2286 3641 quia
2312 3573 2601 3639 postquam
2630 3565 2690 3622 in
2713 3563 2904 3621 Iudaea
2936 3563 3200 3637 asperitas
3231 3557 3633 3634 persecutionis
3667 3556 3766 3612 in—

2156 3654 2394 3723 horruit,
2431 3661 2494 3710 ut
2522 3670 2633 3710 non
2661 3655 2845 3711 solum
2889 3652 3056 3710 ﬁdem
3086 3647 3317 3709 minime
3346 3647 3633 3720 reciperet,
3667 3646 3766 3703 sed

2157 3743 2324 3801 etiam
2371 3759 2490 3800 eam
2537 3742 2734 3816 gladiis
2783 3742 3152 3816 impugnaret,
3197 3738 3269 3796 ad
3329 3735 3496 3796 Israel
3557 3736 3768 3794 missus

2159 3835 2392 3910 quisque
2437 3834 2767 3908 praedicator
2808 3833 2877 3890 ad
2923 3829 3233 3890 evocandas
3275 3838 3463 3905 gentes
3509 3827 3762 3886 deﬂexit.

2161 3925 2316 3983 Unde
2343 3925 2520 3982 sancti
2547 3923 2783 3998 apostoli
2825 3923 3069 3980 Hebraeis
3109 3919 3584 3995 persequentibus,
3626 3934 3768 3992 quos

2161 4013 2440 4082 deserunt,
2471 4012 2692 4072 dicunt:
2734 4014 2884 4074 Vobis
2913 4012 3184 4085 oportebat
3205 4011 3444 4083 primum
3473 4008 3620 4080 loqui
3637 4026 3770 4062 eer-

2163 4103 2286 4159 bum
2313 4103 2448 4170 Dei;
2479 4104 2500 4138 ⁸
2527 4103 2616 4159 sed
2642 4103 2771 4175 quia
2815 4102 3070 4174 repellitis
3113 4100 3274 4166 illud,
3316 4106 3364 4155 et
3391 4099 3635 4170 indignos
3678 4116 3770 4154 vos

2154 4193 2414 4265 judicatis
2467 4198 2674 4248 (eterna:
2726 4191 2866 4261 vita,
2920 4209 3027 4248 ecce
3081 4189 3435 4246 convertimur
3486 4188 3559 4245 ad
3597 4195 3770 4258 gentes

2169 4282 2311 4356 (Act.
2343 4299 2470 4352 xm,
2492 4280 2609 4354 46).
2645 4281 2840 4338 Diviso
2860 4280 3030 4353 igitur
3057 4287 3212 4347 aestu,
3243 4277 3458 4334 deserta
3485 4285 3540 4334 et
3561 4277 3772 4351 absque

2167 4371 2392 4430 homine
2419 4379 2567 4428 terra
2591 4369 2951 4442 compluitur,
2999 4369 3128 4442 quia
3171 4366 3418 4441 dispersa
3462 4366 3523 4423 in
3565 4365 3774 4424 ludum

2168 4460 2490 4534 regionibus
2531 4459 2912 4533 persecutione
2940 4457 3214 4527 ﬁdelium,
3247 4455 3514 4514 derelicta
3553 4455 3774 4514 dudum

2088 4578 2138 4638 D
2169 4558 2224 4607 et
2253 4549 2407 4624 quasi
2435 4549 2505 4606 ab
2547 4548 2827 4606 infusione
2855 4545 3088 4604 rationis
3115 4545 3317 4616 aliena,
3361 4545 3775 4618 praedicationis

2172 4641 2340 4716 guttis
2374 4641 2652 4716 gentilitas
2689 4641 2979 4699 irroratur.
3011 4641 3143 4710 Quae
3171 4638 3452 4713 gentilitas
3475 4637 3636 4712 quasi
3665 4637 3778 4694 ad-

2168 4732 2279 4790 huc
2321 4749 2353 4789 a
2381 4730 2838 4806 praedicatoribus
2878 4730 2952 4787 sit
2989 4730 3216 4788 inventa
3261 4726 3597 4794 ostenditur,
3644 4743 3775 4785 cum

2169 4821 2428 4880 subditur
2453 4838 2465 4877 :

2241 4911 2414 4970 Vens.
2444 4909 2535 4968 27.
2556 4940 2628 4952 —
2661 4911 2727 4970 Ut
2751 4909 2987 4984 impleret
3013 4907 3214 4965 inviam
3243 4912 3292 4962 et
3318 4906 3630 4963 desolatam.

2243 5002 2388 5072 Quid
2417 5019 2550 5060 vero
2573 5003 2853 5076 compluta
2881 4999 3146 5070 reddidit,
3178 5003 3540 5067 monstratur,
3562 5013 3690 5056 cum
3713 4995 3778 5054 il-

2172 5093 2282 5153 lico
2309 5092 2658 5168 adjungitur:

2247 5271 2268 5306 ⁵
2298 5268 2546 5340 Ebroic.,
2575 5279 2680 5328 etc.
2691 5311 2706 5340 ,
2735 5269 3018 5340 intonaret.

2247 5344 2270 5378 ⁶
2299 5343 2380 5399 Ita
2420 5335 2646 5412 Pratel.,
2691 5335 3131 5412 Utic.,7Vindoc.
3178 5343 3239 5412 et
3273 5335 3677 5412 Gorb._Germ.
3709 5337 3782 5391 At

2179 5415 2384 5472 Turon.
2417 5421 2471 5470 et
2494 5407 2691 5481 Laud.,
2723 5414 2812 5470 sed
2837 5407 2970 5468 sicut
2993 5408 3271 5481 instructio
3300 5407 3432 5478 ejus.
3457 5407 3778 5481 Legenduin
3807 5423 3814 5432 ·

2178 5488 2330 5579 figat,
2365 5484 2530 5558 juxta
2572 5477 2786 5542 textum
2833 5485 3117 5550 Graecum;
3151 5479 3303 5536 abest
3339 5489 3523 5538 tamen
3541 5477 3625 5535 'ab
3655 5477 3782 5534 aliis

2179 5558 2380 5615 Editis.

2252 5631 2270 5664 ⁷
2305 5629 2528 5696 Pratel.,
2557 5630 2618 5684 de
2645 5629 2740 5682 hac
2768 5628 2972 5683 deserta
2993 5632 3156 5682 terra.

2253 5703 2273 5736 ³
2303 5699 2450 5756 Idem
2483 5693 2667 5757 Codex
2697 5716 2818 5754 cum
2854 5698 3016 5756 Corb.
3049 5698 3256 5768 Germ.,
3290 5695 3378 5750 sed
3406 5693 3537 5770 quia
3561 5693 3776 5766 repuli-

2179 5773 2291 5830 stis.
2306 5816 2316 5830 .
2329 5815 2362 5828 ..
2396 5778 2443 5826 et
2462 5770 2763 5844 judicastis.
