3920 6376
176 367 183 421 ἐ
205 366 236 421 0
877 361 1251 420 MOBALIUM
1289 363 1423 421 LIB.
1465 364 1677 424 XXIX.
1720 394 1784 407 —
1823 365 1898 424 IN
1935 364 2164 425 CAPUT
2204 367 2499 427 XXXVIII
2536 369 2599 426 Β.
2641 370 2787 428 JOB.

726 485 954 545 CAPUT
983 488 1197 546 XXVI.

235 582 456 645 Iam.,—
482 578 562 635 Et
581 576 1100 648 producerethabas
1128 578 1375 635 virentes.

235 668 318 725 51.
347 666 511 724 Prius
540 666 690 721 invia
712 666 1021 738 prophetia,
1046 668 1227 739 patuit
1262 669 1470 739 gratia.
1503 699 1574 712 —
1601 670 1761 729 Invia

173 772 390 831 namque
408 754 618 812 dudum
640 754 921 827 gentilitas
939 756 1068 824 fuit,
1087 756 1156 813 ad
1176 773 1341 830 quam
1357 758 1450 815 via
1468 758 1568 815 Dei
1589 758 1760 816 verbo

171 864 270 907 non
296 844 489 920 patuit.
523 842 889 916 Redemptore
916 845 1121 918 quippe
1151 856 1340 904 nostro
1370 848 1647 917 veniente,
1680 850 1761 906 sic

169 935 361 1010 accepit
380 934 730 992 vocationem
775 934 985 1007 gratia,
1017 939 1164 999 940
1191 943 1255 993 ut
1281 954 1395 994 non
1428 938 1487 994 in
1516 954 1581 994 ea
1605 938 1760 1011 prius

168 1033 322 1092 fuerit
349 1032 439 1089 via
458 1032 784 1105 prophetia.
806 1033 1069 1091 Desolata
1093 1033 1260 1091 etiam
1281 1042 1429 1091 recte
1445 1044 1641 1092 vocata
1653 1044 1755 1106 est,

168 1124 246 1179 vel
273 1122 480 1179 ratione
510 1122 778 1178 videlicet
802 1122 1046 1192 consilii,
1080 1124 1167 1179 vel
1199 1123 1388 1183 fructu
1415 1124 1548 1181 boni
1579 1126 1759 1199 operis

166 1211 429 1269 destituta.
461 1210 628 1269 Dedit
648 1227 777 1283 ergo
814 1212 1089 1269 Dominus
1117 1211 1613 1272 vehementissimo
1644 1216 1761 1271 im-

163 1303 240 1360 bri
274 1318 513 1370 cursum,
545 1308 601 1357 et
629 1300 779 1357 viam
808 1301 1027 1359 sonanti
1072 1303 1330 1371 tonitrui,
1363 1312 1425 1360 ut
1456 1306 1513 1360 in
1542 1304 1758 1363 deserto

162 1392 377 1465 plueret,
409 1398 464 1447 et
502 1391 760 1464 impleret
790 1390 1002 1447 inviam
1032 1398 1090 1447 et
1114 1391 1441 1462 desolatam,
1474 1401 1528 1450 et
1557 1395 1757 1467 produ-

161 1488 295 1538 ceret
311 1479 505 1538 herbas
534 1479 816 1547 virentes;
850 1476 908 1536 id
938 1487 1042 1550 est,
1074 1482 1341 1539 exteriori
1372 1483 1758 1555 pradicationi

160 1570 417 1627 internam
457 1568 853 1642 aspirationem
882 1570 1144 1639 contulit,
1176 1579 1240 1628 ut
1268 1573 1437 1629 corda
1464 1572 1756 1645 gentilium

159 1660 356 1716 arentia
383 1658 746 1729 virescerent,
776 1659 963 1717 clausa
991 1669 1361 1734 patescerent,
1394 1662 1585 1719 inania
1610 1679 1756 1720 com-

159 1750 446 1823 plerentur,
479 1747 785 1807 infecunda
810 1749 1206 1821 germinarent.

3365 371 3474 431 506

1793 494 1846 555 Α
1872 492 1977 550 bus
2005 491 2171 567 hujus
2214 494 2410 551 mundi
2454 495 2649 552 conﬁsi
2678 504 2811 554 sunt
2836 497 3117 557 dicentes:
3149 502 3339 574 Regem
3365 516 3475 557 non

1868 584 2114 641 habemus
2142 585 2251 641 nisi
2293 585 2557 643 Casarem
2588 585 2770 658 (Joan.
2819 604 2940 658 xxx,
2995 590 3109 663 15).
3161 590 3475 649 Traxerunt

1869 681 2064 729 ventos
2090 673 2247 748 quasi
2275 674 2564 743 dracones,
2590 675 2724 749 quia
2760 677 2962 750 spiritu
3006 679 3264 737 elationis
3291 678 3472 737 inﬂati

1868 763 2126 835 superbia
2152 764 2429 821 malitiosa
2458 772 2801 823 tumuerunt.
2833 767 3165 826 Defecerunt
3192 770 3339 826 oculi
3369 786 3474 826 eo-

1868 868 2012 920 rum,
2036 853 2168 926 quia
2193 853 2406 911 scilicet
2430 871 2553 927 spes
2581 870 2772 912 eorum
2793 857 2944 914 abeo
2972 857 3121 931 quod
3150 857 3474 916 intendebat

1868 942 2096 998 corruit.
2132 942 2149 976 ¹
2199 942 2332 1010 Qua
2376 944 2703 1016 temporalia
2742 945 2998 1018 diligens,
3040 948 3344 1019 prastolari
3390 965 3473 1003 a-

1867 1037 2026 1086 terna
2052 1032 2317 1103 neglexit,
2351 1040 2407 1090 et
2448 1041 2666 1092 terrena
2706 1034 2832 1091 ideo
2874 1035 3005 1107 quia
3033 1037 3148 1093 Deo
3177 1037 3474 1109 praposuit

1868 1120 2077 1177 amisit.
2108 1120 2386 1178 Dixerunt
2412 1122 2562 1178 enim
2581 1141 2606 1196 ε,
2629 1122 2690 1182 Si
2709 1124 3025 1181 dimittimus
3038 1143 3157 1181 eum
3184 1126 3279 1194 sic,
3298 1141 3473 1181 omnes

1866 1209 2077 1264 credent
2102 1209 2160 1265 in
2186 1228 2328 1278 eum,
2355 1215 2405 1267 et
2430 1212 2632 1269 venient
2659 1214 2911 1280 Romani,
2939 1220 2987 1269 et
3017 1216 3200 1271 tollent
3228 1220 3474 1271 nostrum

1871 1298 2040 1353 locum
2066 1304 2115 1353 et
2142 1305 2340 1370 gentem
2370 1301 2551 1372 (Joan.
2585 1318 2667 1369 χι,
2698 1301 2813 1375 48).
2848 1302 3176 1359 Tiinuerunt
3198 1320 3266 1360 ne
3287 1304 3469 1360 locum

1868 1403 1979 1444 non
2008 1388 2192 1464 occiso
2219 1390 2460 1447 Domino
2489 1390 2799 1463 perderent,
2822 1399 2879 1449 et
2904 1400 3094 1450 tamen
3121 1393 3305 1450 occiso
3335 1410 3473 1465 per-

1867 1476 2151 1534 diderunt.
2183 1477 2289 1535 Sed
2317 1496 2418 1536 cur
2465 1480 2570 1537 ista
2618 1481 2837 1537 miseris
2885 1482 3193 1549 evenerint,
3236 1480 3466 1537 subdit:

1870 1565 2009 1635 Quia
2033 1584 2140 1622 non
2181 1574 2299 1624 erat
2342 1568 2545 1635 herba;
2574 1568 2632 1625 id
2676 1578 2781 1635 est,
2821 1570 2952 1645 quia
2988 1587 3178 1628 eorum
3208 1569 3470 1627 cordibus

1866 1654 2045 1712 defuit
2073 1657 2397 1713 atemitatis
2444 1658 2694 1726 scientia,
2728 1666 2782 1714 et
2827 1660 2982 1716 nullo
3012 1676 3104 1716 eos
3141 1659 3334 1717 refecit
3363 1674 3470 1730 pa-

1866 1744 1998 1800 bulo
2026 1745 2048 1779 ²
2080 1744 2384 1801 viriditatis
2412 1745 2643 1802 interna
2670 1745 2958 1805 doctrina.
3003 1749 3120 1805 Hoc
3149 1747 3318 1819 igitur
3348 1747 3469 1803 loco

221 1836 354 1911 [γει.
385 1838 625 1914 Χνηι.]
661 1838 753 1896 52.
804 1840 1045 1896 {Etenim
1091 1840 1216 1896 vitae
1243 1857 1406 1913 opera
1434 1841 1753 1899 doctrinam-

1868 1834 2001 1909 quid
2046 1835 2201 1892 aliud
2248 1835 2496 1891 virentes
2544 1833 2742 1891 herbas
2790 1836 2898 1892 nisi
2943 1842 3146 1892 sancta
3202 1835 3470 1892 doctrina

157 1947 245 2002 que
266 1931 598 2003 germinavit.
620 1961 693 1973 —
719 1931 781 1988 In
811 1929 1094 2004 Scriptura
1114 1932 1261 1989 enim
1282 1949 1436 1990 sacra
1454 1935 1752 2008 aliquando

158 2018 314 2075 herba
341 2020 495 2076 viror
533 2019 724 2094 gloria
768 2020 1095 2093 temporalis
1125 2021 1421 2094 accipitur,
1454 2023 1751 2096 aliquando

156 2108 367 2167 refectio
415 2107 651 2177 diaboli,
696 2108 1002 2183 aliquando
1048 2111 1386 2166 sustentatio
1416 2110 1751 2184 pradicato-

156 2214 288 2268 rum,
318 2197 623 2272 aliquando
648 2197 797 2255 bona
823 2199 1092 2272 operatio,
1112 2199 1411 2273 aliquando
1438 2209 1654 2258 aterna
1669 2202 1750 2258 vi-

156 2295 216 2344 ta
260 2288 495 2346 scientia
539 2296 704 2363 atque
752 2288 1026 2347 doctrina.
1076 2289 1246 2347 Viror
1291 2306 1530 2365 namque
1576 2292 1751 2364 gloria

155 2378 459 2452 temporalis
487 2378 778 2452 accipitur,
811 2380 957 2437 sicut
993 2378 1272 2453 Propheta
1289 2382 1400 2437 ait:
1432 2382 1590 2441 Mane
1617 2382 1751 2439 sicut

154 2466 302 2523 herba
348 2473 609 2537 transeat,
671 2483 825 2524 mane
864 2470 1054 2539 ﬂoreat
1098 2475 1148 2524 et
1186 2475 1526 2542 pertranseat
1570 2470 1744 2543 (Psal.

155 2572 370 2626 uxxlx,
404 2557 487 2629 6).
521 2558 681 2614 Mane
718 2572 959 2630 namque
986 2558 1132 2614 sicut
1157 2556 1329 2615 herba
1356 2558 1553 2615 ﬂorere
1584 2567 1748 2634 atque

153 2646 372 2702 transire
400 2653 486 2703 est
505 2646 566 2701 in
607 2647 969 2719 prosperitate
998 2646 1168 2719 hujus
1212 2647 1401 2704 saculi
1430 2650 1748 2721 temporalis

154 2735 326 2806 gloria
353 2735 527 2793 decus
556 2735 823 2792 velociter
849 2751 1115 2793 arescere.
1148 2736 1329 2793 Herba
1357 2737 1585 2795 refectio
1613 2738 1747 2794 dia-

152 2822 253 2880 boli
280 2825 578 2897 accipitur,
620 2824 765 2881 sicut
791 2823 861 2881 de
898 2824 997 2880 illo
1025 2840 1058 2880 a
1084 2826 1324 2882 Domino
1351 2824 1576 2884 dicitur:
1610 2829 1747 2883 Huic

154 2924 338 2974 montes
376 2917 570 2973 herbas
598 2916 784 2987 ferunt
840 2917 962 2989 (Job
991 2934 1085 2987 χι,
1117 2919 1236 2990 15).
1284 2919 1367 2977 Ac
1413 2919 1461 2976 si
1498 2919 1741 2977 diceret:

152 3006 371 3081 Superbi
407 3023 472 3064 ac
501 3007 706 3063 tumidi
736 3006 870 3064 dum
896 3024 955 3064 se
984 3008 1202 3065 illicitis
1223 3008 1655 3081 cogitationibus
1669 3018 1747 3067 at-

152 3113 247 3169 que
265 3096 584 3155 actionibus
614 3096 871 3166 efferunt,
894 3097 1009 3153 suis
1036 3097 1197 3153 illum
1228 3096 1621 3171 iniquitatibus
1650 3115 1744 3172 pa-

152 3196 320 3243 scunt.
352 3187 539 3244 Herba
575 3188 905 3244 sustentatio
935 3186 1359 3260 pradicantium
1390 3187 1746 3246 demonstra—
1784 3222 1828 3282 ο

152 3281 249 3344 tur,
279 3293 404 3333 cum
455 3275 703 3333 dicitur:
751 3277 1011 3333 Producit
1054 3277 1112 3331 in
1152 3277 1415 3333 montibus
1454 3278 1658 3348 fenum,
1703 3287 1749 3335 et

148 3364 347 3421 herbam
376 3366 629 3421 servituti
655 3366 927 3421 hominum
957 3366 1133 3438 (Psal.
1166 3382 1284 3434 cm,
1309 3367 1422 3439 15).
1458 3368 1519 3423 In
1548 3369 1748 3423 monti-

150 3451 244 3508 bus
269 3455 479 3528 quippe
504 3453 694 3511 fenum
724 3462 779 3511 et
806 3454 1063 3511 servituti
1095 3454 1392 3513 hominum
1422 3456 1593 3515 herba
1611 3475 1749 3532 pro-

150 3539 377 3612 ducitur,
411 3560 546 3600 cum
577 3543 846 3601 sublimes
876 3543 1045 3616 hujus
1073 3544 1284 3613 saculi,
1317 3544 1387 3601 ad
1414 3545 1544 3603 ﬁdei
1565 3548 1748 3619 cogni-

151 3628 344 3686 tionem
374 3632 587 3700 vocati,
618 3633 823 3689 sanctis
853 3632 1307 3706 pradicatoribus
1338 3634 1395 3690 in
1427 3634 1593 3708 hujus
1621 3639 1749 3693 vitae

152 3716 335 3777 itinere
364 3722 696 3778 transitoria
724 3722 989 3778 alimenta
1019 3721 1349 3794 largiuntur.
1399 3724 1580 3782 Herba
1605 3725 1752 3782 bona

151 3810 385 3880 operatio
402 3811 656 3883 ponitur,
680 3811 826 3867 sicut
853 3811 1121 3883 scriptum
1151 3820 1234 3869 est
1258 3829 1270 3867 :
1310 3813 1575 3869 Geminei
1608 3820 1751 3872 terra

152 3894 352 3955 herbam
377 3900 640 3955 uirentem
670 3899 880 3972 (Genes.
913 3916 952 3967 ι,
988 3900 1103 3971 11).
1133 3899 1293 3968 Quod
1319 3901 1450 3958 licet
1472 3902 1529 3959 in
1549 3903 1753 3961 condi—

153 3989 293 4050 tione
320 3994 526 4051 mundi
571 3996 650 4052 ita
677 3994 942 4053 historice
969 3995 1177 4053 factum
1219 4004 1522 4061 teneamus,
1550 4000 1752 4049 terram

152 4086 324 4139 tamen
351 4085 666 4143 Ecclesiam
696 4086 960 4160 ﬁgurasse
989 4104 1101 4144 non
1132 4085 1589 4144 inconvenienter
1615 4085 1752 4141 acci-

153 4170 343 4243 pimus,
377 4192 507 4249 qua
538 4177 595 4231 in
644 4194 708 4233 eo
750 4177 1082 4249 germinavit
1112 4176 1339 4233 herbam
1370 4177 1663 4243 virentem,
1696 4174 1754 4229 in

154 4277 255 4333 quo
273 4263 341 4319 ad
368 4264 609 4321 verbum
636 4266 737 4322 Dei
767 4265 1005 4323 fecunda
1026 4264 1419 4323 misericordia
1450 4279 1615 4338 opera
1633 4280 1756 4336 pro-

156 4353 295 4409 tulit.
328 4354 572 4412 Herham
607 4354 905 4430 aliquando
934 4356 1225 4414 scientiam
1255 4366 1418 4430 atque
1448 4354 1755 4412 doctrinam

156 4448 360 4501 atema
389 4445 699 4504 viriditatis
730 4446 1051 4520 accipimus,
1081 4447 1229 4505 sicut
1248 4463 1345 4520 per
1363 4446 1657 4504 Jeremiam
1676 4443 1757 4501 di-

156 4531 322 4590 citur:
347 4535 556 4607 Onagri
584 4542 838 4592 steterunt
876 4535 935 4592 in
977 4537 1224 4612 rupibus,
1272 4543 1557 4593 traxerunt
1582 4540 1759 4592 ventos

158 4623 302 4689 Quasi
328 4624 608 4691 dracones,
633 4624 935 4696 defecerunt
959 4626 1101 4683 oculi
1127 4642 1331 4695 eorum,
1364 4626 1492 4698 quia
1509 4642 1615 4683 non
1643 4630 1760 4681 erat

158 4707 308 4768 herba
339 4713 560 4785 (Jerem.
593 4732 714 4785 xiv,
749 4715 829 4789 6).
862 4717 985 4784 Quo
1003 4716 1155 4774 dicto
1182 4714 1419 4789 superba
1445 4732 1509 4773 ac
1537 4716 1755 4790 nequis-

160 4797 292 4858 sima
334 4803 656 4862 Judaorum
733 4814 815 4863 est
870 4805 1181 4879 persecutio
1240 4804 1585 4879 prophetata.
1645 4805 1753 4877 Ipsi

161 4889 352 4964 quippe
380 4896 572 4968 onagri
603 4912 703 4969 pro
733 4895 936 4953 mentis
964 4894 1226 4964 elatione,
1242 4894 1349 4969 ipsi
1370 4893 1635 4953 dracones
1656 4911 1754 4968 pro

162 4980 430 5043 virulenta
457 4986 792 5061 cogitatione
820 4987 1004 5045 vocati
1043 4993 1194 5044 sunt.
1248 4986 1356 5055 Qui
1395 4992 1668 5043 steterunt
1696 4986 1755 5041 in

162 5074 408 5147 rupibus,
440 5077 572 5151 quia
598 5092 710 5133 non
741 5074 799 5133 in
828 5077 963 5146 Deo,
996 5074 1093 5133 sed
1122 5075 1181 5132 in
1200 5073 1433 5133 summis
1462 5073 1756 5147 potestati-

234 5265 247 5297 ¹
281 5265 362 5320 Ita
388 5265 666 5335 Laudun.,
707 5267 996 5336 Norman.,
1038 5274 1142 5324 etc.
1194 5267 1257 5323 In
1287 5264 1450 5323 Corb.
1484 5264 1669 5321 Germ.
1701 5272 1756 5321 et

164 5342 267 5421 vet.
301 5337 707 5421 Editulegitur.
741 5339 847 5421 Qui
895 5339 1215 5421 temporalia
1250 5336 1495 5421 diligens.
1530 5336 1632 5418 Ubi
1663 5336 1755 5421 qui

165 5405 407 5491 refertur
421 5409 491 5466 ad
514 5405 715 5491 pedem.
741 5405 901 5491 Prius
920 5405 1089 5478 enim,
1122 5410 1218 5491 ubi
1250 5405 1515 5491 habemus
1544 5408 1601 5491 in
1632 5405 1751 5464 cat.

165 5476 286 5554 IIss.
316 5476 659 5554 quiascilicet
680 5499 813 5554 spes,
847 5483 950 5538 iste
978 5476 1104 5539 cum
1136 5489 1247 5538 vet.
1282 5480 1534 5554 vulgatis
1563 5480 1756 5554 legen-

164 5545 289 5632 dum
315 5545 542 5632 exhibet
569 5545 923 5632 quia'sci'licet
942 5570 1054 5632 pes.
1089 5556 1311 5632 Becent.
1352 5545 1506 5632 Editi
1548 5545 1755 5632 optime

166 5620 380 5691 quidem
437 5623 542 5680 hoc
564 5620 980 5697 amendarunt,
1030 5625 1342 5697 habentque
1387 5625 1515 5697 quia
1562 5620 1759 5678 scilicet

165 5706 273 5770 spes
295 5709 315 5757 ;
343 5701 395 5748 at
423 5695 750 5767 gravissimo
777 5712 961 5753 errore
990 5694 1337 5753 retinuerunt
1362 5694 1456 5769 qui
1486 5700 1755 5766 tempora-

169 5761 257 5816 lia.
291 5763 604 5823 Legendum
634 5783 761 5823 ergo
788 5784 925 5823 aute.
956 5768 1167 5823 scilicet
1195 5784 1336 5823 sues.

246 5805 257 5816 .
291 5782 604 5824 LBRBDOUID
634 5783 761 5824 ergo
788 5784 925 5824 aute.
956 5782 1167 5824 εοιιιοθῑ
1195 5784 1336 5824 8068.

235 5782 257 5816 μ.
291 5780 604 5835 Legeuuum
634 5783 761 5839 ergo
788 5784 925 5839 qua,
956 5780 1167 5824 scilicet
1195 5784 1336 5840 spes.

235 5833 256 5869 ²
285 5833 443 5894 Corb.
469 5838 680 5907 Germ.,
712 5840 910 5896 Pratel.
942 5845 996 5895 et
1016 5840 1184 5909 Utic.,
1216 5837 1511 5895 uiriditatis
1538 5837 1759 5893 interna

1864 1924 2150 1981 scientiam
2184 1924 2270 1980 vel
2301 1940 2571 1995 congruas
2600 1924 2945 1996 operationes
2975 1925 3327 1998 accipimus?
3353 1926 3471 1981 De-

1863 2022 2007 2071 serta
2036 2014 2206 2086 igitur
2233 2020 2381 2070 terra
2417 2019 2557 2076 941
2592 2014 2952 2086 compluitnr,
2983 2022 3046 2070 ut
3088 2014 3156 2071 ah
3186 2031 3248 2071 ea
3276 2015 3470 2071 viren-

1862 2119 1945 2168 tes
1973 2111 2155 2168 herha
2186 2111 2583 2185 producantur,
2622 2110 2756 2185 quia
2782 2109 2916 2167 dum
2964 2118 3165 2167 sancta
3210 2111 3469 2185 pradica-

1862 2203 2031 2259 tionis
2059 2201 2292 2259 imbrem
2324 2201 2601 2274 gentilitas
2631 2201 2892 2274 percepit,
2924 2210 2979 2258 et
3015 2202 3142 2259 vita
3172 2219 3335 2277 opera
3364 2204 3385 2239 ³
3417 2211 3471 2259 et

1860 2291 2125 2349 doctrina
2174 2290 2404 2349 herbam
2462 2292 2813 2364 germinavit.
2865 2292 2975 2347 Ista
3029 2291 3288 2349 viriditas
3333 2308 3467 2349 voce

1860 2381 2182 2454 prophetica
2211 2381 2439 2438 deserta
2471 2388 2629 2437 terra
2677 2381 2992 2454 pollicetur,
3042 2398 3168 2438 cum
3217 2381 3465 2439 dicitur:

1859 2470 1927 2528 In
1954 2468 2211 2526 cubilibus
2239 2469 2297 2525 in
2324 2469 2513 2542 quibus
2536 2470 2695 2543 prius
2724 2469 2977 2525 dracones
3004 2469 3313 2526 habitabant
3336 2470 3469 2525 orie-

1861 2564 1951 2615 tur
1978 2558 2129 2616 viror
2157 2558 2355 2616 calami
2381 2566 2430 2615 et
2450 2558 2607 2630 junci
2640 2556 2797 2630 (Isai.
2830 2575 3010 2627 xxxv,
3043 2559 3121 2632 7).
3154 2557 3301 2627 Quid
3319 2557 3466 2614 enim

1860 2665 1956 2720 per
1983 2650 2257 2706 calamum
2289 2649 2311 2683 ⁴
2341 2647 2450 2704 nisi
2497 2646 2903 2721 pradicatores,
2932 2648 3069 2722 quid
3116 2664 3213 2721 per
3231 2646 3463 2720 juncum

1859 2737 1955 2811 qui
1977 2737 2141 2808 juxta
2167 2753 2321 2811 aqua
2372 2736 2662 2793 humorem
2710 2753 2926 2810 semper
2954 2737 3201 2794 nascitur
3229 2736 3337 2792 nisi
3367 2752 3462 2809 pu-

1859 2828 1971 2886 silli
2001 2844 2064 2885 ac
2109 2829 2285 2884 teneri
2314 2828 2595 2885 auditores
2623 2828 2765 2885 sacri
2811 2828 3019 2901 eloquii
3061 2826 3422 2899 designantur
3441 2826 3471 2883 ?

1858 2917 1918 2972 In
1950 2917 2253 2973 draconum
2287 2932 2417 2989 ergo
2458 2915 2740 2973 cubilibus
2785 2917 2939 2972 viror
2974 2916 3173 2974 calami
3220 2924 3273 2971 et
3307 2913 3467 2987 junci

1859 3005 2055 3074 oritur,
2090 3004 2223 3078 quia
2250 3004 2309 3060 in
2338 3005 2418 3060 eis
2447 3004 2666 3077 populis
2696 3021 2833 3078 quos
2860 3003 3078 3078 antiqui
3109 3004 3283 3060 hostis
3313 3003 3466 3059 mali-

1858 3096 1936 3153 tia
1964 3095 2300 3170 possidebat,
2340 3102 2395 3151 et
2436 3093 2734 3151 doctorum
2784 3094 3035 3163 scientia,
3067 3101 3122 3150 et
3151 3092 3467 3151 auditorum

1858 3188 2174 3245 obedientia
2202 3192 2577 3245 coacervatur.

1930 3277 2070 3352 [Vet.
2103 3277 2281 3352 XIX]
2312 3277 2400 3334 53.
2437 3276 2790 3347 Singulorum
2830 3273 2995 3331 corda
3023 3279 3148 3329 sunt
3188 3275 3330 3330 velut
3369 3275 3468 3330 de-

1856 3374 2077 3433 sertum,
2106 3373 2389 3437 antequam
2415 3365 2580 3420 imbre
2604 3365 2794 3436 gratia
2821 3362 3185 3434 fecundentur.
3225 3392 3297 3404 —
3341 3362 3469 3418 Hac

1859 3465 2044 3513 tamen
2075 3472 2197 3530 qua
2235 3455 2566 3528 generaliter
2613 3454 2681 3510 de
2728 3452 3037 3527 gentilitate
3066 3450 3217 3509 dicta
3263 3459 3393 3509 sunt
3421 3451 3465 3507 si

1859 3548 2090 3605 solerter
2108 3546 2460 3619 inspicimus,
2486 3544 2634 3601 intra
2651 3544 2837 3599 sinum
2866 3549 3069 3599 sancta
3096 3541 3360 3599 Ecclesia
3381 3543 3465 3614 agi

1860 3636 1918 3692 in
1947 3635 2181 3708 singulis
2214 3633 2489 3690 videmus.
2532 3632 2673 3689 Sunt
2713 3632 2861 3689 enim
2906 3631 3155 3704 plerique
3202 3629 3272 3687 ad
3302 3630 3468 3686 verba

1856 3727 1955 3783 Dei
1975 3725 2133 3782 valde
2151 3724 2519 3792 insensibiles,
2541 3723 2637 3796 qui
2665 3721 2795 3778 ﬁdei
2827 3721 3052 3796 quidem
3083 3719 3307 3777 nomine
3328 3736 3466 3777 cen-

1861 3824 2070 3884 sentur,
2103 3815 2271 3871 verba
2298 3814 2427 3871 vita
2457 3811 2685 3869 auribus
2717 3809 2973 3879 audiunt,
3005 3808 3101 3867 sed
3143 3825 3206 3865 ea
3235 3807 3465 3865 transire

1862 3921 2035 3980 usque
2065 3904 2135 3961 ad
2164 3904 2383 3961 interna
2411 3901 2595 3959 cordis
2624 3901 2856 3957 minime
2876 3898 3221 3973 permittunt.
3241 3897 3310 3953 Hi
3330 3896 3464 3968 quid

1862 3996 2014 4053 aliud
2053 4011 2216 4069 quam
2246 3993 2462 4050 deserta
2487 4000 2636 4049 terra
2671 3991 2841 4047 sunt?
2884 3990 3017 4059 Qua
3063 3988 3277 4046 scilicet
3321 3994 3464 4043 terra

1864 4084 2147 4141 hominem
2180 4098 2293 4138 non
2322 4080 2507 4151 habet,
2540 4080 2671 4154 quia
2698 4095 2887 4135 eorum
2930 4094 3082 4133 mens
3110 4091 3274 4131 sensu
3304 4075 3466 4131 ratio-

1862 4172 1951 4229 nis
1977 4180 2143 4229 caret.
2174 4172 2246 4227 Et
2274 4170 2461 4228 nullus
2489 4167 2806 4226 mortalium
2838 4166 2897 4223 in
2920 4166 3025 4225 hac
3052 4174 3199 4224 terra
3224 4181 3466 4223 commo-

1864 4269 2036 4329 ratur,
2060 4261 2191 4333 quia
2218 4268 2271 4317 et
2292 4260 2339 4317 si
2370 4258 2590 4333 quando
2619 4258 2681 4314 in
2709 4273 2903 4314 eorum
2933 4255 3275 4314 conscientia
3302 4253 3465 4311 ratio-

1865 4350 2137 4407 nabilium
2168 4365 2427 4408 sensuum
2466 4347 2827 4421 cogitationes
2857 4346 3111 4414 veniunt,
3143 4360 3255 4401 non
3285 4344 3469 4418 persi-

1867 4452 2041 4501 stunt.
2065 4443 2240 4499 Prava
2252 4440 2400 4499 enim
2421 4439 2693 4497 desideria
2713 4440 2771 4495 in
2787 4455 2981 4496 eorum
3001 4437 3262 4496 cordibus
3282 4436 3463 4493 sedem

1870 4534 2183 4600 inveniunt,
2216 4538 2365 4589 recta
2390 4547 2523 4587 vero
2551 4531 2598 4587 si
2636 4528 2855 4605 quando
2885 4528 3160 4598 venerint,
3189 4542 3254 4583 ac
3281 4525 3327 4583 si
3358 4525 3466 4581 im-

1868 4624 2163 4698 pellantur,
2203 4621 2517 4679 decuriunt.
2551 4619 2656 4679 Sed
2677 4636 2804 4678 cum
2837 4619 3150 4677 misericors
3177 4619 3323 4675 Deus
3352 4616 3468 4671 im—

1862 4712 1949 4769 bri
1968 4729 2069 4770 suo
2096 4727 2322 4770 cursum
2343 4719 2397 4768 et
2416 4711 2637 4768 sonanti
2665 4706 2904 4766 tonitrui
2926 4710 3074 4766 viam
3092 4707 3257 4765 dare“
3278 4706 3468 4777 digna-

1861 4810 1972 4872 tur,
2021 4802 2340 4876 compuncti
2392 4817 2488 4874 per
2534 4799 2811 4858 internam
2860 4799 3094 4871 gratiam
3121 4795 3307 4855 verbis
3336 4794 3465 4851 vita

1862 4907 2022 4949 aures
2064 4890 2247 4949 cordis
2280 4888 2553 4964 aperiunt.
2575 4890 2647 4945 Et
2675 4887 2941 4961 impletur
2968 4894 3114 4943 terra
3142 4884 3313 4951 invia,
3337 4883 3467 4956 quia

1862 4980 1995 5037 dum
2026 4979 2231 5053 prabet
2260 4980 2283 5015 ⁶
2311 4978 2565 5036 auditum
2600 4977 2794 5046 verbo,
2831 4975 3147 5033 cumulatur
3175 4970 3460 5045 mysterio.

1864 5072 1936 5127 Et
1967 5068 2224 5143 producit
2249 5067 2446 5127 herbas
2475 5069 2739 5136 virentes,
2771 5066 2902 5140 quia
2930 5080 3028 5138 per
3057 5061 3288 5137 gratiam
3317 5076 3464 5120 com-

1863 5259 2134 5316 doctrime.
2168 5257 2365 5325 Laud.,
2396 5257 2609 5311 intema
2623 5254 2886 5310 doctrina.

1936 5334 1957 5367 ³
1988 5332 2078 5388 Sic
2104 5319 2611 5398 Turon.,'Ebroic.,
2646 5326 2845 5382 Pratel.
2878 5323 3082 5398 aliique
3110 5324 3338 5398 Normu;

1863 5402 2139 5470 Laudun.,
2170 5408 2246 5475 _et
2292 5392 2757 5475 doctrina_h_erba
2802 5392 3133 5475 germinavit.
3185 5392 3461 5475 In__Corh.

1866 5476 2049 5531 Germ.
2083 5482 2136 5530 et
2167 5473 2224 5528 in
2253 5470 2512 5527 omnibus
2540 5470 2741 5537 Editis,
2782 5469 2939 5525 verba
2966 5469 3300 5540 germinavit.

1942 5549 1958 5581 ⁸
1990 5545 2213 5617 Ebroic.
2244 5543 2449 5617 aliique
2476 5543 2691 5617 NormL,
2716 5541 2821 5617 nisi
2837 5541 3143 5617 scriptores.

1937 5619 1957 5653 δ
1989 5615 2264 5684 Laudun.,
2288 5612 2613 5687 designatur.
2636 5612 2801 5687 Corb.
2825 5612 3141 5687 Germ.,sed
3168 5614 3466 5670 misericors

1865 5690 2070 5763 Deus...
2104 5695 2150 5743 et
2179 5685 2413 5763 sonantis
2444 5686 2835 5763 tonit_rui_viam
2856 5685 2986 5741 dare
3013 5686 3285 5763 dignatur.

1938 5764 1959 5797 ⁶
1989 5762 2212 5818 Recent.
2246 5759 2348 5815 Ed.
2382 5775 2506 5815 cum
2555 5757 2717 5814 Corb.
2751 5757 2960 5825 Germ.,
3010 5754 3238 5826 aditum,
3270 5754 3461 5811 invitis

1864 5842 1984 5892 cat.
2013 5834 2141 5891 Mss.
2173 5838 2228 5890 et
2256 5838 2366 5888 vet.
2397 5829 2653 5889 Excusis.
