3920 6374
438 340 546 399 507

1658 351 1908 409 SANCTI
1963 353 2303 416 GREGORII
2339 359 2566 418 MAGNI

3666 375 3777 434 506

439 465 760 569 punctionis
797 465 1004 567 infusa,
1037 468 1445 569 pradicationis
1464 563 1476 569 _
1492 474 1662 569 verba
1683 493 1808 569 non
1853 478 2032 536 solum
2065 484 2116 546 Α
2145 482 2274 552 dat;
2306 485 2598 544 audiamus
2626 503 2779 548 nunc
2797 489 3076 564 quomodo
3095 503 3294 566 eaquae
3314 496 3472 569 quasi
3502 497 3778 558 videntur

447 555 684 612 libenter
716 555 934 629 recipit,
967 555 1064 616 sed
1100 559 1267 618 etiam
1295 561 1536 621 ubertim
1568 566 1771 635 reddit,
1805 576 1869 624 ut
1896 569 2046 642 quod

438 643 634 702 audire
670 659 794 732 non
832 653 1046 719 poterat
1080 646 1195 720 jam
1231 651 1386 726 loqui
1424 655 1812 728 concupiscat;
1845 665 1901 713 et
1923 674 2046 732 quae

437 749 549 791 non
577 731 858 792 audiendo
876 735 1044 793 etiam
1059 736 1404 798 intrinsecus
1426 753 1664 812 eruerat,
1681 743 1798 818 jam
1820 731 2044 821 loquen-

433 821 508 881 do
535 839 660 898 qua
694 831 886 883 sancta
913 834 1044 883 sunt
1073 828 1356 888 viriditate
1375 847 1477 888 sua
1497 833 1774 906 quoslibet
1799 837 2043 893 esurien-

435 919 518 970 tes
537 920 741 988 pascat.
765 913 920 972 Unde
939 914 1081 976 bene
1106 933 1205 990 per
1222 919 1549 994 prophetam
1576 921 1786 982 dicitur
1809 941 1822 981 :
1845 927 2044 983 Emitte

433 1004 685 1075 spiritum
715 1009 864 1060 tuum
890 1011 940 1061 et
953 1007 1299 1076 creabantur,
1319 1016 1370 1065 et
1387 1013 1664 1068 renovabis
1681 1013 1872 1084 faciem
1889 1023 2044 1072 terra!

438 1093 614 1164 (Psal.
648 1110 770 1162 cm,
800 1093 912 1168 32).
943 1094 1036 1152 Sic
1065 1097 1215 1154 enim
1246 1098 1329 1156 sic
1355 1099 1524 1157 facies
1545 1109 1705 1158 terra;
1733 1103 1940 1162 virtute
1964 1122 2042 1162 re-

433 1184 749 1243 novationis
765 1185 1116 1258 immutatur,
1137 1187 1271 1245 dum
1291 1188 1443 1246 sicca
1458 1189 1671 1248 dudum
1694 1211 1850 1250 mens
1868 1196 2041 1268 gratia

433 1275 692 1332 veniente
719 1276 1084 1350 compluitur,
1116 1285 1172 1336 et
1202 1287 1325 1352 post
1361 1278 1675 1338 ariditatem
1723 1283 2036 1371 pristinam,

433 1363 592 1436 quasi
621 1365 907 1438 productis
936 1365 1146 1438 herbis,
1187 1368 1436 1426 scientias
1465 1369 1751 1430 viriditate
1781 1363 2038 1432 vestitur:

433 1452 564 1520 Qum
593 1455 900 1513 conditoris
923 1457 1098 1514 nostri
1116 1458 1289 1531 gratia
1307 1458 1491 1517 adhuc
1509 1459 1672 1518 nobis
1691 1463 1859 1520 altius
1877 1481 2041 1522 com-

433 1543 752 1615 mendatur,
778 1563 906 1604 cum
938 1546 1228 1606 subditur:

669 1717 902 1774 CAPUT
927 1719 1145 1779 xxvn
1175 1718 1316 1794 [νει.
1350 1721 1471 1788 xx,
1501 1723 1620 1780 Rea.
1645 1721 1791 1798 XV].

501 1833 676 1893 Vnus.
709 1835 800 1892 28.
823 1865 895 1879 -
917 1835 1047 1904 Quis
1065 1841 1140 1892 est
1161 1836 1363 1910 pluvia
1382 1846 1542 1912 pater
1558 1841 1586 1898 ἵ
1612 1841 1695 1897 vel
1721 1840 1843 1913 quis
1867 1841 2045 1914 genuit
2075 1853 2122 1916 Β

429 1923 609 1980 stillas
636 1922 782 1979 roris
800 1925 829 1980 ἵ
843 1977 855 1992 ,

498 2041 590 2100 54.
622 2043 799 2100 Imber
825 2040 910 2099 hic
935 2044 1296 2114 voluntarius,
1327 2063 1437 2104 non
1474 2064 1578 2122 pro
1606 2047 1808 2105 nostris
1834 2049 2038 2104 meritis

427 2132 611 2190 datur.
642 2133 953 2205 Aliquando
984 2139 1239 2207 tanquam
1277 2153 1370 2193 ros
1414 2138 1607 2204 stillat,
1655 2139 1950 2210 aliquando
1982 2145 2040 2196 ut

423 2221 618 2293 pluvia
644 2222 872 2278 ubertim
891 2229 1093 2281 manat.
1126 2254 1199 2268 —
1221 2226 1306 2283 Ac
1331 2224 1378 2283 si
1416 2225 1625 2284 diceret
1654 2225 1764 2284 nisi
1789 2243 1911 2302 ego,
1942 2229 2038 2302 qui

427 2309 630 2368 siccam
660 2318 861 2369 terram
912 2311 1146 2371 humani
1197 2313 1380 2372 cordis
1413 2315 1584 2389 guttis
1614 2315 1858 2373 scientiae
1906 2334 2038 2390 gra—

425 2401 569 2458 tuito
613 2417 858 2478 aspergo.
913 2403 993 2462 De
1041 2403 1148 2462 hac
1189 2403 1341 2460 enim
1386 2404 1579 2479 pluvia
1625 2403 1762 2462 alias
1789 2405 2032 2465 dicitur:

423 2491 675 2548 Pluviam
688 2493 1052 2551 voluntariam
1071 2495 1088 2529 ¹
1110 2493 1424 2567 segregabis,
1437 2495 1607 2564 Deus,
1620 2495 1916 2552 hwreditati
1937 2502 2038 2553 tua:

423 2581 604 2651 (Psal.
637 2599 812 2650 vau,
846 2581 964 2656 l0).
999 2582 1387 2641 Voluntariam
1419 2584 1622 2658 quippe
1653 2585 1899 2658 pluviam
1926 2585 2034 2644 hae-

431 2669 654 2728 reditati
681 2688 794 2730 sum
821 2671 1096 2729 Dominus
1123 2681 1390 2746 segregat,
1430 2673 1560 2747 quia
1587 2691 1700 2730 non
1729 2691 1846 2731 eam
1873 2676 2034 2734 nobis

425 2777 524 2834 pro
549 2759 754 2818 nostris
779 2759 1023 2832 meritis,
1057 2761 1152 2820 sed
1181 2779 1281 2836 pro
1323 2779 1436 2820 suae
1465 2780 1694 2822 munere
1727 2765 2032 2839 benignita-

423 2849 496 2906 tis
519 2857 758 2924 praestat.
789 2851 866 2908 Et
895 2849 1112 2909 idcirco
1131 2851 1238 2910 hoc
1267 2852 1388 2910 loco
1407 2860 1562 2926 pater
1580 2854 1784 2928 pluviae
1800 2853 2030 2924 dicitur,

424 2937 556 3012 quia
583 2955 822 3013 superna
843 2940 1008 2999 nobis
1025 2940 1344 3015 praedicatio
1363 2959 1478 3000 non
1497 2943 1566 3000 de
1584 2951 1776 3002 nostro
1805 2945 2026 3014 merito,

423 3027 518 3085 sed
546 3026 614 3087 de
642 3027 762 3102 ejus
789 3031 963 3104 gratia
990 3039 1302 3104 generatur.
1350 3031 1526 3092 Stillte
1566 3035 1715 3091 enim
1747 3035 1890 3093 roris
1921 3037 2029 3110 ipsi

419 3117 596 3176 sancti
625 3119 1012 3192 pradicatores
1039 3129 1191 3192 sunt,
1227 3123 1250 3158 ³
1291 3121 1388 3196 qui
1416 3139 1549 3180 arva
1575 3125 1814 3198 pectoris
1853 3127 2028 3183 nostri

418 3208 562 3267 inter
581 3211 726 3267 mala
752 3211 884 3268 vitae
909 3213 1216 3284 praesentis,
1248 3213 1408 3285 quasi
1427 3213 1573 3270 inter
1599 3214 1853 3273 tenebras
1873 3216 2030 3274 siccae
2063 3222 2108 3285 ο

418 3300 599 3358 noctis
626 3301 857 3370 arentia,
893 3301 1070 3374 gratia
1109 3317 1358 3374 supernae
1387 3303 1659 3375 largitatis
1699 3304 2024 3364 infundunt.

417 3389 498 3445 De
525 3387 616 3445 his
657 3387 824 3445 stillis
851 3389 1165 3446 contumaci
1206 3389 1408 3447 Iudaeae
1445 3389 1687 3448 dicitur:
1737 3392 2027 3466 Propterea

410 3475 694 3549 prohibita
724 3482 850 3534 sunt
871 3480 1018 3540 942
1037 3477 1196 3534 stillae
1215 3478 1554 3551 pluviarum,
1579 3486 1628 3537 et
1645 3481 1907 3539 serotinus
1929 3483 2025 3540 im-

416 3577 506 3632 ber
525 3593 638 3633 non
661 3575 770 3648 fuit
803 3577 1024 3650 (Jerem.
1049 3594 1134 3647 ω,
1159 3577 1240 3652 3).
1271 3580 1408 3653 Ipsae
1431 3580 1634 3654 quippe
1651 3583 1672 3617 ³
1702 3581 1864 3639 stillae
1884 3583 2026 3640 roris

413 3673 544 3724 sunt
569 3682 692 3741 qua
719 3666 885 3726 stillae
915 3665 1251 3740 pluviarum.
1286 3668 1520 3736 Quando
1547 3669 1696 3728 enim
1725 3670 2024 3744 dispensa—

413 3754 566 3812 tione
587 3755 777 3833 aliqua
803 3755 1250 3830 prmdicationem
1287 3764 1619 3832 temperant,
1650 3760 1806 3834 quasi
1839 3779 2020 3820 rorem

411 3851 664 3904 tenerum
692 3853 1010 3922 aspergunt.
1038 3845 1269 3915 Quando
1286 3864 1421 3906 vero
1439 3864 1502 3906 ea
1527 3865 1650 3925 quae
1677 3849 1746 3908 de
1763 3852 2020 3924 supernis

408 3935 658 3994 sentiunt
677 3937 882 3994 virtute
895 3953 1003 4012 qua
1020 3937 1323 4010 praevalent
1339 3937 1662 4013 loquuntur,
1682 3941 1840 4015 quasi
1861 3941 2019 3998 uber-

409 4025 509 4084 tim
537 4033 853 4086 manantem
875 4026 1125 4100 pluviam
1153 4026 1420 4086 fundunt.
1441 4029 1463 4065 ⁴
1478 4030 1679 4088 Borem
1699 4031 2019 4105 aspergebat

407 4116 632 4188 Paulus,
658 4133 786 4176 cum
815 4116 1125 4177 Corinthiis
1161 4116 1404 4179 diceret:
1453 4121 1575 4179 Non
1616 4121 1756 4178 enim
1772 4121 2019 4194 judican

405 4206 541 4264 scire
580 4223 661 4264 me
700 4207 914 4280 aliquid
949 4209 1091 4265 inter
1127 4226 1240 4277 vos,
1289 4210 1395 4267 nisi
1431 4210 1705 4269 Christum
1739 4213 1940 4282 Iesum,
1969 4219 2017 4270 et

405 4295 542 4352 hunc
572 4297 893 4368 cruciﬁxum
925 4297 983 4370 (Ι
1012 4299 1138 4356 Cor.
1174 4316 1236 4369 Ir,
1279 4299 1361 4372 2).
1393 4301 1467 4358 Et
1509 4317 1728 4360 rursum
1763 4300 2012 4374 pluviam

406 4384 682 4456 manabat,
711 4385 938 4444 dicens:
975 4389 1046 4447 0s
1073 4396 1316 4447 nostrum
1337 4397 1486 4464 patet
1502 4392 1575 4448 ad
1603 4409 1717 4458 vos,
1745 4407 1778 4446 ο
1808 4391 2014 4448 Corin-

406 4475 522 4546 thii,
553 4492 645 4533 cor
671 4481 915 4534 nostrum
937 4479 1222 4537 dilatatam
1249 4487 1325 4538 est
1347 4481 1444 4551 (ΙΙ
1469 4481 1595 4538 Cor.
1619 4497 1700 4549 v1,
1725 4479 1838 4552 11).
1871 4479 2015 4539 Hinc

2154 571 2372 631 interna
2401 575 2676 650 projiciat.
2707 579 2896 653 Neque
2923 579 3072 638 enim
3101 581 3184 640 sic
3211 582 3426 658 colligit
3451 586 3680 660 electos,
3711 601 3776 649 ut

2153 680 2268 722 non
2307 665 2473 723 etiam
2499 667 2715 741 judicet
2745 670 3046 744 reprobos;
3095 686 3274 747 neque
3313 673 3394 732 sic
3431 677 3775 751 quibusdam

2153 756 2342 828 culpas
2370 759 2604 830 relaxat,
2636 768 2699 818 ut
2729 777 2840 818 non
2869 771 2922 819 et
2952 761 3011 819 in
3041 763 3372 838 quibusdam
3404 767 3591 828 feriat.
3621 772 3772 832 Scri-

2153 853 2308 919 ptum
2339 848 2542 922 quippe
2568 857 2682 907 est:
2715 853 2737 886 ⁵
2767 851 3141 910 Misericordia
3170 855 3310 910 enim
3349 863 3398 912 et
3439 855 3529 914 ira
3563 861 3632 917 ab
3673 862 3778 920 illo

2155 935 2346 1009 (Eccli.
2374 956 2432 1006 γ,
2463 939 2542 1011 7).
2585 939 2740 997 Unde
2779 938 2876 997 hic
2919 957 3138 1018 quoque
3182 953 3474 1020 postquam
3507 957 3595 1007 tot
3623 950 3776 1010 dona

2153 1027 2340 1100 gratia)
2371 1028 2580 1095 intulit,
2615 1029 2781 1086 etiam
2801 1029 2898 1088 ira
2928 1047 3042 1088 suae
3067 1031 3283 1104 judicia
3309 1050 3424 1095 non
3451 1039 3773 1102 abscondit.

2150 1117 2288 1174 Nam
2315 1119 2570 1194 sequitur
2595 1135 2608 1176 :

2509 1231 2741 1292 CAPUT
2773 1233 3014 1294 xxvm
3043 1233 3186 1312 [νει.
3229 1238 3408 1316 xm.

2225 1351 2397 1410 Vnus.
2421 1353 2511 1412 29.
2545 1385 2615 1396 —
2639 1356 2718 1412 De
2749 1355 2900 1427 cujus
2930 1363 3079 1415 utero
3124 1376 3329 1433 egressa
3373 1369 3450 1418 est
3474 1365 3696 1438 glacies,
3727 1374 3778 1424 et

2148 1442 2266 1513 gelu
2293 1442 2356 1498 de
2380 1445 2506 1500 coelo
2535 1445 2658 1516 quis
2685 1447 2912 1518 genuit?
2985 1515 2995 1521 _

2218 1532 2308 1590 55.
2337 1535 2516 1592 Judaei
2543 1536 2836 1608 reprobati,
2879 1539 3038 1610 quasi
3063 1555 3131 1596 ea:
3161 1540 3540 1600 misericordia
3570 1547 3774 1604 divinae

2148 1628 2298 1706 utero
2325 1623 2494 1695 ejecti,
2529 1625 2645 1682 licet
2673 1645 2710 1684 a
2753 1628 2952 1684 sanctis
2985 1629 3318 1702 patriarchis
3358 1633 3486 1692 orti.
3518 1665 3591 1678 —
3619 1637 3772 1706 Quid

2148 1703 2298 1768 enim
2323 1713 2476 1771 aliud
2505 1713 2564 1772 in
2593 1717 2720 1788 gelu
2748 1717 2837 1775 vel
2865 1717 3039 1792 glacie
3066 1719 3178 1778 nisi
3211 1719 3417 1794 frigida
3437 1730 3493 1780 et

2149 1809 2371 1877 torpore
2399 1806 2701 1865 constricta
2726 1809 3032 1882 accipimus
3063 1811 3233 1870 corda
3259 1811 3578 1872 Judaorum
3600 1817 3632 1874 ?
3660 1818 3769 1887 Qui

2150 1893 2428 1967 quondam
2448 1913 2546 1969 per
2565 1898 2942 1971 acceptionem
2968 1901 3126 1976 legis,
3147 1918 3244 1976 per
3262 1905 3576 1964 custodiam
3607 1924 3766 1965 man-

2145 1981 2422 2055 datorum,
2454 2002 2551 2058 per
2578 1986 2888 2047 ministeria
2920 1990 3206 2062 sacriﬁcii,
3223 2009 3320 2066 per
3345 1996 3618 2068 mysteria
3635 2014 3767 2072 pro-

2147 2070 2367 2144 phetiae,
2399 2073 2482 2132 sic
2522 2074 2672 2134 intra
2699 2076 2884 2136 sinum
2915 2080 3126 2152 gratiae,
3156 2083 3313 2157 quasi
3342 2083 3492 2144 intra
3535 2070 3764 2148 uterum

2147 2163 2429 2234 creatoris,
2461 2163 2828 2226 habebantur.
2871 2170 2978 2227 Sed
3009 2171 3160 2245 quia,
3205 2175 3464 2234 veniente
3493 2179 3764 2250 Domino,

2146 2254 2432 2313 constricti
2462 2255 2666 2328 frigore
2694 2257 2958 2330 perﬁdiae,
2989 2259 3267 2320 fervorem
3289 2263 3419 2321 ﬁdei
3433 2274 3490 2324 et
3508 2269 3767 2328 caritatis

2147 2345 2469 2416 amiserunt,
2492 2364 2522 2404 a
2551 2357 2760 2406 secreto
2793 2350 2980 2422 gratia:
3008 2353 3137 2410 sinu
3165 2353 3418 2428 projecti,
3449 2361 3610 2434 quasi
3639 2363 3766 2435 gla-

2146 2435 2279 2504 cies,
2310 2436 2378 2493 de
2397 2445 2556 2494 utero
2583 2439 2848 2497 creatoris
2876 2442 3078 2514 egressi
3109 2451 3273 2502 sunt:
3309 2448 3386 2504 Et
3401 2450 3522 2520 gelu
3541 2451 3606 2506 de
3628 2455 3764 2511 calo

2144 2526 2263 2596 quis
2286 2530 2500 2599 genuit?
2521 2529 2666 2598 Quid
2688 2529 2782 2588 hic
2799 2532 2952 2590 aliud
2980 2535 3206 2606 cmlum,
3237 2536 3348 2596 nisi
3374 2540 3636 2600 sublimis
3663 2544 3762 2602 de~

2142 2613 2236 2671 bet
2250 2615 2484 2690 intelligi
2503 2619 2618 2676 vita
2635 2629 2950 2680 sanctorum
2967 2623 2996 2681 ‘l
3012 2625 3106 2684 cui
3126 2627 3267 2684 coelo
3285 2627 3512 2688 dicitur:
3531 2632 3764 2690 Attende

2141 2707 2346 2772 caelum,
2375 2713 2426 2762 et
2453 2709 2646 2780 loquar
2671 2711 2858 2782 (Deut.
2885 2729 3068 2783 mm,
3095 2716 3172 2788 1).
3193 2717 3314 2774 Non
3331 2718 3483 2778 enim
3512 2721 3752 2780 insensi-

2141 2793 2266 2866 bili,
2282 2796 2378 2854 sed
2397 2797 2714 2856 rationabili
2734 2809 2996 2860 creatura:
3026 2804 3372 2878 loquebatur.
3391 2809 3471 2866 De
3485 2808 3596 2868 hoc
3607 2813 3756 2870 cmlo

2139 2883 2410 2942 Dominus
2434 2886 2543 2943 ait:
2595 2889 2798 2946 Cwlum
2834 2891 2966 2948 mihi
3000 2894 3142 2951 sedes
3169 2903 3244 2951 est
3265 2898 3431 2968 (Isai.
3463 2917 3620 2972 var,
3658 2904 3744 2975 1).

2138 2975 2219 3033 De
2246 2991 2354 3050 qua
2379 2975 2506 3032 sede
2533 2977 2670 3035 alias
2698 2979 2968 3054 scriptum
2996 2990 3079 3039 est
3109 2985 3169 3040 σε
3199 2985 3400 3044 Anima
3431 2988 3572 3060 justi
3597 2993 3748 3049 sedes

2137 3066 2409 3138 sapientia
2435 3073 2527 3125 est.
2555 3069 2696 3138 Quia
2731 3087 2861 3144 ergo
2890 3073 3164 3146 sapientia
3189 3083 3274 3133 est
3299 3079 3466 3148 Deus,
3497 3078 3544 3136 si
3576 3081 3740 3139 sedes

2137 3156 2238 3212 Dei
2267 3157 2468 3214 ccelum
2496 3165 2598 3228 est,
2647 3167 2701 3215 et
2727 3161 2914 3216 anima
2935 3159 3076 3234 justi
3117 3163 3274 3221 sedes
3319 3175 3403 3223 est
3428 3167 3744 3242 sapientiai,

2139 3247 2337 3303 cmlum
2369 3255 2450 3304 est
2477 3248 2670 3322 utique
2684 3251 2870 3308 anima
2883 3249 3042 3325 justi.
3073 3253 3287 3312 leum
3307 3255 3417 3313 fuit
3434 3257 3746 3330 Abraham,

2135 3337 2336 3394 coelum
2365 3339 2534 3408 Isaac,
2565 3341 2765 3398 coelum
2795 3342 2984 3402 Iacob.
3034 3345 3141 3402 Sed
3183 3347 3316 3420 quia
3359 3357 3753 3422 persecutores

2135 3429 2360 3516 Domini
2380 3430 2669 3503 pontiﬁces
2687 3433 3003 3492 Judaaorum
3024 3436 3269 3509 perﬁdiae
3301 3445 3520 3512 torpore
3545 3441 3746 3516 frigidi

2133 3515 2201 3572 de
2232 3517 2456 3576 illorum
2484 3527 2701 3592 patrum
2751 3524 3010 3597 progenie
3049 3535 3454 3598 processerunt,
3485 3515 3643 3602 quasi
3677 3529 3746 3588 de

2133 3607 2272 3663 calo
2304 3608 2430 3680 gelu
2476 3609 2635 3679 exiit,
2677 3613 2810 3685 quia
2849 3612 2918 3670 de
2963 3613 3192 3672 sublimi
3219 3617 3378 3689 prole
3419 3626 3742 3680 sanctorum

2132 3695 2397 3768 processit
2443 3697 2647 3771 frigida
2686 3701 2842 3774 plebs
2881 3701 3216 3762 inﬁdelium.
3275 3704 3414 3762 Cum
3462 3707 3615 3765 enim
3671 3709 3743 3768 de

2131 3784 2412 3844 Abraham
2440 3793 2600 3845 natus
2628 3797 2711 3846 est
2737 3787 2992 3863 Caiphas,
3027 3791 3164 3866 quid
3191 3792 3345 3850 aliud
3371 3795 3478 3852 nisi
3511 3797 3642 3869 gelu
3670 3797 3745 3856 de

2129 3876 2268 3932 caelo
2298 3879 2614 3950 processit?
2643 3879 2804 3949 Quod
2839 3889 3024 3939 tamen
3055 3883 3180 3956 gelu
3224 3883 3432 3942 idcirco
3459 3887 3739 3947 Dominus

2129 3966 2382 4038 genuisse
2409 3983 2468 4024 se
2495 3966 2654 4038 dicit,
2688 3969 2820 4042 quia
2843 3970 3082 4042 Iudaeos,
3105 3988 3245 4046 quos
3267 3977 3597 4035 naturaliter
3615 3978 3738 4053 ipse

2127 4054 2304 4113 bonos
2329 4056 2604 4128 condidit,
2617 4058 2770 4132 justo
2784 4058 3004 4134 judicio
3021 4079 3120 4136 per
3138 4080 3329 4122 eorum
3351 4066 3626 4125 malitiam
3640 4069 3743 4126 fri-

2127 4147 2283 4220 gidos
2319 4165 2352 4205 a
2378 4165 2440 4205 se
2467 4149 2621 4206 exire
2649 4151 2920 4224 permisit.
2952 4155 3226 4213 Dominus
3254 4157 3404 4214 enim
3433 4165 3629 4215 auctor
3657 4169 3743 4219 est

2125 4245 2356 4309 naturae,
2386 4254 2499 4295 non
2526 4240 2722 4313 culpat.
2747 4242 2952 4300 Genuit
2979 4260 3109 4317 ergo
3139 4243 3378 4302 creando
3405 4248 3743 4308 naturaliter

2124 4343 2260 4402 quos
2290 4328 2511 4402 iniquos
2538 4330 2790 4403 permisit
2819 4331 3007 4389 vivere
3025 4333 3317 4392 tolerando
3337 4335 3632 4408 patienter.
3661 4341 3744 4398 Et

2123 4419 2255 4492 quia
2279 4419 2378 4476 illa
2403 4419 2684 4494 quondam
2714 4427 2902 4478 tenera
2922 4438 2988 4480 ac
3008 4422 3139 4480 ﬁdei
3170 4423 3537 4497 penetrabilia
3561 4430 3736 4488 corda

2120 4508 2458 4580 Iudaeorum,
2490 4511 2549 4566 in
2579 4510 2824 4584 perﬁdiae
2853 4513 3207 4584 postmodum
3236 4513 3614 4576 obstinatione
3632 4519 3735 4578 du-

403 4571 502 4676 ιξιιε³
513 4564 662 4665 φιφά
678 4566 926 4676 ξομες.
958 4569 1054 4644 qus
1096 4577 1152 4630 ει
1193 4569 1384 4676 valida:
1396 4657 1408 4670 ,
1429 4569 1716 4676 artibus,
1737 4574 1793 4624 et
1825 4575 2012 4676 ιθξιξθη
2041 4593 2089 4654 n
2118 4564 2606 4670 sagmina;
2621 4564 3020 4676 animus;

408 4651 644 4712 inﬁrmis
671 4655 953 4716 dicturum
983 4675 1043 4716 se
1070 4667 1323 4730 noverat,
1353 4657 1610 4717 dicebat:
1661 4660 2010 4731 Exspectetur

401 4745 537 4802 sicut
557 4747 749 4819 pluvia
799 4750 1065 4823 eloquium
1111 4767 1304 4819 meum,
1343 4754 1393 4806 et
1418 4749 1729 4807 descendant
1758 4749 1893 4804 sicut
1918 4767 2008 4806 ros

404 4837 560 4896 verba
587 4857 702 4898 mea
719 4841 908 4911 (Deut.
941 4856 1124 4909 χχχιι,
1156 4839 1242 4912 2).

471 4927 577 4986 Sed
603 4945 731 4990 ecce
757 4929 1079 4988 audivimus
1124 4944 1234 5004 quo
1269 4943 1498 4986 munere
1531 4928 1807 5004 gentilitas
1831 4945 2006 4988 voca-

400 5024 509 5090 tur;
526 5021 819 5082 audiamus
832 5037 986 5080 nunc
1004 5036 1115 5096 qua
1131 5019 1482 5085 districtione
1495 5019 1684 5080 Iudaea
1693 5022 2000 5096 repellitur.

399 5109 735 5170 Audivimus
763 5108 1042 5186 quomodo
1069 5107 1286 5167 deserta
1313 5109 1551 5180 excolat,
1581 5111 1792 5170 arentia
1817 5111 2002 5168 infun-

474 5329 489 5362 ¹
521 5325 722 5396 Laud.,
753 5342 976 5397 segrege,
990 5325 1151 5380 Deus.

470 5399 493 5434 ²
521 5397 720 5466 Laud.,
752 5395 845 5468 qui
873 5395 1051 5451 ardua
1078 5395 1328 5468 pectoris.

471 5470 493 5505 ³
518 5471 579 5545 In
609 5468 803 5536 Gilot.,
834 5468 998 5522 stellae
1027 5467 1171 5522 roris
1197 5474 1319 5522 sunt
1346 5485 1466 5540 quos
1481 5473 1658 5545 stellm
1668 5473 2002 5545 pluviarum.

397 5539 690 5614 Manifesta
705 5555 911 5614 errore,
933 5554 1094 5614 quem
1107 5555 1180 5614 ex
1203 5539 1688 5614 parte’emendavii
1705 5545 2000 5614 Gussanv.,

398 5609 494 5684 sed
522 5610 758 5684 retinuit
785 5609 1295 5684 stella'pluviarum.
1331 5613 1436 5670 Ubi
1465 5625 1680 5672 constat
1710 5609 2002 5684 legendum

397 5682 547 5757 stilla
569 5682 1036 5757 pluviarum,_ut
1063 5682 1225 5757 etiam
1272 5687 1528 5742 exstatin
1565 5689 1691 5744 Mss.
1740 5682 2000 5757 Vindoc.,

397 5752 1092 5829 duob.'_Be_mig.,_Eb_roic.
1127 5755 1359 5829 aliisque
1399 5758 1614 5826 Norm.,
1649 5759 1706 5814 in
1738 5752 2000 5816 vetustiol

401 5771 568 5810 anon.
600 5771 756 5811 item:
799 5799 834 5824 .,
867 5771 1092 5812 nnronc.
1127 5771 1359 5829 amsque
1399 5771 1614 5826 nomn,
1649 5776 1706 5814 in
1738 5771 1999 5816 vetustio-

401 5823 558 5882 ribus
579 5825 732 5884 Edit.
755 5771 816 5886 fu
838 5826 1002 5886 Corb.
1031 5827 1214 5885 Germ.
1239 5835 1426 5884 tamen
1450 5829 1652 5901 legitur
1672 5846 1860 5902 supra,
1885 5831 1999 5900 hic,

2107 5673 2344 5742 prudens
2387 5675 2607 5729 thronus
2647 5683 2722 5730 est
2751 5693 2948 5732 sensus.
2994 5677 3067 5733 Et
3109 5677 3168 5733 in
3217 5694 3358 5734 vers.

2111 5746 2466 5824 cautus_sedes
2496 5746 2842 5824 estscientire.
2886 5749 3042 5804 Alias
3069 5747 3416 5820 conjecturas
3449 5746 3714 5824 profere-

2111 5831 2234 5872 mus
2262 5815 2331 5872 ad
2359 5815 2511 5874 hom.
2549 5817 2618 5874 38
2657 5817 2712 5872 in
2742 5820 2955 5892 Evang.

2674 4719 2906 4778 CAPUT
2941 4721 3151 4781 XXIX.

2187 4835 2358 4892 Vnus.
2378 4834 2544 4893 30.--
2556 4837 2624 4894 In
2633 4835 3036 4896 similitudinem
3052 4841 3250 4914 lapidis
3263 4859 3420 4915 aquae
3433 4844 3729 4903 durantur.

2195 4929 2340 4990 e43
2367 4925 2457 4983 56.
2489 4926 2583 4984 Ea:
2627 4927 2758 5000 ﬁliis
2804 4928 3036 4986 Abralue
3075 4929 3208 5002 facti
3244 4938 3370 4991 sunt
3414 4933 3639 5007 lapides,
3667 4936 3732 4993 ob

2113 5024 2290 5080 cordis
2335 5024 2637 5094 duritiam;
2685 5033 2732 5083 et
2775 5029 2990 5100 gentiles
3025 5029 3182 5103 prius
3230 5031 3431 5104 lapides
3479 5033 3540 5089 in
3585 5034 3731 5107 ﬁlios

2113 5112 2343 5171 Abrahae
2368 5115 2608 5172 conversi
2633 5122 2774 5174 sunt.
2799 5149 2871 5161 —
2897 5119 3084 5194 Aquas
3102 5121 3252 5178 enim
3282 5122 3517 5194 populos
3545 5123 3728 5197 accipi

2115 5391 2168 5440 et
2195 5385 2363 5455 infra,
2387 5387 2552 5443 stellce
2579 5387 2746 5456 roris,
2773 5395 2821 5444 et
2852 5389 3028 5446 stillas
3051 5389 3217 5447 roris.

2187 5457 2206 5536 ξ
2239 5458 2410 5536 garb.
2428 5460 2611 5536 Germ.
2653 5469 2708 5536 et
2736 5460 2934 5536 Laud,
2964 5479 3055 5536 ros
3081 5463 3388 5536 aspergebat
3415 5465 3646 5523 Paulus.

2185 5530 2205 5606 if
2235 5530 2460 5606 Erat-61.“,
2491 5531 2860 5606 misericordia
2887 5541 2941 5606 et
2958 5534 3076 5606 ira,
3109 5530 3310 5606 rejecto
3339 5530 3500 5592 enim.

2186 5602 2206 5636 δ
2234 5602 2394 5658 Forte
2421 5603 2585 5660 Prov.
2618 5620 2722 5668 xn,
2752 5605 2842 5672 28,
2874 5605 2971 5661 ubi
3007 5623 3124 5687 sec:
3159 5602 3320 5665 LXX
3344 5607 3578 5736 legitur:
3624 5610 3722 5692 lfir

2186 5673 2344 5728 udens
2387 5675 2607 5729 thronus
2647 5683 2722 5730 est
2751 5693 2948 5732 sensus.
2994 5677 3067 5733 Et
3109 5695 3168 5733 1n
3217 5694 3358 5734 vers.
3450 5697 3575 5738 vr.:
3622 5682 3717 5738 l‘n'

3449 5697 3534 5752 yr.
3562 5699 3575 5736 :
3627 5695 3717 5738 Ην
