3920 6374
133 362 225 420 509
839 361 1214 421 MORALIUM
1254 364 1388 423 LIB.
1431 366 1643 426 XXIX.
1681 398 1754 413 -
1788 372 1862 429 IN
1897 372 2127 432 CAPUT
2162 376 2457 436 XXXVIII
2493 380 2556 436 Β.
2597 381 2740 439 JOB.

3329 388 3439 448 510

132 486 235 561 jam
257 485 458 588 saepius
830 504 919 588 me
960 490 1211 588 memini.
1246 492 1262 527 ¹
1294 493 1358 550 In
1382 493 1573 588 lapide
1598 510 1730 554 vero
1755 499 1808 560 A
1909 498 1999 557 58.
2031 501 2189 558 Dicta
2216 503 2280 559 de
2305 503 2616 561 Judaorum
2640 506 2848 566 duritia
2874 518 2924 568 et
2955 514 3347 588 reprobatione,
3378 486 3469 575 de.

140 591 229 648 pro
255 573 372 647 ipsa
396 574 609 632 duritia
640 576 941 650 aliquando
969 579 1201 651 gentiles
1230 582 1421 654 populi
1445 582 1737 655 designan-

144 672 242 722 tur.
263 663 372 736 Ipsi
391 664 597 738 quippe
624 665 838 738 lapides
875 668 1186 726 coluerunt.
1209 671 1284 727 Et
1299 670 1367 728 de
1390 671 1479 729 his
1499 688 1595 745 per
1605 673 1737 730 Pro-

141 755 348 829 phetam
369 753 583 813 dictum
612 764 725 814 est:
753 757 963 815 Similes
990 759 1103 817 illis
1132 761 1270 833 ﬁant
1291 763 1386 833 qui
1412 762 1624 834 faciunt
1650 781 1732 834 ea,

141 851 184 902 et
217 862 386 902 omnes
420 845 515 917 qui
558 846 834 919 conﬁdunt
874 848 933 902 in
977 849 1051 906 eis
1082 850 1257 922 (Psal.
1280 867 1441 923 cxm,
1463 853 1545 926 8).
1579 853 1736 911 Unde

138 936 363 993 Joannes
388 935 610 993 Iudaeos
639 937 912 1009 aspiciens
945 938 967 974 ³
997 955 1055 997 se
1084 939 1153 997 de
1181 948 1471 1001 stemmate
1501 959 1736 1017 genera-

139 1022 295 1083 tionis
331 1025 622 1094 extollere,
671 1032 727 1082 et
773 1026 1003 1099 gentiles
1046 1030 1357 1102 praevidens
1398 1032 1468 1091 ad
1495 1034 1734 1093 Abrahae

136 1114 334 1187 prolem
354 1112 488 1170 ﬁdei
508 1114 826 1187 cognitione
846 1117 1106 1189 transire,
1126 1120 1237 1177 ait:
1262 1122 1341 1178 Ne
1368 1123 1543 1179 velitis
1562 1124 1736 1181 dicere

134 1205 269 1260 intra
291 1222 404 1273 vos,
424 1206 647 1263 Patrem
665 1207 915 1265 habemus
946 1209 1243 1269 Abraham.
1274 1212 1407 1269 Dico
1426 1214 1565 1270 enim
1591 1215 1735 1272 vobis

133 1293 251 1365 quia
275 1300 464 1368 potens
493 1301 570 1352 est
594 1297 738 1354 Deus
766 1298 830 1354 de
867 1299 1138 1372 lapidibus
1164 1301 1283 1360 istis
1312 1303 1569 1362 suscitare
1594 1305 1735 1378 ﬁlios

131 1383 353 1440 Abralue
373 1383 596 1456 (Matth.
615 1402 701 1455 nr,
721 1386 815 1459 9);
849 1387 1059 1462 lapides
1084 1391 1279 1465 utique
1307 1392 1475 1451 duros
1504 1393 1737 1467 perﬁdia

131 1474 350 1547 gentiles
370 1475 392 1510 ³
413 1491 647 1534 vocans.
672 1475 813 1544 Quia
840 1493 971 1550 ergo
1000 1479 1243 1551 primum
1272 1482 1464 1540 Iudaea
1480 1484 1594 1541 Deo
1618 1500 1737 1542 cre-

130 1563 283 1634 didit,
297 1564 614 1638 gentilitate
629 1567 783 1624 omni
803 1567 863 1623 in
878 1568 1124 1641 perﬁdiae
1138 1587 1251 1628 suae
1263 1571 1637 1631 obstinatione
1652 1591 1734 1633 re-

130 1662 392 1723 manente,
424 1654 788 1728 postmodum
810 1672 941 1713 vero
959 1657 1031 1714 ad
1060 1657 1226 1717 ﬁdem
1255 1662 1545 1734 gentilium
1567 1662 1735 1721 corda

128 1747 333 1805 mollita
359 1754 523 1818 sunt,
541 1755 598 1805 et
614 1747 931 1807 Iudaeorum
957 1748 1261 1810 inﬁdelitas
1278 1752 1572 1821 obdurata,
1592 1754 1734 1812 bene

1846 587 2049 646 Satana
2062 597 2288 662 possunt
2302 592 2545 665 intelligi.
2562 624 2634 638 —
2650 595 2755 653 Per
2773 596 2879 656 hoc
2891 587 3024 658 vero
3053 605 3200 677 quod
3227 601 3439 665 dictum

1842 685 1961 735 est:
1994 679 2071 736 De
2098 682 2252 754 cujus
2279 688 2428 739 utero
2447 701 2650 756 egressa
2673 692 2751 742 est
2774 689 2984 759 glacies,
3014 697 3063 746 et
3087 694 3208 765 gelu
3232 695 3295 752 de
3318 699 3444 754 casio

1843 772 1962 841 quis
1983 774 2161 844 genuit
2179 778 2207 831 ?
2235 775 2402 832 etiam
2440 776 2606 833 Satan
2634 777 2693 833 in
2723 779 2848 850 gelu
2874 787 2929 836 et
2958 781 3129 853 glacie
3155 784 3236 841 nil
3264 785 3446 845 obstat

1843 858 2098 934 intelligi.
2133 864 2252 936 Ipse
2270 864 2472 938 quippe
2501 865 2658 939 quasi
2677 866 2746 923 de
2773 868 2873 925 Dei
2906 878 3065 929 utero
3094 872 3294 945 glacies
3320 890 3446 947 pro-

1842 950 2025 1019 cessit,
2044 951 2175 1025 quia
2197 969 2230 1009 a
2247 954 2427 1011 calore
2454 964 2791 1013 secretorum
2811 956 2951 1030 ejus,
2974 960 3202 1018 malitiae
3220 968 3444 1035 torpore

1842 1038 2099 1112 frigidus,
2147 1042 2404 1115 magister
2450 1044 2761 1119 iniquitatis
2801 1047 2998 1106 exivit.
3043 1051 3166 1123 Ipse
3209 1051 3334 1125 gelu
3377 1052 3445 1108 de

1842 1130 1981 1187 caelo
2009 1137 2091 1186 est
2120 1130 2358 1204 genitus,
2386 1133 2519 1207 quia
2544 1137 2950 1195 constrictums
2977 1140 3145 1198 corda
3169 1142 3446 1215 reprobo-

1840 1235 1987 1288 rum,
2037 1236 2071 1277 a
2115 1222 2349 1278 summis
2376 1223 2570 1281 cadere
2598 1234 2679 1281 est
2723 1227 2792 1283 ad
2834 1227 2949 1284 ima
2979 1231 3298 1302 permissus.
3336 1232 3442 1300 Qui

1841 1307 1981 1365 bene
2009 1309 2070 1366 in
2098 1311 2414 1370 cmlestibus
2441 1313 2721 1386 conditus,
2752 1316 2811 1373 in
2839 1319 3014 1393 culpae
3044 1320 3248 1394 frigore
3274 1337 3445 1379 men-

1841 1405 1922 1456 tes
1967 1401 2286 1474 sequacium
2335 1404 2489 1477 quasi
2532 1406 2658 1478 gelu
2687 1406 2710 1442 ⁵
2753 1406 2887 1464 dum
2920 1409 3122 1468 cecidit
3158 1411 3440 1468 astrinxit.

1843 1493 1988 1552 944
2030 1496 2137 1566 Qui
2179 1498 2249 1556 ad
2290 1508 2493 1558 terram
2530 1503 2781 1574 veniens,
2832 1506 2968 1578 quid
3015 1507 3073 1563 in
3118 1505 3443 1565 hominibus

1842 1590 2031 1662 egerit,
2061 1592 2317 1663 expletur
2343 1609 2469 1651 cum
2507 1593 2791 1653 subditur:
2815 1598 2882 1654 In
2912 1598 3110 1671 lapidis
3137 1600 3443 1657 similitudi-

1840 1698 1959 1739 nem
1986 1699 2140 1754 aquae
2166 1681 2456 1741 durantur.
2488 1685 2592 1743 Per
2618 1702 2788 1761 aquas
2830 1703 3068 1762 namque
3102 1691 3316 1763 populi,
3347 1708 3445 1766 per

1841 1769 2082 1843 lapidem
2102 1787 2236 1830 vero
2254 1772 2501 1845 ejusdem
2525 1772 2737 1831 Satanae
2758 1775 2967 1834 duritia
2983 1777 3320 1851 designatur.
3340 1780 3444 1836 Illo

127 1838 327 1897 dictum
343 1845 442 1938 'est
461 1855 481 1896 :
518 1838 587 1894 In
610 1839 1012 1897 similitudinem
1035 1842 1232 1915 lapidis
1255 1860 1411 1915 aquae
1438 1845 1729 1904 durantur.

1846 1838 2015 1931 igitur
2027 1859 2094 1917 ad
2116 1860 2229 1918 ima
2249 1838 2525 1931 veniente,
2550 1864 2608 1920 in
2628 1863 3055 1922 similitudinem
3076 1838 3277 1939 lapidis
3292 1884 3447 1941 aqua;

127 1929 201 1984 Ac
226 1928 272 1983 si
301 1927 557 1987 diceret:
591 1929 694 1987 Illa
721 1930 914 1988 mollia
940 1948 1004 1992 ac
1031 1935 1398 2007 penetrabilis
1416 1936 1546 1993 ﬁdei
1567 1937 1736 1994 corda

127 2017 432 2076 Judaorum
488 2018 550 2076 in
596 2019 1083 2080 insensibilitatem
1129 2031 1424 2082 vertuntur
1461 2028 1731 2099 gentium.

128 2108 256 2167 Cum
283 2110 436 2166 enim
464 2108 790 2168 misericors
821 2111 970 2170 Deus
998 2121 1185 2186 gentes
1208 2115 1401 2185 traxit,
1438 2116 1613 2175 iratus
1641 2117 1733 2174 Ju-

128 2196 289 2256 datam
317 2198 556 2273 repulit.
572 2199 887 2275 Actumque
915 2209 997 2259 est
1019 2212 1082 2261 ut
1107 2203 1254 2262 sicut
1273 2203 1487 2262 dudum
1515 2205 1585 2263 ad
1616 2222 1734 2280 per~

128 2287 427 2362 cipiendam
448 2288 623 2347 ﬁdem
655 2290 937 2362 gentilitas
955 2292 1137 2351 fuerat
1159 2293 1452 2365 obdurata,
1479 2295 1561 2353 ita
1589 2303 1734 2370 post-

129 2377 343 2436 modum
361 2378 435 2437 ad
454 2377 629 2437 ﬁdem
649 2380 959 2454 gentilitate
980 2392 1255 2458 suscepta,
1270 2385 1476 2443 Iudaeae
1496 2387 1734 2460 populus

130 2468 361 2542 perﬁdiae
397 2478 627 2544 torpore
658 2469 992 2531 duresceret.
1025 2474 1181 2533 Unde
1200 2474 1406 2533 Paulus
1452 2476 1734 2549 apostolus

130 2558 322 2617 eisdem
351 2560 621 2635 gentibus
642 2560 816 2621 dicit:
855 2564 1004 2622 Sicut
1020 2565 1315 2637 aliquando
1334 2583 1425 2624 vos
1452 2584 1556 2623 non
1571 2566 1734 2624 credi-

133 2650 270 2707 distis
298 2651 435 2722 Deo,
485 2667 626 2708 nunc
654 2657 831 2708 autem
865 2654 1287 2714 misericordiam
1316 2646 1575 2713 consenui
1611 2657 1734 2713 estis

130 2747 336 2813 propter
353 2742 585 2798 illorum
601 2742 1056 2811 incredulitatem;
1082 2745 1162 2802 ita
1187 2752 1237 2802 et
1260 2746 1353 2802 isti
1379 2763 1487 2803 non
1505 2746 1734 2803 credide‘

135 2834 248 2885 runt
275 2830 333 2884 in
370 2832 554 2883 vestra
579 2828 972 2897 misericordia,
1001 2837 1063 2887 ut
1086 2838 1137 2888 et
1168 2832 1276 2904 ipsi
1309 2832 1735 2888 misericordiam

134 2922 535 2990 consequantur.
562 2916 833 2975 Conclusit
849 2920 988 2975 enim
1000 2920 1145 2977 Deus
1163 2921 1343 2978 omnia
1363 2921 1425 2978 in
1448 2920 1737 2976 increduli-

137 3017 244 3080 tate,
256 3017 314 3067 ut
331 3010 577 3068 omnium
589 3009 903 3066 misereatur
915 3010 1092 3082 (Rom.
1107 3028 1188 3080 χι,
1203 3010 1392 3084 30-32)
1403 3010 1596 3080 .Quam
1614 3026 1732 3068 sen-

133 3102 352 3158 tentiam
380 3116 545 3158 suam
576 3099 819 3174 primum
850 3100 1075 3174 quidem
1102 3099 1171 3157 de
1200 3100 1491 3158 vocatione
1518 3100 1734 3159 Iudaeo-

133 3206 265 3261 rum,
310 3198 367 3248 et
412 3190 736 3264 repulsione
786 3189 1054 3263 gentium,
1104 3190 1458 3264 postmodum
1493 3207 1623 3247 vero
1667 3190 1735 3247 de

134 3280 407 3338 vocatione
425 3279 705 3352 gentium,
720 3286 777 3335 et
795 3279 1109 3352 repulsione
1120 3278 1439 3337 Iudaeorum
1454 3277 1736 3335 subtiliter

135 3386 374 3441 pensans,
423 3384 599 3442 seque
638 3369 863 3426 occulta
901 3369 1001 3426 Dei
1025 3367 1242 3442 judicia
1267 3368 1737 3442 comprehendere

133 3474 232 3515 non
273 3476 434 3533 posse
484 3457 860 3528 considerans,
902 3458 1267 3518 exclamando
1307 3458 1601 3532 subjunxit
1632 3478 1644 3517 :
1695 3460 1739 3517 0

134 3549 343 3605 altitudo
371 3548 699 3606 divitiarum
739 3548 1014 3621 sapientiae
1049 3555 1098 3606 et
1142 3548 1374 3606 scientia:
1409 3549 1528 3616 Dei,
1575 3567 1739 3621 quam

134 3638 672 3712 incomprehensibilia
698 3644 822 3695 sunt
858 3638 1071 3710 judicia
1100 3638 1233 3710 ejus,
1263 3645 1314 3696 et
1350 3639 1738 3713 investigabiles

134 3729 223 3784 vim
245 3728 354 3799 ejus
384 3726 581 3801 (lbid.,
612 3727 705 3797 33)
732 3729 745 3785 l
796 3728 952 3785 Unde
995 3728 1087 3787 hic
1120 3745 1339 3803 quoque
1366 3746 1496 3786 cum
1525 3729 1594 3785 de
1630 3729 1739 3785 Ju-

136 3818 363 3878 dzeorum
393 3817 638 3893 perﬁdia
663 3818 936 3876 Dominus
954 3818 1193 3877 diceret:
1230 3821 1298 3877 In
1325 3818 1737 3876 similitudinem

140 3906 318 3980 lapidis
344 3925 509 3981 aqua
537 3908 828 3977 durantur,
860 3914 923 3965 ut
958 3907 1026 3966 de
1066 3908 1381 3983 repulsione
1409 3924 1601 3968 eorum
1634 3926 1740 3967 oc—

136 3997 271 4056 culta
294 4015 408 4056 esse
437 4015 547 4056 sua
583 3996 799 4070 judicia
834 3997 1258 4068 demonstraret,
1289 4007 1415 4072 apte
1445 3999 1697 4057 subdidit
1722 4018 1734 4057 ε

484 4133 712 4191 CAPUT
749 4134 914 4191 XXX
951 4132 1096 4207 [Vet.
1132 4134 1343 4209 XXII].

199 4248 330 4307 Iam.
347 4280 417 4292 —-
430 4250 515 4307 Et
544 4248 845 4321 superﬁcies
864 4250 1043 4320 abyssi
1069 4248 1472 4321 constringitur.

201 4337 283 4395 57.
314 4338 535 4396 Iudicia
563 4336 664 4399 Dei
699 4337 920 4410 abyssus
962 4339 1153 4394 multa.
1172 4338 1401 4407 —Quia
1430 4336 1741 4412 superjecto

142 4426 360 4497 quodam
403 4426 737 4502 ignorantiae
781 4434 985 4485 nostra:
1030 4428 1326 4498 velamine,
1364 4430 1387 4465 ὀ
1417 4430 1742 4503 incompre-

144 4513 566 4576 hensibilitatem
585 4516 769 4574 divini
792 4516 995 4591 judicii
1023 4517 1281 4577 humanae
1313 4520 1517 4577 mentis
1545 4520 1742 4578 oculus

1842 1948 2050 2006 duratae
2096 1958 2247 2020 sunt,
2299 1950 2432 2024 quia
2457 1951 2576 2025 ejus
2617 1952 2886 2010 malitiam
2917 1954 3118 2012 imitati
3169 1955 3445 2027 homines,

1843 2040 2035 2097 mollia
2064 2039 2277 2098 viscera
2316 2041 2604 2100 charitatis
2643 2043 2968 2102 amiserunt.
3006 2045 3179 2119 Cujus
3206 2046 3448 2103 fraudu-

1842 2133 1991 2190 lenta
2016 2134 2251 2193 consilia
2277 2134 2407 2208 quia
2434 2153 2466 2193 a
2492 2135 2736 2195 seductis
2764 2135 3087 2194 hominibus
3107 2136 3447 2211 deprehendi

1841 2240 1955 2282 non
1983 2233 2237 2298 possunt,
2254 2232 2401 2283 recte
2429 2224 2784 2299 subjungitur
2807 2245 2819 2283 :
2845 2229 2920 2283 Et
2946 2227 3246 2299 superﬁcies
3272 2227 3451 2300 abyssi

1842 2315 2242 2388 constringitur.
2274 2314 2445 2371 Aliud
2475 2316 2678 2390 quippe
2703 2317 2755 2374 ei
2802 2315 3137 2374 intrinsecus
3174 2318 3327 2384 latet,
3356 2325 3452 2374 at-

1842 2421 1947 2479 que
1973 2404 2124 2461 aliud
2155 2405 2501 2463 extrinsecus
2522 2406 2785 2463 ostendit.
2812 2406 3190 2480 Transﬁgurat
3217 2407 3366 2463 enim
3393 2423 3452 2464 se

1842 2495 1997 2552 velut
2027 2496 2283 2569 angelum
2312 2496 2455 2552 lucis
2487 2495 2577 2567 (II
2603 2496 2729 2553 Cor.
2762 2512 2842 2564 xx,
2879 2496 2991 2570 14),
3023 2505 3078 2554 et
3114 2497 3316 2554 callida
3344 2497 3452 2554 de-

1841 2586 2115 2659 ceptionis
2144 2594 2260 2643 arte
2300 2587 2624 2660 plerumque
2652 2587 2914 2661 proponit
2943 2586 3263 2657 laudabilia,
3294 2594 3357 2644 ut
3383 2586 3453 2643 ad

1843 2676 2043 2737 illicita
2072 2677 2375 2751 pertrahat.
2407 2678 2608 2752 Abyssi
2639 2692 2767 2750 ergo
2804 2678 3123 2751 superﬁcies
3166 2676 3455 2734 constrin-

1846 2769 2015 2841 gitur,
2038 2769 2168 2845 quia
2186 2768 2321 2825 dum
2343 2768 2502 2843 quasi
2531 2768 2677 2825 bona
2704 2769 3076 2841 persuasionis
3100 2767 3221 2841 ejus
3246 2766 3453 2841 species

1842 2858 1999 2914 velut
2027 2858 2208 2914 solida
2225 2859 2459 2930 desuper
2488 2860 2689 2931 glacies
2717 2859 3051 2929 ostenditur,
3088 2859 3148 2915 in
3175 2855 3454 2933 profundo

1843 2945 2022 3002 latens
2048 2946 2167 3019 ejus
2204 2947 2420 3003 malitia
2449 2962 2563 3003 non
2593 2947 2837 3004 videtur.

1913 3058 2003 3114 59.
2036 3057 2111 3113 Et
2139 3058 2201 3112 de
2227 3055 2467 3129 superbis
2489 3061 2714 3128 propter
2742 3060 2953 3126 accepta
2979 3054 3119 3109 dona
3146 3052 3456 3109 insolescen-

1845 3147 2000 3203 tibus.
2019 3178 2090 3188 —
2110 3145 2321 3202 Cuncta
2348 3154 2534 3202 tamen
2564 3144 2684 3201 haec
2713 3143 3019 3215 intelligere
3045 3150 3099 3197 et
3128 3140 3290 3197 aliter
3317 3158 3454 3214 pos-

1772 3243 1815 3303 (Γ.
1849 3256 2077 3308 sumus,
2132 3236 2180 3294 si
2241 3234 2525 3293 moraliter
2578 3234 2956 3309 exquiramus.
3018 3231 3158 3306 [γει.
3209 3231 3452 3306 ΧΧΙΙΙ.]

1845 3332 2054 3389 Mentes
2087 3345 2326 3402 namque
2355 3327 2648 3383 hominum
2677 3324 3029 3397 omnipotens
3056 3324 3203 3379 Deus
3231 3321 3366 3378 dum
3399 3322 3456 3378 in

1847 3436 1946 3477 suo
1976 3420 2175 3477 timore
2205 3419 2429 3488 format,
2460 3416 2617 3491 quasi
2650 3413 2917 3487 concipit,
2938 3429 3138 3487 easque
3157 3411 3226 3469 ad
3246 3420 3459 3489 apertas

1847 3510 2105 3577 virtutes,
2153 3508 2290 3565 dum
2339 3506 2618 3583 provehit,
2670 3504 2875 3578 gignit;
2923 3503 3019 3561 sed
3047 3503 3095 3560 si
3123 3501 3191 3559 de
3218 3502 3458 3576 acceptis

1847 3600 2156 3658 virtutibus
2193 3596 2564 3667 extolluntur,
2593 3595 2880 3671 relinquit.
2913 3594 2986 3651 Et
3018 3608 3162 3666 saepe
3190 3593 3455 3669 quosdam

1850 3691 2213 3768 cognovimus
2256 3689 2531 3746 malorum
2562 3703 2789 3744 suorum
2827 3682 3267 3742 consideratione
3295 3699 3457 3740 com-

1848 3783 2039 3856 pungi,
2060 3780 2241 3840 divini
2273 3779 2499 3838 terroris
2523 3793 2727 3851 pavore
2748 3777 3072 3843 fervescere,
3088 3781 3142 3831 et
3161 3789 3257 3848 per
3278 3787 3457 3847 pavo-

1849 3875 1925 3932 ris
1954 3872 2184 3931 exordia
2210 3885 2386 3945 usque
2407 3871 2429 3906 ⁸
2459 3867 2526 3924 ad
2558 3867 2832 3924 virtutum
2880 3881 3097 3924 summa
3131 3863 3450 3939 pervenire;

1853 3965 1948 4023 sed
1978 3965 2109 4023 dum
2140 3963 2208 4020 de
2237 3958 2443 4021 eisdem
2464 3957 2768 4015 virtutibus
2796 3972 2934 4030 quas
2960 3954 3241 4027 accipiunt
3268 3953 3459 4010 extol-

1848 4061 2060 4127 luntur,
2108 4054 2291 4114 inanis
2336 4051 2524 4127 gloriae
2572 4052 2767 4125 laqueo
2793 4047 3027 4116 astricti,
3065 4045 3136 4103 ad
3163 4044 3455 4120 antiquum

1848 4158 2126 4222 torporem
2173 4144 2424 4202 redeunt.
2469 4144 2635 4200 Recte
2676 4155 2804 4214 ergo
2837 4154 2964 4196 cum
3004 4137 3144 4193 tales
3184 4134 3457 4193 Dominus

1850 4238 2072 4314 projicit
2091 4236 2229 4294 dicit
2254 4253 2265 4293 :
2284 4234 2363 4292 De
2380 4232 2532 4305 cujus
2548 4237 2697 4287 utero
2719 4246 2926 4302 egressa
2940 4232 3016 4284 est
3033 4226 3227 4300 glacies
3243 4226 3270 4282 γ
3287 4223 3455 4294 Quasi

1850 4331 1998 4389 enim
2027 4329 2095 4386 de
2120 4326 2221 4385 Dei
2249 4334 2407 4385 utero
2437 4323 2637 4398 glacies
2678 4319 2978 4395 egreditur,
3016 4316 3239 4393 quando
3269 4314 3331 4373 hi
3360 4314 3456 4389 qui

1844 4423 1961 4497 jam
1990 4423 2142 4479 intus
2171 4419 2516 4478 incaluerant
2544 4431 2615 4473 ex
2634 4412 2909 4471 virtutum
2942 4410 3090 4469 dono
3117 4408 3453 4483 frigescunt;

1849 4524 1905 4571 et
1954 4514 2084 4572 inde
2134 4511 2464 4571 exteriorem
2521 4507 2753 4582 gloriam
2813 4510 3098 4578 torpentes
3154 4507 3453 4576 appetunt,

146 4604 442 4666 nullatenus
484 4613 753 4681 penetrat.
800 4590 1080 4681 Scriptum
1122 4609 1325 4683 quippe
1353 4617 1475 4667 est:
1520 4608 1737 4667 Iudicia
1764 4613 1814 4672 D
1843 4604 1991 4663 unde
2012 4607 2032 4641 ⁷
2064 4602 2135 4661 ad
2163 4602 2382 4661 interna
2428 4596 2709 4671 diligenda
2751 4593 3036 4654 ardentius
3072 4593 3302 4666 ﬂagrare
3344 4590 3453 4647 de-

150 4699 232 4751 tnta
256 4699 468 4770 abyssus
510 4699 682 4756 multa
716 4697 891 4772 (Psal.
920 4714 1098 4767 xxxv,
1133 4700 1211 4772 7).
1244 4700 1417 4758 Nemo
1445 4716 1574 4774 ergo
1603 4717 1740 4774 per—

149 4787 363 4844 scrutari
389 4794 611 4863 appetat
641 4804 739 4845 cur
755 4804 882 4846 cum
903 4786 1046 4845 alius
1069 4790 1378 4862 repellitur,
1399 4790 1542 4847 alius
1561 4790 1741 4863 eliga-

150 4877 257 4942 tur;
277 4877 363 4932 vel
382 4893 481 4933 cur
498 4893 631 4933 cum
654 4877 797 4934 alius
817 4876 1070 4950 eligitur,
1091 4877 1236 4935 alius
1255 4879 1587 4952 repellatur;
1611 4880 1741 4955 quia

150 4965 446 5037 superﬁcies
475 4965 661 5041 abyssi
687 4966 1108 5041 constringitur,
1131 4975 1206 5038 et,
1224 4975 1515 5028 attestante
1534 4970 1735 5028 Paulo:

151 5050 511 5114 Inscrutabilia
548 5062 674 5112 sunt
708 5055 924 5127 judicia
964 5055 1103 5129 ejus,
1139 5062 1187 5114 et
1226 5057 1611 5131 investigabiles
1643 5059 1743 5118 via:

152 5138 253 5210 ejus
282 5143 453 5216 (Rom.
477 5163 560 5216 χι,
593 5146 708 5219 33).

220 5366 723 5445 ‘Ay‘indochorb.
765 5372 950 5430 Germ.
992 5380 1048 5428 et
1089 5373 1225 5444 pler.
1272 5372 1488 5441 Norm.,
1532 5372 1736 5445 lapis...

153 5439 346 5517 gentilis
368 5439 557 5517 populi
586 5444 913 5517 designatur.

220 5508 239 5583 ξ
267 5508 463 5583 [ιδίας
500 5532 554 5572 se
580 5516 644 5571 de
672 5508 1036 5572 cistimatione.

220 5581 239 5658 ξ’
272 5581 483 5658 Brute].
502 5594 557 5644 et
585 5587 753 5658 Utic.,
784 5593 953 5643 vocat.

220 5651 238 5683 ⁵
265 5650 420 5729 Corb.
459 5657 668 5729 Germ.,
708 5650 909 5727 Laud,
955 5657 1154 5715 Pratel.
1200 5666 1255 5715 et
1297 5659 1368 5715 al.
1401 5659 1617 5728 Norm.,
1648 5660 1743 5714 in—

136 5726 737 5859 Soeglz’fel‘wnsibililas...
772 5726 1019 5788 humanae
1047 5731 1230 5787 mentis
1257 5731 1408 5787 oculo
1441 5726 1743 5789 nullatenus

303 5813 337 5850 a
362 5813 429 5851 ur
451 5844 463 5856 .

170 5807 429 5851 enetratur
451 5844 463 5856 .

208 5864 228 5897 δ
255 5865 419 5925 Miror
462 5873 567 5945 legi
590 5872 649 5929 in
671 5874 866 5943 Gilot.,
893 5873 1210 5931 Gussanvil.
1231 5882 1285 5932 et
1313 5875 1439 5933 aliis
1466 5875 1596 5945 Ed.,
1617 5875 1744 5931 dum

1846 4698 2105 4756 buerunt.
2147 4696 2401 4769 Dumque
2425 4692 2528 4750 iste
2557 4689 2751 4764 signis,
2782 4688 2877 4751 ille
2899 4686 3152 4756 scientia,
3185 4685 3287 4742 iste
3314 4700 3456 4759 pro-

1848 4789 2056 4862 phetia,
2104 4787 2199 4844 ille
2232 4783 2444 4858 magnis
2486 4780 2747 4856 operibus
2776 4779 2968 4852 pollet,
3018 4785 3181 4852 atque
3210 4789 3308 4849 per
3334 4773 3457 4831 hac

1849 4878 1995 4935 dona
2021 4877 2237 4950 placere
2266 4872 2592 4932 hominibus
2635 4868 2870 4944 appetit,
2913 4883 3077 4925 omne
3122 4863 3271 4939 quod
3299 4862 3455 4937 prius

1849 4967 2112 5026 intimum
2140 4966 2404 5034 caluerat,
2451 4961 2783 5020 exteriorem
2818 4958 3039 5016 laudem
3086 4953 3344 5026 diligens,
3394 4951 3454 5011 in

1847 5065 2126 5131 torporem
2150 5054 2338 5114 vertit.
2368 5052 2534 5123 Quasi
2563 5067 2692 5124 ergo
2721 5048 2924 5123 glacies
2952 5045 3021 5103 de
3050 5051 3209 5102 utero
3229 5040 3456 5117 egredi-

1848 5155 1959 5216 tur,
1983 5145 2114 5205 dum
2136 5153 2261 5218 post
2278 5142 2553 5201 donorum
2581 5137 2852 5198 beneﬁcia
2880 5152 2914 5193 a
2932 5132 3239 5193 visceribus
3267 5132 3455 5208 pieta-

1850 5369 2052 5435 cecinit,
2075 5365 2221 5440 quod
2251 5381 2415 5440 sensu
2442 5371 2615 5427 caret,
2636 5356 3196 5440 antecedentibusque
3219 5373 3283 5414 ac
3298 5371 3457 5440 gon-

1850 5427 2206 5515 sequentibus
2234 5436 2509 5520 cohaerere
2539 5449 2651 5489 non
2682 5440 2879 5505 potest.
2913 5427 3270 5512 Antiquiores
3298 5427 3450 5485 Edit.

1848 5513 2021 5568 Paris.
2054 5519 2107 5568 et
2135 5510 2302 5568 Basil.
2334 5507 2539 5564 habent
2567 5522 2694 5562 cum
2736 5506 2865 5562 Mss.
2906 5503 3033 5559 dum
3061 5501 3263 5557 cecidit.
3297 5499 3457 5557 Solos

1851 5528 2021 5569 νέως.
2054 5528 2107 5568 et
2136 5528 2302 5569 158811.
2334 5528 2539 5564 naneui
2567 5528 2694 5562 cum
2736 5528 2865 5562 mss.
2906 5528 3033 5559 aunt
3061 5528 3263 5557 vectust.
3297 5528 3457 5557 ῠυιυθ

1851 5585 2079 5651 Turon.,
2112 5582 2275 5641 Corb.
2308 5579 2517 5647 Germ.,
2550 5576 2775 5636 Ebroic.
2812 5577 3059 5650 aliosque
3085 5575 3278 5631 Norm.
3326 5572 3457 5628 lau-

1852 5656 2009 5713 dasse
2038 5655 2293 5713 sufficiat.

1925 5730 1946 5764 ⁶
1984 5728 2207 5796 Pratel.,
2238 5727 2310 5783 ad
2340 5726 2595 5781 virtutum
2625 5739 2904 5780 summam.

1925 5802 1944 5836 ⁷
1986 5793 2249 5870 Vindoc.,
2282 5798 2481 5856 Pratel.
2516 5806 2572 5856 et
2597 5800 2668 5856 al.
2699 5797 2911 5863 Norm.,
2941 5793 3014 5850 ad
3041 5797 3256 5850 (eterna.
