3920 6374
433 365 540 426 511

1643 363 1893 422 SANCTI
1926 362 2264 421 GBEGOBII
2299 361 2527 420 MAGNI

3635 364 3736 424 512

433 482 507 552 tis
548 505 802 564 superna
844 495 1148 561 separatur.
1195 491 1402 548 Annon
1443 496 1573 546 sunt
1601 489 1821 563 glacies,
1851 488 1950 563 qui
1976 487 2036 545 in
2062 490 2116 550 Α
2140 505 2296 561 aqua
2338 489 2631 556 durantur,
2679 494 2728 544 et
2771 485 3074 561 superﬁcies
3113 485 3294 558 abyssi
3339 486 3734 561 constringitur,

432 579 736 640 virtutibus
753 594 890 654 quas
916 577 1198 652 accipiunt
1226 579 1414 637 laudes
1441 579 1510 636 ab
1539 578 1868 636 hominibus
1887 595 2032 653 qua-

431 677 564 730 runt
577 671 608 728 7
624 671 698 728 Et
716 678 900 726 tamen
926 667 1173 726 venienti
1195 668 1374 742 judici
1396 669 1542 726 dona
1559 685 1661 726 sua
1684 668 1754 726 ad
1782 667 1903 742 ejus
1923 684 2034 726 me-

431 760 664 820 moriam
684 765 1026 828 revocantes,
1047 757 1280 816 dicunt:
1313 759 1558 827 Domine,
1588 759 1834 824 Domine,
1863 775 2037 814 nonne

430 853 490 908 in
516 850 724 908 nomine
753 855 840 904 tuo
861 848 1312 921 prophetavimus,
1329 855 1377 904 et
1406 849 1463 904 in
1487 849 1698 904 nomine
1729 854 1816 904 tuo
1845 849 2034 904 damo-

429 943 524 1000 nia
543 941 806 1012 decimus,
829 945 878 995 et
903 939 963 994 in
988 939 1196 995 nomine
1225 945 1313 994 tuo
1339 940 1561 995 virtutes
1588 939 1786 995 multas
1813 937 2033 1009 fecimus

434 1029 649 1102 (Matth.
671 1046 773 1098 vn,
793 1029 887 1102 22)
907 1029 936 1084 ?
965 1028 1071 1085 Sed
1092 1027 1370 1102 quomodo
1399 1028 1544 1085 hanc
1571 1027 1801 1101 glaciem
1829 1027 2034 1084 Domi-

431 1134 538 1177 nus
563 1117 819 1192 projiciat
846 1117 1110 1184 ostendit,
1138 1117 1330 1175 dicens
1355 1136 1366 1174 :
1401 1117 1586 1175 Nescio
1606 1135 1697 1172 vos
1724 1117 1864 1173 unde
1891 1117 2032 1183 sitis,

429 1209 674 1266 discedite
685 1227 722 1265 a
733 1225 833 1277 me,
850 1224 1025 1264 omnes
1043 1207 1282 1280 operarii
1295 1207 1596 1281 iniquitatis
1611 1206 1664 1278 (1
1669 1207 1716 1262 b.
1727 1205 1840 1277 ,23)
1851 1248 1863 1260 .
1880 1205 2034 1262 Hanc

430 1299 658 1374 glaciem
679 1314 830 1355 nunc
858 1297 918 1355 in
933 1305 1092 1354 utero
1109 1298 1382 1355 Dominus
1403 1305 1604 1370 portat,
1634 1297 1766 1370 quia
1791 1297 1939 1353 intra
1961 1297 2034 1353 si-

430 1377 565 1445 num
603 1386 862 1446 Ecclesia
903 1388 1120 1444 tolerat.
1172 1387 1278 1444 Sed
1319 1395 1454 1443 tunc
1481 1393 1668 1458 aperte
1696 1384 1872 1458 ejicit,
1905 1402 2034 1442 cum

429 1478 565 1535 tales
591 1493 624 1533 a
651 1477 874 1535 secretis
891 1475 1207 1534 calestibus
1226 1491 1322 1550 per
1336 1483 1648 1532 extremum
1669 1481 1724 1532 et
1749 1474 2035 1548 publicum

423 1566 699 1640 judicium
729 1567 966 1642 repellit.
1000 1567 1100 1625 His
1129 1566 1313 1642 itaque
1339 1565 1525 1624 verbis
1551 1566 1689 1641 quid
1717 1573 1904 1639 aperte
1925 1565 2036 1638 agi-

428 1663 541 1728 tur,
562 1657 756 1715 nisiut
781 1657 974 1714 beatus
993 1655 1096 1712 Job
1116 1656 1183 1712 de
1212 1655 1446 1713 summis
1473 1655 1590 1712 suis
1603 1653 1908 1711 virtutibus
1938 1652 2039 1710 hu-

430 1749 698 1818 milietur,
745 1766 815 1806 ne
860 1749 919 1805 in
963 1748 1070 1805 hoc
1113 1747 1261 1820 quod
1303 1748 1442 1804 bene
1483 1748 1728 1805 vivendo
1769 1749 2036 1818 caluerat,

428 1837 795 1910 superbiendo
823 1836 1100 1909 frigescat,
1123 1843 1177 1891 et
1222 1853 1255 1892 a
1283 1836 1611 1893 Divinitatis
1648 1845 1805 1894 utero
1836 1838 2033 1910 repul-

429 1943 522 1984 sus
549 1933 730 1997 exeat,
759 1926 808 1983 si
838 1925 987 1983 intra
1013 1925 1200 1983 sinum
1235 1926 1324 1984 sui
1353 1926 1538 1984 cordis
1564 1942 1622 1984 se
1651 1926 1900 1986 tumidus
1929 1943 2038 1983 ex-

429 2019 589 2077 tollat
617 2017 646 2075 ?

500 2106 640 2182 [γει.
673 2108 808 2165 XXI
816 2106 901 2182 V.]
940 2107 1030 2165 60.
1071 2108 1344 2181 Superbia
1375 2126 1558 2181 plena,
1597 2109 1895 2166 induratio.
1921 2112 2036 2178 Quo

427 2214 585 2254 sensu
607 2198 752 2254 Deus
773 2197 985 2253 dicatur
1011 2197 1463 2256 indurare.—Et
1491 2198 1622 2273 quia
1643 2197 1798 2270 justo
1820 2198 2036 2272 judicio

427 2287 688 2360 superbas
719 2295 932 2344 mentes
979 2287 1049 2344 ad
1081 2289 1302 2362 culpam
1336 2289 1521 2362 egredi
1560 2305 1630 2344 ex
1659 2296 1883 2362 accepta
1909 2289 2037 2344 vir-

428 2382 545 2432 tute
573 2375 864 2448 permittit,
905 2383 1054 2434 recte
1080 2375 1265 2434 adhuc
1302 2375 1690 2449 subjungitur:
1724 2379 1800 2433 Et
1823 2378 1944 2448 gelu
1973 2377 2036 2432 de

426 2465 553 2522 calo
597 2465 718 2537 quis
761 2465 986 2537 genuit?
1043 2465 1374 2540 Plerumque
1421 2463 1569 2522 enim
1625 2464 1768 2522 sacri
1824 2465 2033 2540 eloquii

426 2553 713 2611 scientiam
732 2561 974 2627 prastat,
1003 2553 1102 2611 sed
1124 2553 1258 2611 dum
1287 2553 1356 2611 de
1383 2553 1575 2610 eadem
1606 2553 1841 2611 scientia
1867 2555 1914 2612 is
1937 2555 2033 2628 qui

426 2648 629 2722 accipit
655 2651 968 2720 extollitur,
999 2648 1148 2706 945
1175 2651 1259 2708 ira
1287 2649 1526 2708 districti
1551 2649 1759 2722 judicis
1806 2651 1863 2707 in
1911 2651 2034 2723 ipso

427 2753 581 2795 sacro
600 2739 822 2813 eloquio
841 2747 1098 2810 caecatur,
1117 2749 1180 2797 ut
1197 2739 1736 2797 exterioresfavores
1756 2755 1854 2812 per
1873 2739 2030 2795 illam

425 2843 678 2901 sequens,
719 2827 838 2902 ejus
860 2828 977 2902 jam
1007 2831 1228 2886 interna
1255 2845 1367 2885 non
1396 2827 1614 2894 videat;
1660 2835 1716 2882 et
1743 2827 1839 2900 qui
1879 2827 2032 2884 intus

426 2932 655 2974 manens
681 2920 858 2977 calere
891 2926 1124 2992 poterat,
1155 2917 1411 2975 exeundo
1440 2917 1718 2990 frigescat,
1759 2915 2031 2973 duratus-

423 3022 530 3080 que
568 3007 626 3063 in
669 3007 782 3063 ima
819 3016 1060 3078 corruat,
1093 3009 1190 3082 qui
1231 3009 1300 3066 ad
1340 3007 1715 3081 cognitionem
1744 3007 1846 3064 Dei
1876 3007 2030 3080 prius

424 3095 730 3154 tractabilis
750 3095 809 3154 in
833 3097 1068 3156 summis
1089 3097 1335 3172 liquidus
1359 3099 1554 3156 stabat.
1569 3097 1660 3154 An
1682 3113 1899 3154 sacrum
1920 3097 2030 3154 elo-

2141 577 2316 650 Aqua
2338 577 2487 634 enim
2517 593 2614 650 per
2642 577 2872 650 glaciem
2903 576 2962 633 in
2991 575 3282 648 superﬁcie
3310 573 3628 646 durescunt,
3648 580 3738 638 sed

2142 667 2327 725 ﬂuida
2355 667 2416 724 in
2443 667 2660 724 intimis
2697 675 3005 725 remanent.
3035 669 3108 724 Et
3144 666 3276 740 quid
3309 683 3407 740 per
3442 682 3608 741 aquas
3633 669 3738 728 nisi

2142 757 2296 814 ﬂuxa
2311 757 2615 830 accipimus
2637 757 2806 814 corda
2819 757 3178 830 reproborum
3197 757 3227 812 7
3249 756 3382 824 Qua
3397 772 3523 814 cum
3540 773 3608 814 ex
3621 773 3738 830 pro-

2143 848 2322 921 posito
2343 845 2606 904 virtutem
2628 847 2910 916 deserunt,
2933 847 3104 904 fortes
3133 863 3191 903 se
3220 846 3278 903 in
3303 847 3466 904 bonis
3491 847 3740 920 operibus

2143 951 2240 1010 per
2269 937 2612 1009 hypocrisim
2641 937 2973 1004 ostendunt;
3015 937 3259 1010 dumque
3297 937 3356 993 in
3391 937 3605 992 intimis
3632 939 3741 996 suis

2143 1027 2213 1084 ad
2242 1025 2381 1082 vitia
2410 1025 2685 1095 deﬂuunt,
2715 1034 2772 1084 et
2797 1027 2935 1084 foris
2977 1043 3034 1084 se
3075 1033 3392 1084 sanctorum
3427 1043 3492 1084 ac
3519 1027 3739 1085 fortium

2146 1117 2453 1174 imitatores
2470 1116 2711 1190 ﬁngunt,
2733 1117 2904 1188 Aqua
2932 1116 2988 1172 in
3016 1117 3419 1173 similitudinem
3440 1115 3635 1189 lapidis
3653 1117 3742 1173 du-

2143 1212 2362 1272 rantur,
2402 1211 2452 1260 et
2495 1207 2797 1277 superﬁcies
2825 1205 3002 1277 abyssi
3045 1207 3449 1278 constringitur,
3496 1207 3628 1280 quia
3652 1224 3744 1281 per

2143 1297 2533 1372 superductam
2561 1298 2870 1356 sanctitatis
2906 1297 3146 1369 speciem
3176 1297 3329 1354 ﬂuxa
3368 1315 3433 1355 ac
3471 1298 3745 1356 instabilis

2145 1401 2336 1446 eorum
2361 1389 2700 1447 conscientia
2728 1387 3052 1446 hominibus
3081 1389 3302 1461 tegitur.
3335 1389 3475 1446 Nam
3508 1405 3634 1446 cum
3671 1391 3742 1446 si-

2144 1478 2454 1551 bimetipsis
2475 1477 2806 1535 intrinsecus
2832 1485 3021 1552 turpes
3040 1478 3174 1547 sint,
3191 1485 3318 1534 ante
3337 1477 3550 1534 alienos
3565 1485 3744 1534 tamen

2146 1569 2338 1626 oculos
2365 1568 2600 1640 quadam
2630 1567 2861 1626 vivendi
2889 1574 3162 1625 vetustate
3195 1567 3532 1624 vestiuntur.

2217 1667 2306 1724 62.
2328 1667 2686 1739 Prwposteros
2706 1665 2923 1722 virtutis
2949 1664 3158 1736 fructus
3176 1665 3318 1720 Deus
3346 1665 3620 1736 sapienter
3631 1681 3747 1736 pre~

2146 1755 2464 1814 mit—Sed
2493 1772 2562 1812 ne
2590 1756 2714 1830 quis
2743 1755 2863 1813 hac
2891 1753 3062 1810 verba
3088 1753 3314 1810 Domini
3346 1754 3404 1809 in
3433 1753 3640 1810 bonam
3671 1753 3746 1808 in-

2065 1849 2110 1910 B
2143 1847 2320 1920 telligi
2350 1854 2561 1919 partem
2590 1845 2746 1913 velit,
2779 1843 3042 1900 debemus
3070 1843 3151 1900 sic
3178 1843 3344 1899 etiam
3373 1841 3747 1916 quarentibus

2144 1943 2411 2005 astruere,
2443 1937 2466 1972 δ
2508 1933 2811 1992 dummodo
2841 1933 3072 1990 minime
3113 1931 3430 2005 judicemur
3458 1947 3585 2005 qua
3626 1946 3744 2004 per-

2144 2024 2441 2083 scrutanda
2468 2025 2689 2082 fuerant
2723 2024 3051 2096 neglexisse.
3095 2021 3376 2094 Superiori
3405 2021 3560 2076 enim
3590 2035 3747 2077 versu

2145 2115 2378 2173 dicitur:
2415 2114 2547 2182 Quis
2575 2121 2650 2171 est
2688 2114 2890 2187 pluvia
2924 2119 3081 2185 pater
3107 2113 3188 2167 vel
3221 2111 3339 2182 quis
3365 2111 3550 2183 genuit
3576 2111 3745 2168 stillas

2145 2206 2290 2261 roris
2307 2207 2336 2262 ἵ
2364 2204 2671 2279 Statimque
2699 2203 2955 2260 additur:
2985 2203 3064 2259 De
3091 2201 3246 2271 cujus
3276 2207 3424 2255 utero
3449 2216 3658 2270 egressa
3677 2205 3746 2256 est

2143 2294 2358 2367 glacies,
2387 2300 2437 2350 et
2468 2295 2584 2366 gelu
2627 2294 2690 2349 de
2734 2294 2858 2348 cato
2900 2293 3019 2363 quis
3060 2289 3294 2362 genuit?
3337 2287 3394 2345 Si
3424 2304 3558 2362 ergo
3587 2289 3744 2347 dictis

2145 2383 2582 2458 praecedentibus
2609 2399 2844 2458 sequens
2885 2381 3160 2438 sententia
3187 2395 3300 2436 non
3327 2379 3540 2450 dispari
3586 2396 3744 2437 sensu

2144 2474 2522 2548 conjungitur,
2544 2473 2791 2546 profecto
2811 2479 2865 2528 et
2886 2471 2944 2527 in
2973 2470 3175 2527 bonam
3204 2477 3419 2542 partem
3449 2468 3614 2525 nobis
3633 2468 3744 2542 ejus

2144 2563 2510 2634 intelligentia
2564 2562 2684 2618 sine
2739 2561 3024 2619 obstaculo
3077 2558 3427 2617 difﬁcultatis
3481 2559 3740 2632 aperitur.

2146 2649 2284 2724 [Vet.
2309 2634 2504 2726 XXV]
2535 2651 2701 2707 Terra
2727 2651 2876 2706 enim
2905 2666 3033 2707 cum
3063 2647 3427 2721 compluitur,
3455 2645 3662 2720 jactata
3689 2646 3743 2703 in

2141 2755 2261 2796 eam
2290 2740 2503 2797 semina
2526 2739 2762 2796 feracius
2781 2741 2802 2774 ⁵
2835 2739 3097 2811 ligantur.
3126 2737 3232 2795 Sed
3262 2752 3490 2793 rursum
3518 2735 3566 2792 si
3597 2735 3742 2791 illam

2141 2827 2331 2901 pluvia
2349 2827 2771 2884 immoderatius
2791 2827 3004 2901 irrigat,
3026 2830 3048 2864 ⁸
3065 2827 3124 2884 in
3144 2827 3330 2884 culmo
3350 2824 3743 2898 pinguedinem

2139 2917 2405 2974 frumenti
2435 2918 2812 2992 virtutemque
2842 2925 3039 2974 mutat.
3073 2917 3172 2975 Sin
3201 2932 3335 2973 vero
3357 2914 3636 2988 jactatum
3669 2929 3744 2970 se-

2141 3022 2266 3062 men
2309 3014 2434 3079 post
2477 3007 2726 3080 pluviam
2771 3006 2897 3079 gelu
2939 3006 3228 3080 premitur,
3276 3021 3387 3080 quo
3420 3004 3559 3061 foris
3587 3002 3746 3062 citius

2139 3111 2397 3168 apparere
2419 3095 2729 3169 repellitur,
2753 3112 2819 3152 eo
2847 3095 3000 3152 intus
3028 3094 3320 3152 fecundius
3350 3093 3664 3161 radicatur;
3694 3099 3745 3148 et

423 3184 617 3258 quium
637 3187 839 3244 calum
869 3203 980 3242 non
995 3194 1100 3256 est,
1121 3186 1270 3261 quod
1289 3187 1438 3243 diem
1459 3186 1622 3245 nobis
1645 3185 2029 3258 intelligentia
2059 3216 2102 3277 ο
2139 3201 2249 3258 quo
2276 3193 2495 3242 vetatur
2513 3185 2790 3258 progredi,
2813 3185 3032 3259 cogitur
3053 3184 3444 3258 multiplicari,
3474 3184 3608 3258 quia
3625 3199 3745 3277 cum

423 3275 697 3348 aperiens,
743 3276 858 3332 sole
888 3292 988 3332 nos
1009 3275 1243 3347 justitia
1272 3276 1535 3344 illustrat,
1583 3275 1732 3348 quod
1761 3275 1896 3331 dum
1925 3293 2026 3332 nos

424 3363 554 3419 vita
584 3363 870 3436 prasentis
896 3380 1011 3419 nox
1039 3365 1307 3432 continet,
1332 3365 1508 3420 stellis
1537 3363 1698 3420 nobis
1729 3363 2026 3420 mandato-

418 3467 543 3508 rum
565 3450 744 3524 fulget
763 3451 792 3508 ?
811 3451 914 3508 Sed
932 3452 1063 3526 quia
1075 3460 1294 3525 oportet
1308 3469 1424 3509 esse
1441 3451 1694 3520 hareses,
1718 3460 1780 3508 ut
1808 3453 2025 3524 probati

420 3539 701 3598 manifesti
728 3540 866 3598 ﬁant
885 3542 942 3614 (Ι
951 3543 1078 3600 Cor.
1097 3558 1179 3610 xi,
1199 3542 1315 3614 19),
1340 3557 1466 3598 cum
1493 3539 1562 3597 ab
1583 3540 1870 3597 intellectu
1891 3557 2024 3598 sano

417 3647 572 3687 mens
593 3632 828 3705 superba
847 3630 1154 3705 repellitur,
1179 3630 1393 3688 ultione
1412 3628 1653 3686 districti
1668 3629 1878 3702 judicis
1900 3632 2025 3703 gelu

415 3717 484 3775 de
522 3720 662 3776 calo
690 3727 1004 3793 generatur,
1039 3727 1100 3776 ut
1127 3736 1254 3777 cum
1301 3719 1421 3792 ipsa
1455 3718 1741 3792 Scriptura
1768 3736 1922 3776 sacra
1966 3719 2025 3776 in

413 3807 712 3866 electorum
737 3808 999 3867 cordibus
1027 3809 1222 3878 caleat,
1255 3826 1348 3866 eos
1378 3809 1472 3882 qui
1509 3825 1567 3866 se
1611 3808 1845 3881 superbe
1876 3809 2020 3866 scire

412 3902 677 3969 appetunt
701 3915 734 3954 a
761 3915 818 3955 se
846 3897 1079 3972 frigidos
1098 3898 1334 3954 emittat.
1370 3897 1453 3955 lbi
1474 3898 1678 3972 quippe
1708 3905 1904 3954 errant
1927 3898 2023 3954 ubi

411 3984 684 4060 corrigere
712 3995 892 4044 errata
911 3986 1249 4056 debuerant;
1284 3995 1338 4044 et
1367 3987 1501 4045 dum
1530 4003 1562 4043 a
1589 4003 1828 4060 superna
1857 3987 2022 4044 intel-

411 4073 638 4146 ligentia
667 4075 1066 4150 resplendentis
1094 4077 1328 4152 eloquii,
1373 4084 1427 4134 et
1455 4075 1714 4133 obdurati
1754 4076 1886 4150 ipsi,
1923 4079 1937 4111 ί
1970 4084 2024 4132 et

412 4163 694 4222 seducturi
710 4177 955 4236 caeteros,
974 4178 1262 4237 corruunt,
1280 4167 1351 4225 ad
1366 4169 1479 4226 ima
1494 4169 1780 4225 venientes
1798 4175 1859 4225 ut
1873 4169 2022 4240 gelu,

411 4260 468 4310 et
495 4253 630 4310 alios
658 4255 994 4330 astringunt.
1012 4259 1380 4332 Semetipsum
1406 4267 1593 4317 tamen
1609 4260 1882 4316 Dominus
1914 4259 2023 4316 hoc

411 4343 538 4416 gelu
583 4344 802 4417 gignere
833 4346 1107 4419 perhibet,
1148 4365 1262 4406 non
1293 4349 1441 4424 quod
1471 4366 1772 4422 pravorum
1801 4358 2023 4407 mentes

413 4438 529 4511 ipse
558 4439 627 4496 ad
655 4441 874 4514 culpam
914 4442 1136 4512 formet,
1174 4443 1270 4501 sed
1313 4445 1461 4518 quod
1487 4459 1519 4500 a
1545 4446 1708 4518 culpa
1734 4462 1848 4502 non
1875 4445 2026 4504 libe-

412 4536 517 4598 rat,
547 4529 694 4586 sicut
717 4531 985 4604 scriptum
1015 4540 1128 4590 est:
1162 4535 1278 4606 Ego
1308 4533 1580 4590 obdurabo
1609 4551 1702 4590 cor
1716 4537 2022 4592 Pharaonis

415 4619 618 4690 (Exod.
657 4636 738 4689 ιν,
773 4621 888 4694 21).
929 4621 1089 4690 Quod
1127 4623 1258 4697 quia
1295 4622 1732 4680 misericorditer
1771 4625 2020 4682 emollire

412 4708 614 4778 noluit,
637 4709 882 4782 profecto
903 4710 1156 4770 districte
1178 4713 1199 4748 ³
1231 4729 1290 4770 se
1317 4712 1617 4770 obdurasse
1646 4714 1948 4771 nuntiavit.

483 4799 572 4856 61.
621 4801 838 4858 Amissa
858 4803 1095 4870 virtutis,
1115 4804 1306 4860 virtute
1325 4805 1498 4877 imago
1517 4823 1654 4878 saepe
1672 4806 2024 4863 retinetur.—

411 4889 551 4959 Quia
572 4905 702 4948 vero
721 4908 852 4949 cum
879 4891 1138 4950 inchoata
1157 4893 1338 4952 divini
1361 4894 1580 4952 timoris
1600 4897 1622 4931 ³
1647 4895 1830 4952 virtus
1849 4896 2026 4952 amit-

367 5052 373 5058 ο
411 4979 568 5048 titur,
612 4989 837 5055 propter
866 4979 1136 5040 humanas
1175 4984 1364 5040 laudes
1391 4984 1619 5040 virtutis
1659 4985 1841 5058 imago
1873 4985 2022 5042 reti-

409 5077 593 5140 netur,
633 5081 780 5131 recte
815 5071 1174 5146 subjungitur
1206 5091 1218 5130 :
1271 5075 1338 5132 In
1377 5073 1776 5132 similitudinem
1828 5075 2022 5147 lapidis

487 5239 505 5320 ‘_
534 5239 764 5320 T_uron.,
795 5247 844 5296 et
869 5242 1163 5298 seductores
1192 5244 1386 5299 ueteri.
1420 5244 1617 5314 Land.,
1648 5248 1696 5302 et
1723 5242 2018 5299 seductores

412 5315 612 5364 cateris
645 5321 922 5368 corruant.

485 5379 507 5414 ²
555 5381 616 5456 In
660 5381 1038 5456 GorbLGerm.
1071 5395 1129 5442 et
1166 5385 1344 5456 Edit.,
1391 5405 1442 5444 se
1483 5389 1770 5448 obdurare.
1822 5392 2019 5449 Melius

413 5450 772 5534 Maeliani,
805 5455 1028 5534 Ebroic.
1062 5450 1481 5534 etaliiNormq
1502 5478 1568 5534 _se
1596 5462 1906 5519 obdurasse.

487 5520 806 5604 3._.\{_indoc.,
850 5525 1046 5594 Laud.,
1094 5529 1319 5587 Ebroic.
1365 5539 1420 5587 et
1466 5520 1538 5588 al.
1583 5534 1800 5604 Norm.,
1847 5535 2018 5590 virtus

414 5597 698 5648 omittitur.

441 5734 451 5744 .
488 5663 746 5744 ‘_Laud.,
776 5664 903 5748 dum
933 5669 1126 5748 mundo
1157 5671 1362 5748 minimi
1395 5673 1730 5748 j_udicamur.
1771 5676 2016 5748 Corrup-

411 5739 657 5816 tissime;
703 5751 825 5816 qua
860 5743 1040 5816 tamen
1073 5739 1474 5800 dissimulanda
1516 5763 1627 5806 non
1673 5739 2014 5816 censuimus,

414 5811 477 5865 ut
503 5821 572 5862 ex
601 5804 859 5864 hoc'loco
889 5807 1061 5866 lector
1088 5821 1346 5884 agnoscat
1376 5804 1736 5888 castigatione
1767 5804 2016 5891 indigere

2137 3274 2205 3330 ab
2234 3273 2530 3330 immaturo
2577 3281 2706 3330 ortu
2759 3274 3131 3348 restringitur,
3164 3275 3184 3310 ⁷
3242 3289 3313 3331 ex
3361 3271 3746 3347 conceptionis

2133 3385 2246 3426 sua
2275 3366 2420 3424 946
2446 3369 2704 3427 tarditate
2735 3371 2982 3427 laxatum
3012 3369 3081 3426 ad
3109 3369 3356 3427 fructum
3389 3368 3625 3426 uberius
3653 3368 3749 3424 im-

2135 3458 2334 3530 pletur.
2381 3457 2529 3527 Quid
2574 3467 2657 3516 est
2693 3476 2822 3532 ergo
2851 3459 3000 3533 quod
3028 3458 3302 3516 Dominus
3333 3459 3497 3530 prius
3527 3456 3745 3530 quidem

2135 3556 2346 3622 patrem
2387 3565 2444 3605 se
2474 3549 2679 3622 pluvia
2715 3549 2983 3616 insinuat,
3015 3548 3368 3622 postmodum
3405 3564 3541 3604 vero
3557 3546 3624 3604 de
3651 3562 3746 3602 suo

2133 3639 2317 3711 egredi
2347 3647 2502 3696 utero
2541 3639 2773 3712 glaciem
2804 3647 3011 3708 narrat,
3055 3655 3222 3711 seque
3251 3638 3378 3709 gelu
3433 3637 3655 3710 gignere
3683 3634 3746 3691 de

2132 3730 2271 3786 calo
2288 3729 2630 3802 pronuntiat,
2653 3729 2764 3785 nisi
2785 3729 2933 3802 quod
2954 3727 3096 3784 miro
3112 3725 3278 3783 modo
3299 3727 3490 3784 nostri
3515 3723 3747 3801 pectoris

2132 3827 2333 3875 terram
2375 3817 2444 3875 ad
2486 3817 2840 3890 suscipienda
2883 3817 3048 3874 verbi
3083 3816 3315 3886 semina,
3357 3826 3419 3874 et
3469 3817 3629 3890 prius
3655 3829 3746 3887 per

2133 3909 2362 3965 occulta
2393 3909 2580 3982 gratia
2610 3908 2858 3982 pluviam
2889 3906 3162 3976 infundit,
3179 3914 3234 3964 et
3262 3905 3648 3980 postmodum,
3678 3919 3742 3958 nc

2132 3998 2190 4054 in
2221 3997 2503 4070 conceptis
2530 3997 2834 4055 virtutibus
2862 3996 3284 4054 immoderatius
3313 3995 3563 4070 proﬂuat
3585 3992 3741 4050 disci-

2133 4087 2285 4160 plina
2308 4087 2520 4143 intima
2544 4087 2972 4158 dispensationis
2991 4086 3213 4160 premit,
3230 4093 3483 4160 utquam
3510 4090 3740 4156 accepta

2133 4175 2319 4247 gratia
2349 4175 2538 4248 pluvia
2567 4174 2781 4248 irrigat,
2805 4176 2972 4231 etiam
3000 4174 3312 4247 disciplina
3345 4173 3502 4247 rigor
3529 4173 3743 4230 astrin-

2133 4271 2240 4335 gat,
2271 4279 2341 4320 ne
2383 4263 2430 4318 si
2482 4272 2579 4320 aut
2614 4271 2907 4336 antequam
2939 4262 3120 4330 debet;
3165 4269 3262 4318 aut
3307 4262 3610 4336 plusquam
3639 4275 3743 4317 ne-

2131 4368 2278 4410 cesse
2333 4359 2416 4408 est
2470 4359 2762 4425 conceptas
2816 4351 3052 4408 virtutes
3103 4351 3376 4424 proferat,
3441 4351 3632 4424 fruges
3685 4349 3740 4405 in

2132 4439 2356 4497 herbam
2396 4439 2622 4498 vertat?
2676 4441 3007 4514 Plerumque
3036 4440 3185 4496 enim
3228 4439 3297 4497 ab
3341 4438 3741 4498 inchoantibus

2131 4545 2269 4602 opus
2295 4529 2504 4586 bonum
2535 4527 2668 4584 dum
2699 4528 3021 4602 priusquam
3070 4535 3286 4602 oportet
3337 4527 3682 4596 ostenditur,
3713 4543 3744 4582 a

2131 4635 2300 4692 grano
2338 4617 2694 4692 perfectionis
2736 4617 3003 4687 inanitur,
3047 4625 3101 4674 et
3145 4618 3478 4692 plerumque
3509 4617 3744 4672 virtutes

2132 4707 2264 4764 dum
2287 4709 2411 4781 plus
2425 4724 2590 4782 quam
2612 4723 2833 4766 necesse
2850 4715 2932 4764 est
2950 4705 3260 4764 exuberant
3279 4705 3574 4764 exhalant.
3596 4704 3744 4764 Unde

2134 4807 2188 4856 et
2213 4800 2514 4858 electorum
2545 4815 2773 4856 suorum
2802 4798 3076 4855 Dominus
3105 4796 3192 4854 vel
3223 4805 3355 4854 ante
3386 4804 3614 4871 tempus
3643 4794 3746 4850 de-

2133 4887 2334 4944 sideria
2361 4888 2566 4958 renuit,
2599 4889 2686 4946 vel
2715 4903 2937 4945 rursum
2965 4887 3024 4943 in
3054 4895 3301 4960 tempore
3328 4887 3486 4944 ultra
3514 4899 3746 4942 mensu—

2132 4994 2248 5034 ram
2278 4977 2555 5050 profectus
2583 4977 2804 5051 premit,
2836 4993 2905 5033 ne
2959 4976 3005 5032 si
3060 4983 3156 5032 aut
3183 4983 3492 5049 antequam
3521 4973 3743 5038 debent,

2130 5075 2226 5124 aut
2253 5069 2376 5141 plus
2400 5085 2564 5142 quam
2587 5067 2815 5137 debent,
2845 5065 3158 5140 proﬁciant,
3213 5081 3309 5138 per
3338 5063 3636 5137 profectus
3663 5058 3747 5118 sui

2129 5248 2386 5306 Codicem
2416 5248 2586 5307 hunc.
2617 5248 3061 5304 Membranarum
3085 5245 3235 5301 enim
3267 5251 3602 5300 nostrarum
3633 5255 3748 5299 cor-

2128 5321 2619 5397 ruptelas,_si_qua
2644 5319 2790 5397 sint,
2811 5319 2990 5397 palam
3023 5317 3258 5397 faginus.
3389 5396 3394 5397 γ
3462 5388 3508 5397 _
3531 5386 3570 5397 υ

2199 5385 2220 5426 ῖῖ
2253 5394 2333 5448 Ita
2353 5385 2613 5459 Vindoc.,
2642 5385 2840 5459 Laudf,
2859 5390 3020 5448 Corb.
3073 5391 3285 5458 Germ.,
3309 5396 3426 5444 vet.
3460 5386 3622 5443 Edit.
3654 5385 3747 5440 Pa-

2125 5462 2220 5518 ris.
2260 5473 2314 5519 et
2345 5463 2512 5534 Basil.
2560 5465 2620 5520 ln
2654 5472 2885 5530 recent.,
2918 5463 3190 5534 rigantur.

2199 5538 2220 5570 ⁶
2250 5533 2403 5590 Editi
2433 5551 2561 5592 cum
2591 5533 2754 5592 Corb.
2789 5527 2996 5602 Germ.,
3030 5533 3088 5587 in
3115 5532 3297 5600 culmi,
3323 5527 3742 5602 reluctantibus

2126 5607 2254 5662 Mss.
2273 5605 2776 5686 Turon.,Vindoc.,
2790 5604 2962 5662 Laud.
2973 5601 2988 5674 ,
3014 5603 3238 5662 Ebroic.
3257 5601 3504 5676 aliisque
3526 5601 3745 5663 Norm.,

2127 5695 2263 5751 quos
2289 5694 2345 5732 se
2389 5693 2592 5733 uimur.

2197 5693 2510 5875 VtYixiiioc.,
2545 5747 2742 5818 Laud.,
2773 5747 2938 5807 Corb.
2969 5747 3154 5806 Germ.
3186 5755 3240 5805 et
3279 5745 3510 5811 Norm.,
3546 5742 3603 5796 in
3629 5756 3745 5796 con-

2128 5837 2215 5875 σει)
2243 5837 2401 5875 coms.

2128 5837 2401 5894 captionis.
