3920 6376
162 383 280 440 513
845 379 1218 439 MOHALIUM
1258 381 1390 439 LIB.
1437 379 1648 436 XXIX.
1689 409 1760 424 -—
1798 378 1869 436 IN
1907 379 2135 438 CAPUT
2175 381 2467 440 XXXVIII
2505 386 2566 440 B.
2610 386 2753 442 JOB.

3347 387 3454 447 514

166 506 579 582 magnitudinem
619 506 679 562 in
717 507 973 564 elationis
1019 491 1294 603 defécmm
1342 509 1558 566 cadam-
1603 509 1740 566 Nam
1769 510 1820 582 Α
1921 526 2008 584 65.
2040 527 2348 585 Adversitas
2379 530 2689 584 valentiores
2719 531 2868 603 efﬁcit
2895 541 3118 591 sanctos.
3160 566 3231 577 —
3272 533 3456 594 Potest
3485 562 3514 594 ρ

165 617 272 657 cum
301 615 394 655 cor
422 605 542 669 post
572 604 793 670 peccata
817 599 1228 672 compungitur,
1256 607 1402 655 terra
1445 614 1564 672 quae
1589 616 1742 655 arue-

166 699 233 746 rat
257 687 531 744 infusione
560 688 764 760 pluviae
791 689 1032 760 rigatur;
1070 699 1123 746 et
1151 706 1278 746 cum
1301 691 1510 747 relictis
1540 691 1742 764 iniqui-

166 783 347 842 tatibus
375 783 521 839 bona
548 783 779 855 exsequi
808 799 973 855 opera
1012 785 1291 856 proponit,
1322 786 1479 858 quasi
1512 793 1634 857 post
1662 785 1741 839 in-

162 875 411 931 lusionem
443 889 628 929 semen
649 873 870 944 accipit.
899 875 914 908 ³
938 875 1010 928 Et
1041 874 1288 948 plerique
1314 892 1441 931 cum
1471 875 1743 933 desideria

160 974 325 1022 sancta
355 963 700 1036 concipiunt,
733 964 788 1018 in
810 964 1042 1020 summis
1057 964 1171 1036 jam
1205 966 1226 1000 ²
1256 967 1500 1023 exerceri
1523 967 1742 1022 virtuti-

158 1055 246 1112 bus
262 1054 616 1111 inardescunt
629 1061 691 1110 ut
715 1071 825 1110 non
847 1054 1025 1110 solum
1050 1057 1211 1128 culpa
1232 1056 1606 1128 operationem
1630 1073 1742 1111 non

159 1145 412 1219 inquinet,
445 1144 542 1202 sed
572 1160 674 1202 nec
692 1145 1079 1216 cogitationem
1111 1146 1311 1219 pulset.
1335 1147 1408 1201 Et
1426 1145 1608 1202 adhuc
1624 1147 1742 1218 qui-

155 1235 264 1291 dem
298 1235 355 1290 in
387 1250 618 1306 corpore
659 1234 823 1306 positi
856 1243 1006 1304 sunt,
1053 1234 1148 1290 sed
1180 1236 1262 1291 nil
1285 1234 1399 1307 jam
1432 1235 1641 1307 perpeti
1676 1235 1742 1291 de

154 1323 532 1383 communione
560 1323 848 1396 praesentis
877 1323 1006 1380 vitae
1029 1325 1225 1382 volunt
1254 1343 1267 1393 ;
1302 1325 1509 1381 imitari
1537 1342 1633 1398 per
1662 1325 1742 1380 in-

153 1415 435 1470 tentionem
470 1416 491 1450 ³
527 1415 805 1470 internam
842 1414 1046 1471 mentis
1073 1413 1427 1471 stabilitatem
1457 1422 1740 1487 appetunt,

152 1503 234 1561 sed
258 1503 759 1561 intervenientibus
784 1503 1187 1560 tentationibus
1216 1503 1657 1574 reverberantur,
1682 1513 1744 1561 ut

151 1595 393 1652 videlicet
438 1593 787 1652 inﬁrmitatis
825 1610 937 1650 suae
987 1594 1362 1663 meminerint,
1407 1603 1462 1650 et
1503 1594 1630 1650 elati
1676 1595 1742 1651 de

152 1684 434 1741 virtutibus
463 1700 604 1759 quas
631 1683 917 1756 accipiunt
945 1700 1056 1741 non
1088 1685 1219 1742 sint.
1254 1685 1412 1753 Quod
1439 1685 1570 1741 dum
1604 1683 1743 1739 mira

150 1773 438 1846 disciplinae
467 1775 812 1847 repressione
839 1775 1040 1847 agitur,
1065 1775 1200 1848 quid
1221 1773 1372 1830 aliud
1393 1791 1554 1849 quam
1581 1789 1744 1847 super

1853 617 2019 672 etiam
2052 618 2109 673 in
2156 619 2279 690 gelu
2329 620 2415 676 vel
2463 620 2636 691 glacie
2681 623 2964 692 praesentis
2992 624 3120 681 vitae
3152 625 3456 682 adversitas

1852 707 2148 780 designari,
2180 727 2301 784 quae
2332 711 2464 767 dum
2507 714 2528 746 ⁴
2574 713 2862 784 asperitate
2893 731 2989 770 sua
3034 725 3250 772 sanctos
3293 734 3456 774 com—

1852 798 2065 869 primit,
2099 800 2431 856 valentiores
2456 800 2658 856 reddit.
2696 803 2839 857 Dum
2881 803 3028 858 enim
3060 821 3160 860 nos
3199 807 3454 878 omnipo-

1852 894 1972 942 tens
2010 891 2156 946 Deus
2201 890 2469 946 molestiis
2517 893 2762 948 exerceri
2835 894 3125 964 permittit,
3175 901 3337 967 atque
3389 896 3457 951 ad

1853 977 2100 1033 melioris
2133 979 2263 1035 vitae
2281 987 2483 1035 statum
2503 980 2905 1037 interveniente
2933 983 3158 1038 tristitia
3179 983 3454 1055 provehit,

1855 1069 1998 1124 miro
2027 1071 2264 1126 consilio
2284 1087 2447 1143 super
2475 1072 2715 1128 futuram
2749 1073 2964 1145 frugem
2997 1074 3119 1144 gelu
3148 1081 3202 1129 et
3229 1074 3456 1145 glaciem

1854 1156 2048 1227 gignit,
2086 1168 2147 1216 ut
2178 1160 2382 1216 electus
2412 1160 2643 1234 quisque
2675 1162 2730 1216 in
2772 1161 2876 1218 hac
2927 1163 3064 1231 vita,
3107 1169 3366 1234 tanquam
3399 1162 3456 1218 in

1854 1248 2056 1316 hieme,
2081 1249 2308 1306 adversa
2323 1259 2612 1306 ventorum
2633 1258 2688 1306 et
2705 1251 2974 1323 frigorum
2996 1251 3210 1320 toleret,
3233 1259 3287 1307 et
3307 1252 3458 1307 velut

1853 1337 1911 1392 in
1961 1338 2150 1393 aestiva
2200 1339 2490 1394 serenitate
2534 1340 2886 1411 postmodum
2935 1341 3146 1398 fructus
3189 1357 3328 1414 quos
3368 1340 3459 1398 hic

1852 1427 2169 1499 conceperit
2195 1428 2552 1485 demonstret.
2588 1429 2741 1485 Unde
2772 1437 2827 1486 et
2855 1430 3039 1502 sponsi
3079 1445 3214 1486 voce
3243 1430 3457 1487 unicui-

1853 1533 1958 1589 que
1989 1517 2186 1573 animze
2214 1526 2337 1590 post
2367 1518 2534 1589 hujus
2564 1519 2758 1574 mundi
2788 1518 3040 1575 turbines
3068 1517 3137 1574 ad
3167 1519 3263 1574 illa
3291 1525 3458 1574 aiter-

1852 1607 2044 1664 nitatis
2071 1624 2287 1664 amoena
2340 1609 2654 1680 properanti
2697 1609 2904 1665 dicitur
2936 1628 2947 1665 :
2982 1611 3165 1681 Surge,
3193 1626 3452 1681 prope-ra,

1851 1698 2024 1752 amica
2050 1715 2187 1764 mea,
2217 1698 2458 1768 formosa
2486 1715 2621 1766 mea,
2668 1705 2716 1752 et
2750 1699 2867 1753 veni
2897 1715 2917 1763 ;
2953 1698 3075 1768 jam
3115 1700 3251 1754 enim
3298 1699 3459 1754 hiems

1856 1787 2088 1854 transiit,
2116 1787 2284 1841 imber
2307 1787 2440 1841 abiit
2469 1792 2516 1839 et
2545 1787 2753 1841 recessit
2775 1787 2965 1857 (Cant.
2999 1803 3060 1855 ιι,
3086 1787 3202 1858 10).
3231 1788 3302 1842 Et
3330 1787 3459 1859 quia

150 1864 374 1921 infusam
394 1872 603 1921 terram
637 1866 761 1938 891“
795 1863 862 1921 de
881 1865 1020 1921 00310
1041 1873 1331 1938 generatur
1358 1866 1386 1922 7
1415 1865 1561 1933 Qnid
1590 1863 1742 1920 διίυά
1771 1879 1817 1940 Β
1853 1878 1874 1912 ³
1906 1877 1951 1931 si
1983 1877 2100 1932 sola
2131 1875 2292 1932 nobis
2320 1876 2522 1932 adsunt
2547 1892 2806 1948 prospera
2826 1876 3116 1944 solvimur,
3137 1877 3206 1931 ad
3225 1878 3458 1933 virtutes

149 1972 293 2030 quam
341 1955 408 2012 de
451 1955 557 2013 Dei
601 1964 760 2012 utero
795 1957 996 2028 glacies
1026 1957 1376 2029 producitur,
1427 1956 1646 2030 quando
1676 1955 1743 2011 de

148 2045 349 2102 interno
377 2053 594 2102 secreto
633 2045 972 2116 dispensatio
1011 2045 1313 2118 egreditur,
1345 2055 1401 2102 et
1431 2045 1742 2102 voluntates

147 2143 328 2190 nostrae
355 2135 528 2190 etiam
555 2134 614 2190 in
643 2133 808 2190 bonis
835 2133 1126 2192 desideriis
1149 2135 1438 2191 frenantur
1466 2135 1494 2191 εἰ

206 2224 288 2280 63.
327 2223 486 2293 Quod
529 2225 768 2296 exemplo
809 2225 864 2280 S.
906 2225 1073 2280 Pauli
1116 2226 1486 2297 conﬁrmatur.
1533 2253 1603 2264 —
1647 2223 1741 2280 Vi-

145 2312 376 2383 deamus,
410 2314 641 2383 Paulus,
677 2312 863 2369 infusa
900 2311 1164 2370 videlicet
1207 2321 1370 2382 terra,
1403 2321 1606 2387 quanta
1635 2310 1744 2368 dis-

145 2401 344 2473 ciplina:
388 2403 565 2475 glacie
618 2409 918 2474 prematur,
968 2402 1102 2458 dum
1153 2402 1231 2459 ait
1282 2422 1293 2458 :
1355 2404 1491 2462 Velle
1530 2402 1744 2472 adjacet

145 2491 279 2558 mihi,
301 2495 560 2565 perﬁcere
585 2499 762 2549 autem
792 2492 984 2548 bonum
1022 2510 1129 2548 non
1164 2494 1374 2548 invenio
1418 2493 1593 2564 (Rom.
1638 2509 1738 2559 vn,

147 2579 246 2650 18).
278 2581 386 2648 Qui
415 2583 567 2638 enim
598 2583 741 2638 velle
763 2579 965 2638 habere
995 2597 1052 2638 se
1082 2581 1297 2649 asserit,
1325 2579 1442 2652 jam
1475 2597 1570 2654 per
1596 2581 1740 2636 infu-

145 2669 335 2726 sionem
375 2673 588 2743 gratiae,
625 2687 745 2743 quas
794 2671 853 2726 in
894 2686 950 2726 se
999 2671 1204 2727 lateant
1227 2672 1444 2727 semina
1475 2670 1734 2728 ostendit.

145 2761 232 2818 Sed
259 2762 394 2819 dum
430 2762 695 2835 perﬁcere
723 2761 933 2817 bonum
964 2777 1076 2816 non
1107 2761 1348 2827 invenit,
1378 2761 1623 2833 profecto
1655 2761 1738 2817 in-

144 2850 270 2909 dicat
318 2862 532 2926 quanta
571 2852 731 2907 illum
769 2851 1198 2923 dispensationis
1238 2868 1487 2924 superna;
1541 2852 1740 2921 glacies

147 2951 359 3014 premat.
394 2947 486 2998 An
524 2942 629 2998 ista
658 2941 856 3014 glacies
884 2957 1075 2996 eorum
1106 2941 1275 2997 corda
1309 2957 1421 2996 non
1447 2949 1734 3013 presserat,

143 3033 325 3104 quibus
354 3032 598 3100 dicebat,
628 3033 691 3089 Ut
709 3048 817 3086 non
845 3047 1165 3102 quacunque
1193 3032 1377 3097 vultis,
1409 3031 1507 3087 illa
1525 3030 1738 3101 faciatis

145 3121 279 3190 (Gal.
319 3140 380 3189 v,
414 3123 517 3194 17)
541 3122 570 3178 ?
595 3122 676 3178 Ac
707 3121 754 3176 si
799 3128 983 3192 aperte
1013 3120 1221 3176 diceret
1253 3139 1264 3176 :
1299 3120 1528 3177 Occulta
1556 3119 1738 3176 cordis

1852 1981 1986 2021 vero
2016 1966 2216 2020 melius
2245 1981 2341 2036 per
2369 1963 2599 2020 adversa
2625 1963 2954 2033 solidamur,
2984 1972 3128 2021 recte
3160 1963 3459 2036 subjungi-

1851 2063 1943 2112 tur
1991 2073 2002 2110 :
2057 2053 2198 2127 [Vet.
2233 2056 2336 2110 XX
2346 2053 2492 2128 VII.]
2542 2055 2609 2110 In
2636 2054 3038 2110 similitudinem
3078 2054 3272 2126 lapidis
3303 2072 3458 2126 aquae

1851 2146 2143 2200 durantur.
2176 2144 2384 2201 Mentes
2425 2144 2574 2199 enim
2623 2161 2742 2217 quae
2783 2161 2880 2217 per
2918 2160 3173 2217 prospera
3215 2143 3458 2200 molliter

1851 2235 2130 2292 ﬂuxerant
2157 2235 2472 2293 constrictae
2503 2235 2929 2292 adversitatibus
2947 2236 3280 2303 durescunt;
3315 2245 3367 2292 et
3387 2233 3456 2292 ad

1851 2323 2281 2382 similitudinem
2313 2325 2512 2397 lapidis
2531 2342 2672 2398 aqua
2700 2324 3040 2397 perducitur,
3064 2325 3284 2400 quando
3305 2326 3456 2382 inﬁr-

1851 2431 1974 2470 mus
2005 2415 2242 2489 quisque
2273 2431 2370 2487 per
2397 2423 2674 2486 acceptam
2695 2414 2930 2487 desuper
2959 2416 3306 2472 tolerantiam
3338 2432 3456 2488 pas-

1850 2504 2032 2560 siones
2060 2506 2147 2562 sui
2180 2504 2598 2576 Redemptionis
2629 2505 2900 2561 imitatur.
2937 2506 2997 2561 In
3028 2504 3454 2562 similitudinem

1850 2593 2052 2666 quippe
2083 2594 2285 2667 lapidis
2314 2609 2454 2668 aqua
2481 2595 2765 2662 duruerat,
2800 2610 2927 2650 cum
2960 2593 3052 2650 ille
3089 2594 3240 2666 prius
3268 2594 3456 2666 impa—

1849 2683 1991 2739 tiens
2022 2691 2337 2756 persecutor
2365 2682 2716 2755 postmodum
2739 2683 2942 2739 Paulus
2962 2682 3178 2741 dicebat
3209 2701 3221 2739 :
3256 2684 3453 2756 Impleo

1847 2789 1909 2827 ea
1935 2790 2054 2843 quae
2081 2775 2268 2829 desunt
2300 2774 2615 2845 pass-ianum
2649 2773 2849 2830 Christi
2890 2775 2949 2829 in
2975 2790 3134 2830 carne
3167 2791 3284 2830 mea
3315 2774 3454 2847 (Co-

1851 2863 1974 2917 loss.
2007 2879 2048 2927 ι,
2079 2862 2196 2934 24).

1918 2952 2005 3008 66.
2025 2953 2100 3007 Et
2125 2952 2199 3006 ad
2227 2952 2436 3006 interna
2463 2953 2603 3007 dona
2631 2953 2972 3008 custodienda
2989 2954 3159 3024 magis
3177 2950 3447 3010 sollicitos.

1846 3069 1918 3080 —
1945 3040 2019 3094 Et
2047 3041 2178 3112 quia
2205 3055 2331 3096 cum
2363 3039 2754 3111 deprimuntur
2782 3039 3050 3108 adversis,
3082 3037 3338 3093 solertius
3367 3038 3450 3093 in-

1847 3137 2002 3186 terna
2029 3129 2176 3188 dona
2202 3128 2544 3197 custodiunt,
2578 3135 2723 3184 recte
2752 3127 3011 3183 additur:
3044 3127 3118 3182 Et
3144 3125 3446 3197 superﬁcies

144 3213 294 3269 vestri
326 3213 544 3269 semina
567 3209 682 3282 jam
732 3209 954 3283 prodire
998 3210 1055 3265 in
1086 3210 1300 3282 frugem
1330 3217 1605 3284 quaerunt,
1638 3208 1732 3264 sed
1770 3245 1813 3305 Ο
1844 3219 2022 3292 abyssi
2051 3219 2450 3290 constringitur.
2476 3219 2624 3274 Solet
2643 3218 2792 3274 enim
2824 3215 3016 3272 laetitia
3035 3230 3232 3272 arcana
3249 3215 3450 3271 mentis

142 3301 345 3372 superni
380 3301 782 3358 moderaminis
811 3301 935 3372 gelu
970 3309 1318 3372 premuntur,
1350 3309 1412 3357 ut
1439 3307 1592 3356 tanto
1613 3306 1734 3371 post

144 3389 416 3449 fecundius
449 3400 671 3459 exeant,
716 3398 922 3464 quanto
971 3390 1152 3448 divini
1194 3389 1396 3463 jndicii
1428 3388 1734 3463 prementia

143 3481 363 3549 pondera
392 3483 695 3557 patientius
725 3489 966 3555 portant.

205 3595 337 3671 [Vet.
381 3604 486 3659 XX
497 3601 613 3677 VL]
641 3601 733 3662 64.
765 3603 896 3659 Inde
943 3619 1128 3673 graves
1174 3605 1442 3672 emergunt
1480 3600 1732 3656 tentatio-

143 3702 239 3754 nes,
256 3707 370 3762 quce
404 3692 530 3746 bene
553 3693 760 3747 vivendi
789 3691 1158 3746 consuetudine
1191 3697 1534 3762 superantur.
1567 3721 1638 3731 —
1663 3690 1734 3745 Et

144 3777 258 3848 quia
284 3780 610 3853 plerumque
651 3779 895 3836 humana
943 3781 1110 3837 corda
1154 3779 1416 3853 quoniam
1449 3794 1734 3851 erumpere

144 3864 202 3920 ad
228 3868 454 3928 virtutes
487 3888 623 3944 quas
670 3877 937 3943 appetunt
985 3886 1098 3926 non
1137 3870 1345 3938 valent,
1383 3885 1448 3926 eo
1477 3869 1595 3942 ipso
1625 3885 1735 3942 quo

144 3952 202 4009 ab
242 3957 566 4016 intentionis
613 3977 724 4016 suae
768 3959 1106 4032 perfectione
1146 3959 1423 4028 resiliunt,
1467 3959 1734 4015 tentatio-

145 4059 262 4101 num
288 4049 535 4108 stimulis
564 4049 887 4122 fatigantur,
916 4049 1010 4107 sed
1038 4056 1223 4106 tamen
1243 4049 1459 4108 easdem
1481 4049 1736 4105 tentatio-

145 4155 229 4199 nes
253 4149 654 4219 cogitationum
675 4149 1072 4223 comprimunt,
1099 4166 1264 4224 seque
1284 4165 1380 4222 per
1411 4147 1556 4206 947
1585 4165 1737 4206 exer-

145 4233 404 4296 citationis
431 4256 600 4297 usum
633 4240 692 4294 in
732 4239 971 4312 quodam
1016 4240 1244 4296 vivendi
1295 4242 1474 4313 rigore
1504 4256 1737 4313 compo—

148 4334 290 4394 nunt,
320 4327 458 4386 bene
495 4327 755 4384 subditur
788 4346 800 4384 :
835 4329 899 4383 In
929 4328 1332 4384 similitudinem
1365 4329 1558 4401 lapidis
1587 4346 1740 4400 aquae

149 4410 416 4476 durantur.
449 4418 597 4487 Quia
635 4417 736 4475 etsi
785 4416 950 4473 ﬂuxae
984 4419 1348 4491 cogitationes
1389 4419 1621 4475 interius
1648 4419 1739 4474 la-

150 4514 369 4577 cessunt,
418 4524 768 4582 nequaquam
830 4515 1013 4564 tamen
1077 4525 1248 4581 usque
1295 4508 1363 4564 ad
1411 4525 1737 4566 consensum

1843 3310 2073 3382 aperire,
2096 3317 2259 3382 atque
2288 3308 2582 3380 aperiendo
2601 3309 2889 3373 amittere;
2921 3305 3151 3362 adversa
3165 3321 3296 3360 vero
3321 3320 3450 3362 cum

1843 3415 1944 3455 nos
1979 3399 2226 3455 exterius
2253 3398 2592 3471 deprimunt,
2625 3395 2858 3453 interius
2885 3396 3158 3453 cautiores
3187 3395 3444 3452 reddunt.

1843 3490 1972 3545 Post
2001 3489 2124 3561 gelu
2155 3489 2338 3563 itaque
2367 3490 2454 3543 vel
2486 3487 2714 3561 glaciem
2746 3485 3064 3559 superﬁcies
3093 3485 3278 3558 abyssi
3306 3501 3450 3542 con-

1843 3580 2153 3652 stringitur,
2185 3581 2316 3653 quia
2361 3596 2516 3636 mens
2544 3587 2751 3647 nostra,
2803 3577 2872 3634 ad
2901 3577 3277 3635 conservanda
3312 3593 3451 3649 pro-

1844 3668 2018 3725 funda
2045 3668 2190 3725 dona
2218 3687 2340 3743 quas
2372 3669 2665 3741 acceperit,
2712 3666 3142 3723 adversitatibus
3171 3666 3444 3722 munitur.

1845 3759 2049 3832 Abyssi
2076 3759 2227 3815 enim
2271 3776 2384 3815 suae
2429 3757 2776 3831 superﬁciem
2807 3757 2975 3814 Isaias
3021 3755 3447 3822 constrinxerat,

1845 3867 1972 3908 cum
2001 3850 2217 3907 dicebat
2263 3868 2274 3905 :
2327 3850 2593 3906 Secretum
2620 3865 2792 3905 meum
2821 3848 2973 3917 mihi,
3004 3852 3254 3902 secretum
3281 3861 3452 3901 meum

1843 3941 1975 3995 mihi
2007 3939 2162 4011 (Isai.
2187 3956 2347 4006 xxxv,
2375 3939 2504 4031 16)ἱ
2513 3937 2717 4010 Abyssi
2740 3953 2852 3993 suae
2873 3933 3451 4031 superﬁciemPaulus

1845 4030 2274 4097 constrinxerat,
2307 4027 2402 4100 qui
2431 4020 2516 4083 to't
2536 4025 2798 4098 periculis
2818 4042 2882 4083 ac
2909 4020 3332 4080 adversitatibus
3363 4022 3449 4077 in-

1847 4121 2070 4187 sudans,
2103 4119 2206 4174 sub
2236 4124 2510 4191 praetextu
2537 4114 2826 4188 cujusdam
2856 4114 2923 4172 de
2953 4113 3245 4185 semetipso
3275 4113 3451 4186 loqui-

1847 4218 1958 4279 tur,
1989 4208 2179 4266 dicens
2211 4225 2223 4264 :
2257 4207 2460 4264 Audivi
2484 4223 2689 4263 arcana
2716 4205 2897 4271 verba,
2925 4221 3042 4275 qua:
3068 4220 3176 4258 non
3207 4203 3323 4260 licet
3347 4204 3453 4258 lio-

1845 4301 1980 4356 mini
1997 4299 2146 4371 loqui
2167 4299 2264 4371 (II
2283 4298 2408 4354 Cor.
2432 4314 2538 4366 xu,
2558 4296 2640 4369 4).
2672 4297 2746 4353 Et
2765 4311 2987 4351 rursum
3020 4312 3034 4350 :
3066 4295 3240 4350 Pareo
3256 4300 3450 4362 autem,

1846 4407 1911 4446 ne
1939 4390 2056 4461 quis
2083 4406 2164 4444 me
2209 4389 2468 4444 existimet
2512 4404 2678 4460 supra
2706 4387 2764 4442 id
2792 4386 2934 4457 quod
2960 4385 3100 4440 videt
3133 4385 3192 4440 in
3233 4402 3333 4450 me,
3360 4390 3457 4440 aut

1848 4482 2002 4539 audit
2031 4483 2052 4517 ⁶
2079 4481 2289 4552 aliquid
2317 4499 2383 4537 ea:
2409 4481 2534 4552 me(
2538 4480 2676 4536 Ibid.
2686 4523 2703 4550 ,
2739 4479 2819 4552 6).
2850 4479 2957 4546 Qui
2987 4478 3157 4550 igitur
3184 4476 3320 4534 foris
3348 4479 3456 4532 ad-

150 4593 288 4657 pravi
313 4567 494 4667 operis
507 4567 771 4652 ‘trabunt.
809 4595 915 4652 Sed
947 4613 1104 4654 mens
1134 4567 1236 4653 sub
1267 4598 1461 4654 inolita
1494 4598 1632 4654 bene
1661 4601 1739 4654 vi-
1767 4612 1819 4673 ι)
1849 4589 2010 4630 versa
2035 4573 2302 4673 ῐοιθτὸῐιεί,
2323 4588 2391 4628 ne
2418 4572 2652 4673 fortasse
2679 4570 2739 4626 in
2770 4569 3038 4673 laudibus
3057 4567 3341 4636 deﬂueret,
3373 4584 3456 4623 ar-

151 4681 300 4737 vendi
329 4685 728 4744 consuetudine
758 4686 912 4760 quasi
939 4687 1042 4742 sub
1071 4686 1308 4760 quadam
1340 4685 1547 4743 duritia
1575 4697 1739 4745 exte-

153 4766 254 4825 rius
281 4773 567 4834 abscondit
594 4777 867 4852 quidquid
912 4777 1064 4832 intus
1104 4792 1174 4832 ex
1209 4777 1531 4833 tentationis
1560 4779 1737 4850 pulsa-

153 4855 290 4916 tione
318 4868 608 4925 mollescit.
643 4866 798 4923 Unde
825 4873 879 4922 et
923 4865 1062 4921 bene
1101 4863 1456 4938 subjungitur
1489 4885 1499 4923 :
1535 4869 1610 4922 Et
1636 4885 1738 4923 su-

153 4949 370 5018 Perﬁcies
396 4957 574 5029 abyssi
601 4956 1002 5027 constringitur.
1035 4953 1177 5022 Quia
1204 4971 1370 5027 prava
1397 4957 1657 5028 cogitatio
1683 4965 1740 5013 et

157 5033 196 5088 Si
222 5053 385 5116 usque
429 5048 499 5105 ad
528 5047 931 5122 suggestionem
977 5045 1152 5114 venit,
1187 5061 1358 5118 usque
1397 5046 1467 5102 ad
1513 5063 1739 5104 consen-

157 5140 263 5186 sum
292 5151 398 5195 non
427 5140 665 5215 prosilit,
697 5141 827 5215 quia
853 5139 1184 5196 ﬂuctuantes
1228 5145 1411 5194 motus
1440 5138 1613 5196 animi
1644 5157 1736 5197 su-

158 5220 433 5288 Pel‘ductus
459 5233 611 5304 rigor
629 5238 830 5289 sanctae
850 5227 1266 5286 deliberationis
1295 5228 1533 5301 premit.-

223 5414 802 5524 ieiunaieiuna-

270 5493 429 5572 Laud.
443 5547 458 5572 ,
473 5493 662 5558 ‘exerce
668 5493 740 5557 re.

222 5561 458 5648 ἶξτᾳιιείζ
498 5575 720 5648 Ebroic.
743 5573 958 5648 aliique
987 5571 1203 5648 Norm.,
1258 5576 1509 5648 ceternam
1553 5571 1740 5626 mentis

159 5631 493 5763 mmmam.
525 5646 690 5702 Corb.
729 5631 936 5714 Gerul,
978 5660 1077 5715 per
1117 5631 1299 5699 interit.
1342 5644 1528 5699 utentis
1558 5649 1736 5700 tetern.

207 5753 458 5863 ligna”
489 5788 652 5848 ξολ-ι),
681 5789 889 5855 Germ.,
921 5785 1144 5845 Ebroic.
1172 5787 1377 5862 aliique
1403 5789 1618 5856 Norm.,
1649 5787 1742 5843 sub

160 5858 441 5916 asperitate.

1847 4683 1984 4724 cana
2011 4683 2110 4723 sua
2139 4666 2352 4737 aperire
2381 4663 2677 4732 metuebat,
2725 4662 2860 4736 quid
2891 4660 3043 4716 aliud
3072 4677 3238 4733 quam
3268 4675 3457 4716 secre-

1845 4763 2032 4811 torum
2059 4773 2286 4812 suorum
2316 4753 2579 4826 abyssum
2610 4769 2706 4826 per
2726 4752 3084 4810 constrictam
3105 4746 3453 4821 superﬁciem

1849 4853 2116 4918 presserat
2143 4846 2172 4902 ?
2202 4843 2463 4918 Sequitur
2495 4861 2506 4900 :

2237 4961 2466 5020 CAPUT
2497 4961 2687 5017 XXXI
2717 4959 2861 5035 [Rec.
2896 4957 3069 5032 XVI].

1918 5053 2090 5110 Vens.
2123 5052 2209 5108 31.
2253 5082 2326 5093 -
2355 5051 2612 5121 Nunquid
2638 5050 2952 5121 conjungere
2981 5045 3180 5102 valebis
3205 5043 3456 5100 micantes

1847 5145 2027 5199 stellas
2081 5141 2345 5208 Pleiades,
2391 5147 2488 5197 aut
2531 5157 2721 5213 gyrum
2769 5135 2997 5196 Arcturi
3035 5135 3236 5206 poteris
3283 5133 3455 5190 dissi-

1844 5250 1979 5305 pare
1995 5235 2022 5288 ?

1920 5427 1940 5461 ⁵
1970 5426 2144 5482 Multa
2164 5423 2255 5481 hic
2274 5423 2474 5480 desunt
2504 5422 2561 5478 in
2590 5419 2743 5477 Edit.
2768 5419 2938 5478 Gilot.
2962 5426 3016 5476 et
3035 5419 3326 5487 Vaticana,
3350 5417 3450 5474 ubi

1849 5499 2050 5570 legitur
2070 5516 2080 5552 :
2105 5499 2152 5570 si
2172 5498 2288 5551 sola
2303 5496 2449 5570 nobis
2465 5495 2660 5550 adsunt
2671 5509 2954 5564 prospera,
2973 5492 3272 5570 solidamur
3288 5508 3309 5556 ;
3327 5505 3456 5547 con-

1849 5565 1934 5626 tra
1979 5568 2155 5625 sancti
2201 5567 2456 5624 Doctoris
2502 5573 2765 5634 mentem,
2834 5579 3020 5620 veram
3065 5565 3344 5636 pietatem,
3395 5576 3459 5617 ac

1849 5640 2201 5714 Msssﬁdem:
2233 5641 2326 5714 ln_
2344 5639 2562 5712 Anglic.
2613 5637 2783 5714 enim,
2832 5634 3188 5714 Normarinis,
3221 5634 3456 5714 Turon.,

1851 5713 2049 5781 Laud.,
2081 5711 2242 5769 Corb.
2287 5708 2498 5779 Gerni.,
2539 5717 2672 5779 etc.,
2734 5709 2898 5767 lectio
2928 5715 3115 5766 nostra
3144 5708 3454 5763 invenitur.

1925 5788 1947 5823 ⁶
1977 5787 2140 5842 Deest
2167 5783 2378 5855 aliquid
2410 5782 2468 5839 in
2498 5781 2670 5839 Laud.
