3920 6376
479 358 584 416 5ιό

1678 363 1930 421 SANCTI
1967 364 2315 424 GREGORII
2351 365 2576 424 MAGNI

3681 381 3778 439 516

551 489 697 550 948
740 490 829 546 67.
882 490 1022 559 Quid
1065 491 1307 550 Pleiades
1347 499 1396 550 et
1423 494 1711 554 Arcturus.
1757 496 1858 556 Dei
1895 496 2080 552 omni-
2109 496 2160 555 A
2194 492 2424 567 quidem
2462 493 2804 569 temporibus
2835 496 3014 568 missi,
3044 506 3099 555 et
3143 503 3327 555 tamen
3355 501 3695 561 concorditer
3718 507 3778 565 de

474 584 766 660 potentiam
788 589 1088 656 pensantes,
1119 584 1448 658 infirmitatis
1490 593 1688 644 nostra
1709 588 2077 646 admonemur.

475 711 546 724 —
575 679 822 738 Pleiades
851 682 1023 739 stella
1045 682 1150 736 ἀπὸ
1177 687 1270 737 τοῦ
1298 684 1572 755 πγείστου,
1605 684 1662 741 id
1691 693 1774 741 est
1793 702 1827 742 a
1854 685 2079 758 plurali-

477 776 588 828 tate
618 778 825 829 vocata
873 779 1021 827 sunt.
1069 772 1152 828 Ita
1196 779 1379 829 autem
1413 772 1613 830 vicina
1650 772 1759 830 sibi
1805 782 1858 830 et
1887 773 2081 832 divisa

476 867 608 918 sunt
635 860 892 928 condita,
919 867 985 916 ut
1032 869 1087 918 et
1133 861 1300 917 simul
1337 861 1468 930 sint,
1522 869 1578 919 et
1605 869 1791 920 tamen
1819 863 2079 938 conjungi

477 968 822 1027 nequaquam
871 951 1106 1024 possint,
1147 961 1420 1026 quatenus
1462 955 1480 990 ί
1524 955 1812 1014 vicinitate
1857 956 2078 1031 quidem

476 1039 786 1113 conjuncta
825 1041 958 1110 sint,
991 1041 1087 1098 sed
1118 1049 1268 1098 tactu
1296 1040 1610 1115 disjuncta.
1647 1044 1920 1103 Arcturus
1947 1061 2079 1102 vero

477 1131 556 1189 ita
583 1140 858 1188 nocturna
901 1139 1151 1204 tempora
1178 1131 1440 1202 illustrat,
1475 1141 1537 1190 ut
1565 1132 1624 1190 in
1653 1133 1779 1192 cali
1807 1151 1908 1193 axe
1937 1135 2078 1208 posi-

477 1230 567 1278 tus
595 1237 692 1294 per
720 1219 943 1277 diversa
969 1236 1026 1277 se
1054 1228 1254 1290 vertat,
1285 1237 1387 1279 nec
1414 1229 1598 1280 tamen
1627 1221 1862 1280 occidat.
1893 1224 2080 1298 Neque

475 1311 626 1368 enim
655 1318 815 1368 extra
846 1311 869 1346 ³
895 1327 952 1368 se
980 1327 1210 1369 currens
1234 1311 1504 1381 volvitur,
1548 1311 1644 1369 sed
1673 1312 1733 1369 in
1768 1313 1890 1371 loco
1917 1313 2078 1382 situs,

475 1400 536 1458 in
573 1401 790 1459 cunctis
819 1400 1014 1459 mundi
1037 1401 1285 1474 partibus
1313 1417 1659 1476 nequaquam
1679 1416 1905 1460 casurus
1924 1401 2083 1460 incli-

475 1500 661 1551 natur.
690 1491 837 1562 Quid
873 1509 1002 1566 ergo
1031 1501 1112 1550 est
1142 1492 1288 1568 quod
1317 1491 1487 1550 homo
1505 1508 1576 1550 ex
1604 1500 1752 1550 terra
1777 1492 1974 1562 factus,
2006 1499 2084 1550 at-

476 1600 583 1658 que
603 1584 662 1640 in
681 1591 829 1642 terra
847 1585 1059 1657 positus
1079 1587 1105 1656 (
1115 1585 1297 1642 Genes.
1322 1584 1570 1658 11,7,15),
1593 1583 1661 1642 de
1681 1585 1892 1642 cmlesti
1911 1583 2084 1641 admi-

477 1673 805 1732 nistratione
831 1673 1152 1744 discutitur,
1184 1673 1316 1749 quia
1343 1673 1593 1732 Pleiades
1613 1674 1950 1748 conjungere
1970 1690 2084 1731 non

481 1764 649 1832 valet,
697 1779 834 1836 quas
879 1765 1092 1822 vicinas
1145 1765 1505 1838 sibimetipsis
1562 1765 1812 1825 conditas
1851 1773 1908 1823 et
1949 1783 2086 1839 pene

2195 583 2578 657 Redemptoris
2609 585 2785 642 nostri
2823 585 3143 644 innocentia
3181 587 3499 660 sentientes,
3539 594 3780 654 eumdem

2190 690 2394 746 agnum
2415 676 2652 733 Joannes
2676 676 3036 745 ostendendo,
3061 677 3227 734 [satas
3251 679 3621 750 pravidendo,
3654 684 3780 742 Abel

2189 765 2468 823 oﬂ‘erendo
2518 767 2733 825 locutus
2763 776 2879 835 est;
2951 777 3006 826 et
3033 785 3195 842 quem
3225 769 3460 826 Joannes
3502 770 3560 827 in
3605 783 3787 831 osten-

2189 855 2362 925 sione,
2394 872 2556 930 quem
2586 858 2754 914 Isaias
2785 857 2842 913 in
2875 857 3188 928 locutione,
3233 857 3383 916 hunc
3410 859 3548 917 Abel
3575 861 3785 935 signiﬁ-

2189 945 2366 1005 cando
2388 947 2446 1002 in
2477 946 2734 1004 manibus
2763 947 2962 1004 tenuit.

2264 1035 2352 1092 70.
2385 1036 2527 1104 Quia
2555 1037 2726 1108 igitur
2762 1035 3040 1110 quomodo
3080 1037 3330 1095 Pleiades
3371 1041 3545 1098 stella
3577 1039 3644 1098 de
3680 1041 3788 1101 hu-

2191 1126 2455 1183 manitate
2485 1126 2870 1199 Redemptoris
2889 1126 2998 1184 sibi
3027 1128 3328 1186 concinant
3347 1128 3616 1201 diximus,
3645 1149 3786 1194 nunc

2191 1215 2469 1288 quomodo
2492 1215 2548 1272 in
2565 1215 2905 1274 ostendenda
2919 1217 3133 1274 unitate
3149 1217 3440 1277 Trinitatis
3455 1221 3790 1281 concorditer

2191 1305 2412 1363 luceant
2445 1305 2906 1363 demonstremus.
2935 1305 3186 1363 Diversis
3231 1307 3434 1382 quippe
3463 1311 3790 1384 temporibus

2191 1390 2325 1450 huic
2353 1392 2565 1448 mundo
2611 1392 2810 1461 David,
2842 1391 3012 1449 Isaias
3055 1401 3109 1450 et
3146 1393 3350 1452 Paulus
3377 1397 3671 1470 apparuit;
3703 1400 3790 1456 sed

2191 1490 2377 1539 tamen
2406 1480 2594 1539 nullus
2622 1498 2814 1538 eorum
2837 1482 2998 1539 alteri
3017 1481 3301 1542 diversum
3323 1487 3520 1556 sensit,
3542 1487 3674 1560 quia
3698 1490 3791 1546 etsi

2192 1573 2520 1645 semetipsos
2549 1585 2660 1628 non
2710 1580 2984 1629 noverant
3029 1572 3190 1642 facie,
3239 1589 3415 1632 unum
3445 1583 3634 1634 tamen
3661 1576 3793 1634 didi-

2193 1671 2383 1720 cerant
2409 1677 2481 1718 ex
2507 1661 2706 1719 divina
2724 1661 3064 1733 cognitione.
3097 1663 3278 1720 David
3305 1665 3510 1738 quippe
3539 1673 3604 1722 ut
3617 1673 3791 1724 aucto-

2194 1767 2310 1808 rem
2331 1749 2586 1808 omnium
2617 1751 2638 1786 ⁸
2670 1751 2848 1808 Deum
2872 1751 2930 1806 in
2951 1749 3224 1809 Trinitate
3248 1753 3586 1823 ostenderet,
3616 1753 3786 1813 dixit:

479 1848 804 1924 conjunctae
829 1853 1001 1922 videt,
1035 1853 1166 1928 quia
1192 1854 1418 1912 Arcturi
1449 1871 1647 1930 gyrum
1676 1855 1944 1928 dissipare
1971 1871 2084 1912 non
2123 1870 2169 1932 Β
2196 1849 2480 1908 Benedicat
2503 1864 2600 1903 nos
2634 1847 2797 1913 Deus,
2844 1848 2990 1904 Deus
3016 1844 3164 1905 949
3192 1855 3394 1916 noster,
3425 1849 3692 1906 benedicat
3709 1867 3793 1906 nos

480 1947 681 2014 potest,
712 1957 876 2015 quem
907 1950 1091 2000 tamen
1121 1960 1344 2002 cernere
1373 1945 1492 2017 ipsa
1524 1961 1624 2003 sua
1651 1943 1922 2017 vertigine
1950 1960 2086 2018 pene

482 2029 816 2104 dissipatum
835 2040 1014 2106 potest
1035 2033 1064 2090 ?
1082 2034 1170 2091 An
1190 2041 1253 2092 ut
1272 2035 1332 2091 in
1361 2035 1484 2092 istis
1505 2034 1830 2092 ministeriis
1845 2034 2086 2091 auctoris

482 2122 788 2196 potentiam
819 2139 1074 2196 pensans,
1124 2124 1467 2182 inﬁrmitatis
1508 2141 1624 2182 sua
1665 2125 2001 2194 meminerit,
2032 2132 2088 2182 et

484 2228 612 2270 eum
633 2229 799 2288 quem
819 2213 1004 2274 adhuc
1022 2217 1082 2274 in
1105 2215 1388 2291 majestate
1407 2231 1507 2274 sua
1527 2215 1718 2274 videre
1733 2230 1845 2272 non
1875 2221 2088 2288 poterat

483 2319 648 2378 quam
677 2306 753 2362 sit
780 2306 1188 2366 inaestimabilis
1235 2309 1295 2366 in
1341 2308 1462 2380 ipsa
1501 2305 1938 2366 ministeriorum
1966 2321 2090 2365 cm—

483 2395 706 2454 lestium
732 2397 1131 2472 gubernatione
1156 2397 1459 2473 perpendat
1487 2397 1516 2455 ἵ

553 2567 758 2627 Sensus
784 2586 1072 2629 nsrrcus.
1107 2601 1168 2612 —
1203 2569 1490 2628 Pleiadum
1516 2568 1726 2625 nomine
1752 2567 1923 2625 sancti
1939 2566 2090 2623 desi-

482 2663 746 2728 gnantur.
777 2689 848 2700 -
875 2658 966 2716 68.
1003 2659 1110 2716 Sed
1138 2674 1238 2716 cur
1265 2659 1373 2716 ista
1401 2660 1703 2733 loquimur,
1729 2657 1828 2732 qui
1861 2659 2088 2714 stimulo

483 2752 716 2810 rationis
754 2769 1033 2827 urgemur,
1085 2762 1149 2812 ut
1187 2754 1306 2812 hac
1352 2754 1519 2812 verba
1557 2753 1810 2828 mysticis
1837 2753 2089 2810 sensibus

485 2843 710 2914 gravida
737 2859 1131 2916 cognoscamus
1179 2845 1206 2902 ?
1251 2843 1390 2918 [νει.
1427 2842 1718 2917 XXVIIIJ
1763 2841 1909 2910 Quid
1939 2842 2086 2897 enim

486 2930 752 2990 micantes
782 2933 1050 3004 Pleiades,
1085 2951 1208 3008 qua
1235 2943 1290 2991 et
1317 2943 1526 3007 septem
1558 2940 1709 3002 sunt,
1738 2931 1894 2989 aliud
1923 2947 2086 3004 quam

483 3033 707 3080 sanctos
735 3039 926 3082 omnes
954 3025 1308 3094 denuntiant,
1343 3025 1440 3100 qui
1469 3025 1616 3082 inter
1643 3023 1929 3098 prasentis
1957 3025 2088 3080 vita

482 3112 740 3172 tenebras
769 3115 1107 3186 septiformis
1136 3116 1376 3188 Spiritus
1407 3115 1596 3190 gratia
1624 3132 1724 3172 nos
1767 3115 1979 3172 lumine
2007 3114 2089 3170 il-

486 3203 745 3272 lustrant,
787 3205 886 3277 qui
927 3203 998 3261 ab
1041 3207 1164 3280 ipsa
1188 3206 1385 3264 mundi
1428 3207 1644 3280 origine
1671 3223 1845 3280 usque
1873 3205 1942 3262 ad
1971 3204 2090 3278 ejus

484 3293 788 3349 terminum
838 3293 1075 3352 diversis
1138 3297 1484 3370 temporibus
1529 3299 1600 3356 ad
1645 3296 2087 3372 prophetandum

484 3383 662 3452 missi,
693 3391 748 3440 et
767 3381 932 3454 juxta
961 3385 1175 3458 aliquid
1204 3387 1310 3443 sibi
1357 3388 1640 3462 conjuncti
1669 3395 1818 3458 sunt,
1848 3395 1904 3444 et
1926 3387 2090 3460 juxta

483 3471 699 3545 aliquid
714 3471 980 3544 disjuncti
1010 3474 1038 3530 ?
1067 3475 1248 3532 Stella
1277 3477 1428 3534 enim
1455 3477 1720 3546 Pleiades,
1753 3478 1898 3535 sicut
1926 3493 2090 3550 supra

485 3561 696 3619 dictum
732 3570 836 3634 est,
865 3563 1155 3622 vicinitate
1183 3565 1290 3622 sibi
1337 3565 1648 3640 conjuncta
1675 3577 1828 3635 sunt,
1857 3575 1913 3624 et
1937 3574 2090 3624 tactu

483 3650 795 3724 disjuncta.
825 3653 1003 3710 Simul
1038 3654 1263 3728 quidem
1307 3657 1428 3714 sita
1473 3665 1622 3727 sunt,
1655 3665 1710 3716 et
1737 3665 1921 3715 tamen
1950 3657 2090 3714 lucis

483 3757 596 3798 sua
626 3744 648 3778 ³
679 3743 892 3800 viritim
914 3744 1100 3802 radios
1124 3745 1389 3804 fundunt.
1413 3749 1435 3784 ⁴
1459 3749 1543 3804 Ita
1560 3764 1752 3804 omnes
1769 3747 1944 3806 sancti
1965 3747 2090 3804 aliis

485 3839 649 3906 atque
681 3834 809 3891 aliis
834 3835 903 3892 ad
931 3836 1343 3909 praedicandum
1374 3838 1717 3912 temporibus
1742 3846 2085 3913 apparentes,

483 3933 540 3981 et
567 3925 836 3998 disjuncti
861 3936 995 3985 sunt
1013 3944 1111 4002 per
1129 3929 1542 4001 visionemsua
1571 3931 1850 4004 imaginis,
1879 3937 1934 3988 et
1959 3946 2088 3988 con-

478 4014 660 4087 juncti
690 4032 786 4090 per
826 4018 1192 4077 intentionem
1236 4021 1458 4078 mentis.
1488 4020 1668 4079 Simul
1698 4019 1928 4087 micant,
1959 4019 2090 4094 quia

481 4119 656 4162 unum
687 4105 988 4178 pradicant
1019 4127 1034 4178 ;
1064 4109 1161 4167 sed
1183 4125 1298 4167 non
1327 4110 1651 4186 semetipsos
1665 4117 1923 4186 tangunt,
1953 4109 2088 4184 quia

483 4193 542 4249 in
571 4193 768 4252 divisis
792 4197 1135 4270 temporibus
1171 4201 1507 4273 partiuntur.

551 4283 642 4342 69.
681 4285 890 4354 Omnes,
917 4289 1076 4344 etiam
1101 4291 1195 4361 qui
1225 4291 1498 4348 Christum
1528 4295 1929 4364 pracesserunt,
1968 4309 2088 4348 eum

481 4375 794 4449 pradicant,
817 4383 867 4433 et
900 4379 1184 4437 Trinitatis
1202 4382 1530 4452 mysterium.
1560 4411 1632 4426 —-
1659 4382 1834 4451 Quam
1855 4380 2089 4440 diversis

482 4465 828 4538 temporibus
855 4467 1017 4538 Abel,
1067 4469 1254 4539 Isaias,
1299 4479 1354 4527 et
1389 4471 1628 4529 Joannes
1663 4479 2035 4544 apparuerunt
2071 4473 2083 4529 l

479 4557 661 4616 Divisi
688 4559 911 4634 quidem
955 4562 1185 4618 fuerunt
1220 4570 1486 4637 tempore,
1529 4563 1625 4621 sed
1669 4579 1782 4620 non
1814 4563 2088 4636 pradica-

2196 1938 2340 1994 Deus
2359 1937 2530 2009 (Psal.
2549 1953 2700 2006 1.x",
2720 1937 2801 2009 8).
2821 1939 2904 1996 Ac
2921 1954 2990 1995 ne
3005 1937 3170 1996 tertio
3185 1939 3361 1995 Deum
3383 1939 3684 1996 nominans
3697 1948 3794 1996 tm

2198 2028 2340 2083 Deos
2368 2024 2576 2082 dixisse
2599 2035 2904 2098 putaretur,
2938 2027 3093 2086 illico
3121 2027 3392 2084 unitatem
3421 2026 3672 2100 ejusdem
3690 2027 3792 2084 Tri-

2199 2115 2390 2174 nitatis
2422 2116 2711 2174 insinuans
2731 2117 2950 2175 addidit
2973 2135 2986 2174 :
3011 2119 3086 2174 Et
3099 2125 3336 2174 metuant
3349 2135 3470 2174 eum
3485 2135 3663 2176 omnes
3679 2119 3794 2192 [ina

2201 2212 2357 2262 terra:
2387 2206 2604 2280 (Ibid).
2639 2207 2746 2276 Qui
2775 2207 2925 2264 enim
2955 2223 3068 2264 non
3098 2224 3214 2278 eos,
3245 2206 3342 2265 sed
3371 2223 3502 2264 eum
3535 2208 3792 2278 subdidit,

2198 2311 2373 2352 unum
2402 2297 2512 2354 tria
2539 2314 2660 2371 qua
2691 2297 2909 2355 dixerat
2929 2299 3232 2356 intimavit.
3257 2297 3426 2354 Isaias
3446 2313 3666 2373 quoque
3681 2315 3792 2357 cum

2200 2385 2418 2444 laudem
2471 2386 2540 2444 de
2586 2387 2799 2445 unitate
2859 2387 3150 2444 Trinitatis
3210 2387 3470 2460 aperiret,
3519 2387 3792 2462 Seraphim

2199 2493 2363 2534 voces
2377 2478 2716 2551 exprimens,
2737 2479 2817 2536 ait
2841 2496 2854 2535 :
2893 2479 3136 2548 Sanctus,
3159 2485 3397 2546 sanctus,
3418 2485 3632 2535 sanctus
3649 2479 3790 2551 (Isai.

2199 2583 2278 2636 v1,
2311 2568 2412 2640 3);
2445 2584 2510 2626 ac
2536 2585 2606 2624 ne
2639 2568 2799 2626 tertio
2846 2578 3098 2627 sanctum
3129 2568 3428 2625 nominem
3469 2571 3493 2605 ⁸
3539 2568 3792 2626 unitatem

2199 2657 2406 2715 divina
2452 2659 2774 2717 substantia
2820 2660 3074 2718 scindere
3121 2660 3429 2729 videretur,
3481 2659 3737 2733 adjunxit
3781 2675 3792 2715 :

2199 2749 2459 2806 Dominus
2486 2751 2630 2807 Deus
2664 2751 2904 2808 sabaoth.
2954 2752 3097 2820 Quia
3140 2768 3268 2824 ergo
3313 2767 3431 2808 non
3461 2749 3677 2808 domini
3703 2748 3796 2817 dii,

2200 2838 2296 2894 sed
2336 2839 2608 2897 Dominus
2663 2842 2812 2898 Deus
2863 2841 3102 2908 addidit,
3153 2857 3328 2897 unum
3379 2841 3619 2898 existere
3661 2835 3795 2913 quod

2199 2928 2364 2985 tertio
2395 2939 2648 2987 sanctum
2679 2938 2975 2987 vocaverat
3021 2929 3312 2989 indicavit.
3357 2931 3566 2988 Paulus
3593 2943 3796 3004 quoque

2200 3026 2263 3076 ut
2299 3019 2673 3092 operationem
2717 3031 2918 3080 sancta
2964 3023 3254 3081 Trinitatis
3296 3023 3637 3093 ostenderet,
3685 3021 3794 3080 ait:

2199 3110 2292 3166 Ea:
2319 3111 2454 3184 ipso,
2503 3118 2551 3168 et
2585 3129 2685 3184 per
2711 3113 2907 3185 ipsum,
2939 3119 2990 3170 et
3015 3115 3073 3169 in
3107 3115 3225 3188 ipso
3263 3121 3393 3171 sunt
3421 3115 3602 3171 omnia
3634 3112 3796 3184 (Rom.

2201 3216 2282 3269 x1,
2315 3200 2433 3272 36).
2465 3201 2650 3274 Atque
2676 3210 2740 3258 ut
2768 3202 3038 3260 unitatem
3067 3203 3319 3278 ejusdem
3347 3202 3639 3262 Trinitatis
3665 3201 3799 3258 inti-

2197 3299 2393 3360 maret,
2419 3291 2676 3364 protinus
2703 3291 2922 3349 addidit
2955 3311 2966 3350 :
3001 3295 3117 3366 Ipsi
3142 3296 3328 3367 gloria
3355 3297 3416 3351 in
3437 3295 3630 3351 sacula
3657 3305 3800 3348 sccl-

2200 3381 2396 3449 lorum,
2425 3397 2580 3436 amen
2607 3380 2822 3452 (Ibid).
2871 3380 2979 3450 Qui
3027 3382 3202 3456 igitur
3247 3400 3368 3441 non
3398 3384 3560 3458 ipsis,
3589 3380 3683 3440 sed
3709 3378 3802 3454 ipsi

2197 3469 2467 3539 subdidit,
2486 3487 2659 3526 unum
2685 3473 2704 3507 ⁷
2728 3468 3080 3542 naturaliter,
3101 3473 3209 3530 tria
3227 3473 3544 3531 secundum
3563 3483 3802 3545 personis

2198 3559 2464 3628 innotuit,
2497 3559 2646 3632 quod
2675 3562 2934 3634 superius
2961 3561 3127 3620 tertio
3160 3561 3416 3636 idipsum
3447 3561 3616 3620 dixit.
3645 3557 3798 3629 Quasi

2197 3667 2326 3724 ergo
2355 3659 2409 3708 et
2438 3667 2548 3707 uno
2581 3651 2642 3707 in
2673 3652 2795 3710 loco
2827 3653 3077 3712 Pleiades
3106 3655 3227 3712 sita
3257 3664 3421 3724 sunt,
3453 3653 3587 3727 quia
3612 3651 3678 3708 de
3699 3652 3802 3708 Deo

2196 3738 2545 3798 concorditer
2584 3743 2853 3813 sentiunt,
2885 3751 2946 3800 et
2974 3749 3158 3800 tamen
3197 3745 3534 3818 semetipsas
3562 3758 3673 3800 non
3699 3750 3802 3798 tan-

2199 3840 2356 3905 gunt,
2378 3832 2508 3907 quia
2525 3832 2674 3892 sicut
2693 3833 2910 3894 dictum
2937 3844 3022 3894 est
3039 3851 3136 3910 per
3155 3834 3333 3910 hujus
3351 3837 3558 3896 mundi
3577 3846 3803 3910 tempora

2197 3921 2417 3981 diversa
2445 3925 2787 3997 partiuntur.

2269 4013 2358 4072 71.
2390 4016 2572 4073 Sancti
2591 4034 2767 4073 omnes
2794 4016 2921 4092 ﬁdei
2947 4034 3010 4075 ac
3037 4018 3298 4074 virtutum
3330 4018 3684 4075 unanimitate
3700 4029 3802 4071 con-

2187 4102 2516 4178 junguntur.
2546 4137 2618 4148 —
2647 4106 2806 4176 Quod
2837 4107 2978 4165 bene
3005 4124 3070 4166 ac
3096 4107 3350 4166 breviter
3387 4107 3648 4166 Ezechiel
3678 4121 3802 4179 pro-

2197 4195 2364 4268 pheta
2411 4195 2699 4268 describit,
2730 4199 2828 4273 qui
2874 4216 3001 4258 cum
3037 4199 3247 4256 diversi
3295 4201 3522 4274 generis
3559 4194 3802 4258 animalia

2198 4287 2387 4344 videre
2416 4303 2473 4344 se
2501 4287 2730 4358 diceret,
2781 4288 3041 4360 adjunxit
3072 4307 3085 4346 :
3117 4287 3429 4364 Iunctaque
3457 4297 3612 4348 erant
3632 4302 3802 4364 penna-

2203 4394 2383 4435 eorum
2429 4378 2653 4434 alterius
2696 4378 2771 4434 ad
2814 4380 3045 4435 alterum
3096 4379 3317 4452 (Ezech.
3377 4398 3418 4450 ι,
3487 4382 3570 4454 9).
3616 4381 3797 4438 Penna

2199 4467 2401 4542 quippe
2428 4467 2754 4523 animalium
2795 4467 3024 4526 alterius
3053 4468 3125 4526 ad
3155 4469 3395 4526 alterum
3422 4468 3635 4542 juncta
3661 4474 3795 4534 sunt,

2202 4559 2334 4632 quia
2360 4559 2464 4615 etsi
2491 4557 2793 4615 dissimilia
2820 4569 2952 4616 sunt
2983 4577 3104 4635 qua
3131 4570 3324 4634 agunt,
3355 4577 3473 4618 uno
3513 4569 3697 4618 tamen
3722 4573 3797 4614 eo-

480 4613 511 4615 ,
735 4613 911 4618 ___-___
957 4613 1183 4618 __-_____
1225 4613 1330 4620 η---
1376 4613 1486 4633 --Ἴ
1530 4613 1625 4621 νη
1671 4613 1782 4620 ,η-
1850 4613 2050 4621 _"__,_
3027 4613 3099 4618 η
3134 4613 3324 4634 "rm,
3362 4613 3467 4618 ____
3518 4613 3695 4618 ,πώ
3731 4613 3741 4614 ,

480 4647 650 4706 tione.
670 4613 808 4706 Nlam
822 4650 961 4708 Abel
978 4613 1368 4726 Redemptoris:
1391 4653 1568 4710 nostri
1589 4613 1899 4726 passionEm
1920 4652 2088 4726 signi-
2121 4613 2172 4675 Β
2205 4647 2440 4722 demque
2469 4664 2632 4706 sensu
2661 4649 2770 4705 sibi
2798 4613 3115 4707 sanctoi'um
3144 4666 3310 4707 voces
3340 4651 3688 4723 virtutesque
3711 4663 3798 4704 so-

479 4736 671 4808 ﬁcans,
702 4755 905 4813 agnum
939 4741 998 4798 in
1028 4741 1300 4801 sacriﬁcio
1325 4743 1532 4800 obtulit
1561 4743 1771 4816 (Genes.
1803 4759 1885 4812 1v,
1912 4741 1996 4816 li),
2023 4742 2092 4799 de

477 4826 638 4901 cujus
678 4831 931 4903 passione
962 4831 1131 4889 Isaias
1171 4833 1251 4889 ait
1288 4850 1301 4889 :
1337 4833 1486 4890 Sicut
1529 4849 1700 4906 agnus
1736 4849 1918 4888 coram
1961 4837 2089 4888 ton-

477 4921 626 4976 dente
653 4937 706 4976 se
729 4920 1054 4992 obmutescet,
1087 4928 1260 4979 etnon
1287 4925 1489 4996 aperiet
1507 4940 1566 4980 os
1583 4939 1738 4980 suum
1755 4923 1920 4996 (Isai.
1964 4939 2082 4992 Lm,

479 5012 560 5085 7).
587 5013 666 5070 De
695 5029 805 5086 quo
831 5013 1068 5072 Joannes
1095 5031 1314 5091 quoque
1341 5016 1420 5074 ait
1453 5032 1465 5072 :
1496 5017 1629 5073 Ecce
1647 5032 1816 5088 agnus
1837 5015 1955 5084 Dei,
1977 5031 2085 5072 ecce

475 5103 568 5174 qui
599 5103 740 5162 tollit
770 5112 990 5178 peccata
1029 5105 1218 5166 mundi
1259 5106 1451 5181 (Joan.
1482 5123 1524 5177 ι,
1556 5103 1676 5179 29).
1706 5106 1849 5168 Ecce
1883 5103 2080 5165 divisis

553 5363 572 5439 ξ
597 5364 738 5424 Male
767 5366 824 5425 in
854 5369 1032 5439 Edit.,
1062 5372 1330 5428 vicinitate
1357 5372 1608 5439 quadam.

551 5437 574 5514 ξ
603 5439 892 5514 Omittitnr
922 5460 974 5498 se
1015 5437 1075 5499 in
1121 5443 1318 5513 Laud.,
1350 5437 1513 5502 Corb.
1543 5445 1729 5500 Germ.
1761 5457 1826 5499 ac
1854 5442 2078 5514 Pratel.,

480 5506 712 5591 aliisque
736 5511 924 5591 Norm.

552 5581 574 5614 ³
587 5580 679 5637 Sic
696 5583 980 5665 legendum
997 5588 1214 5665 ests:
1239 5587 1402 5646 Corb.
1422 5588 1631 5665 Germ,
1653 5587 1842 5665 Norm.
1863 5587 2083 5665 et_alii_s,

481 5665 592 5707 non
613 5656 896 5732 curiatim;
915 5656 1128 5732 Yirjtim
1152 5658 1244 5715 hic
1263 5662 1562 5732 opponitur
1581 5659 1864 5732 particula
1884 5660 2044 5715 simul
2065 5656 2087 5732 ς

481 5677 592 5707 ιιυιι
613 5677 888 5711 υαΠαιΠη.
922 5677 1128 5712 Vinum
1152 5677 1244 5715 nlc
1263 5677 1296 5715 Ο
1337 5677 1562 5732 ponitur
1618 5677 1864 5716 articula
1884 5677 2044 5715 ειπηιι
2065 5677 2087 5725 ;

478 5738 644 5796 supra
676 5725 802 5852 Yet.
853 5725 955 5782 Ed.
989 5727 1162 5785 Paris.
1196 5738 1252 5785 et
1292 5677 1461 5787 gasil.
1508 5677 1712 5788 habent
1745 5731 1962 5802 mistim,
1993 5729 2087 5788 sed

479 5809 682 5870 corrup
709 5813 758 5870 ei.

553 5869 574 5902 ‘
598 5869 796 5940 Laud.,
829 5871 907 5926 ita
935 5872 1107 5929 sancti
1143 5872 1395 5928 homines.

2200 4738 2440 4795 ciantur.
2463 4739 2534 4794 Et
2557 4739 2815 4812 quamvis
2835 4739 2981 4797 alius
3000 4738 3413 4798 rationabiliter
3431 4749 3634 4798 cuncta
3655 4751 3798 4810 agen-

2197 4825 2269 4884 do
2317 4827 2390 4884 sit
2437 4825 2626 4897 homo,
2672 4828 2820 4886 alius
2863 4829 2924 4884 in
2970 4828 3324 4903 passionibus
3372 4829 3540 4886 fortis
3589 4826 3800 4884 adversa

2194 4915 2393 4974 mundi
2422 4933 2536 4974 non
2565 4918 2817 4976 timendo
2858 4919 2933 4977 sit
2961 4920 3068 4989 leo,
3118 4919 3262 4976 alius
3291 4935 3394 4992 per
3424 4915 3800 4977 abstinentiam

2191 5009 2548 5083 semetipsum
2592 5010 2782 5066 vivam
2835 5009 3078 5068 hostiam
3125 5007 3421 5066 oﬂ'erendo
3463 5009 3540 5066 sit
3585 5004 3798 5070 vitulus,

2187 5101 2332 5162 alius
2357 5118 2416 5162 se
2441 5102 2505 5162 in
2521 5101 2635 5161 alta
2661 5102 2684 5140 ⁸
2712 5100 2977 5177 rapiendo
2996 5099 3502 5176 contemplationis
3523 5099 3711 5157 volatu
3729 5093 3800 5152 sit

2257 5368 2280 5405 ⁸
2307 5366 2530 5441 Ebroic.
2562 5366 2767 5441 aliique
2787 5365 2998 5441 Nor_m.,
3023 5362 3278 5424 Laudun.
3304 5369 3364 5421 et
3387 5362 3557 5423 Corb.
3589 5361 3768 5419 Germ.
3786 5411 3799 5435 ,

2187 5439 2359 5497 Deum
2391 5439 2705 5495 Trinitatem
2735 5439 3050 5495 ostenderet.

2261 5513 2282 5546 ⁶
2313 5512 2542 5592 Turon.,
2577 5517 2682 5592 tres
2718 5511 2839 5592 deos
2869 5511 3067 5592 dimissa
3096 5513 3416 5592 putaretur,
3447 5507 3601 5565 illico
3631 5501 3802 5561 unita-

2193 5588 2288 5638 tem
2315 5582 2512 5653 divina:
2539 5583 2845 5643 substantia
2869 5582 3152 5653 adjunxit.
3495 5652 3498 5653 ν
3684 5646 3721 5653 __
3788 5639 3797 5649 ,

2262 5656 2283 5690 ⁷
2315 5652 2376 5726 Id
2404 5663 2504 5723 est,
2553 5655 2835 5710 secundum
2867 5646 3140 5724 naturam,
3184 5659 3240 5711 et
3287 5652 3603 5726 opponitur
3653 5646 3799 5705 alteri

2196 5725 2468 5800 membro,
2498 5727 2778 5800 secundum
2803 5743 3082 5800 personas.

2272 5798 2293 5834 ⁸
2323 5798 2519 5866 Laud.,
2551 5798 2827 5871 sapiendoi
