3920 6370
165 347 260 403 5'17
866 351 1236 411 MORALIUM
1274 356 1406 412 LIB.
1452 358 1659 417 XXIX.
1700 392 1771 404 --
1809 363 1880 421 IN
1913 365 2140 423 CAPUT
2180 371 2466 428 XXXVIII
2512 374 2573 429 B.
2615 375 2758 431 JOB.

3360 382 3467 439 518

162 472 358 576 aquila,
384 472 580 571 pennis
621 489 679 529 se
726 481 908 531 tamen
947 476 1081 576 dum
1112 479 1311 576 volant
1330 489 1582 576 tangunt,
1617 485 1747 576 quia
1782 493 1832 552 Α
1862 492 2130 549 Arcturus
2159 495 2425 564 volvitur,
2450 498 2580 569 quia
2597 497 2713 555 haec
2741 499 2798 553 in
2827 503 3007 560 noctis
3036 503 3203 576 hujus
3233 505 3466 565 tribula-

163 569 208 619 et
233 560 570 618 confessione
599 578 825 634 vocum,
861 573 914 621 et
945 566 1217 625 virtutum
1247 571 1355 627 sibi
1385 573 1751 632 unanimitate

157 650 466 723 junguntur.
500 651 655 720 Quod
688 653 816 726 quia
846 656 1019 714 solius
1047 657 1254 716 divinae
1300 661 1528 718 virtutis
1556 671 1657 732 est,
1698 672 1750 722 et

162 739 436 812 disjunctis
465 743 810 814 temporibus
841 745 1036 804 missos
1084 749 1142 804 in
1187 749 1316 807 ﬁdei
1360 751 1750 824 praedicatione

160 828 492 904 conjungere,
524 839 578 888 et
605 829 974 893 dissimilibus
1013 837 1318 897 virtutibus
1356 842 1616 914 praeditos
1644 841 1748 899 ful-

160 935 271 992 gore
298 920 623 977 intentionis
666 921 845 991 unire,
895 933 1044 982 recte
1089 926 1312 992 dicitur,
1347 930 1604 1001 Nunquid
1631 947 1748 986 con-

148 1007 353 1079 jungere
377 1009 573 1064 valebis
602 1011 849 1067 micantes
879 1016 1058 1070 stellas
1087 1017 1332 1073 Pleiades
1353 1020 1380 1074 ἵ
1423 1021 1503 1076 Ac
1523 1020 1570 1075 si
1601 1019 1750 1076 dicat

158 1105 212 1153 ut
238 1113 350 1170 ego,
386 1097 481 1169 qui
513 1113 658 1155 unus
692 1100 881 1158 omnia
928 1102 1150 1175 impleo,
1197 1114 1359 1180 atque
1408 1107 1468 1164 in
1519 1109 1749 1168 unitatis

155 1203 302 1244 sensu
333 1187 636 1246 electorum
668 1198 880 1247 mentes
912 1191 1196 1265 implendo
1227 1195 1525 1271 conjungo.

215 1315 294 1372 72.
325 1316 595 1372 Arcturus
616 1322 778 1373 totam
804 1319 1098 1376 Ecclesium
1125 1321 1408 1396 signiﬁcat.
1439 1327 1599 1382 Docet
1627 1327 1751 1400 fidei

149 1405 295 1461 simul
318 1423 381 1461 ac
409 1406 671 1464 bonorum
690 1425 910 1482 operum
938 1414 1307 1470 necessitatem.
1332 1447 1402 1458 ——
1422 1417 1484 1472 In
1513 1419 1749 1474 Arcturo

149 1504 336 1563 autem,
367 1498 462 1570 qui
510 1517 607 1573 per
649 1518 848 1574 gyrum
895 1519 1058 1560 suum
1107 1515 1381 1563 nocturna
1426 1509 1602 1580 spatia
1635 1526 1746 1565 non

148 1603 421 1644 occasurus
465 1589 738 1661 illustrat,
787 1608 1136 1667 nequaquam
1184 1599 1562 1669 particulatim
1598 1600 1748 1656 edita

152 1681 255 1734 vita
279 1688 621 1751 sanctorum,
656 1683 751 1740 sed
780 1691 896 1739 tota
925 1685 1092 1740 simul
1126 1689 1373 1746 Ecclesia
1401 1690 1743 1762 designatur,

147 1786 254 1842 qua:
283 1769 638 1843 fatigationes
668 1772 891 1846 quidem
924 1776 1150 1846 patitur,
1175 1793 1277 1834 nec
1299 1785 1481 1834 tamen
1503 1779 1572 1835 ad
1599 1779 1746 1836 defe-

1861 582 2106 642 tiouibus
2137 594 2367 644 rotatur.
2401 587 2506 644 Sed
2537 588 2688 646 hunc
2715 592 2936 648 Arcturi
2974 611 3171 667 gyrum
3203 598 3466 672 quando-

1861 691 1966 747 que
1995 676 2264 734 Dominus
2293 677 2546 751 dissipat,
2579 680 2711 753 quia
2739 682 2954 740 labores
2984 686 3242 744 Ecclesiae
3273 689 3345 746 ad
3373 707 3464 748 re-

1862 767 2046 837 quiem
2077 775 2372 840 permutat.
2421 769 2576 829 Tunc
2613 777 2666 828 et
2709 771 2954 829 Pleiades
3001 775 3217 846 plenius
3255 777 3462 852 jungit,

1861 874 1984 913 cum
2017 876 2214 932 gyrum
2261 861 2486 918 Arcturi
2535 861 2790 932 destrbit,
2842 864 2972 938 quia
3018 873 3152 924 tunc
3195 869 3467 926 nimirum

1860 949 2034 1004 sancti
2056 965 2246 1008 omnes
2269 952 2436 1008 etiam
2468 952 2702 1010 visionis
2749 953 2858 1010 sibi
2887 955 3067 1027 specie
3113 957 3464 1028 copulantur,

1862 1037 2082 1108 quando
2121 1040 2179 1096 in
2226 1040 2335 1096 ﬁne
2370 1041 2568 1098 mundi
2596 1051 2786 1100 sancta
2829 1045 3078 1102 Ecclesia
3105 1045 3173 1102 ab
3203 1045 3293 1103 his
3330 1064 3468 1120 quos

1860 1144 2012 1184 nunc
2039 1129 2274 1188 sustinet
2303 1131 2587 1189 laboribus
2618 1133 2875 1191 solvitur.
2907 1135 3068 1193 Dicat
3107 1151 3268 1209 ergo:
3301 1138 3467 1194 Nune-

1859 1217 1990 1288 quid
2011 1219 2326 1291 conjungere
2354 1221 2551 1278 valebis
2588 1223 2839 1279 micantes
2867 1225 3046 1281 stellas
3074 1225 3343 1296 Pleiades,
3376 1233 3471 1282 aut

1857 1324 2049 1378 gyrum
2074 1309 2300 1366 Arcturi
2326 1312 2527 1382 poteris
2566 1311 2874 1385 dissipare?
2911 1314 3186 1372 Subaudis
3242 1325 3303 1373 ut
3347 1333 3466 1389 ego,

1859 1397 1955 1469 qui
1986 1406 2121 1456 tunc
2148 1409 2463 1458 sanctorum
2492 1401 2663 1459 vitam
2694 1404 2860 1461 etiam
2883 1421 2979 1477 per
3006 1405 3246 1478 speciem
3269 1407 3291 1440 ²
3310 1405 3464 1474 unio,

1858 1505 1983 1545 cum
2015 1506 2211 1562 gyrum
2243 1493 2576 1550 universalis
2605 1495 2871 1552 Ecclesiae
2901 1497 3262 1569 corporaliter
3289 1497 3465 1554 solvo.

1857 1580 1929 1635 Et
1957 1582 2082 1654 quis
2121 1581 2415 1641 hominum
2464 1585 2637 1642 solius
2681 1586 2889 1644 divina
2939 1587 3046 1646 hoc
3091 1605 3207 1645 esse
3238 1587 3468 1645 virtutis

1859 1671 2124 1743 ignorat?
2149 1673 2256 1730 Sed
2285 1684 2347 1732 ut
2375 1686 2666 1748 cognoscat
2697 1678 2864 1735 homo
2895 1679 3031 1754 quid
3071 1679 3187 1752 ipse
3212 1680 3305 1750 sit,
3340 1693 3468 1738 me-

1858 1772 2105 1819 moretur
2135 1764 2354 1821 assidue
2379 1767 2515 1838 quid
2543 1768 2694 1824 solus
2724 1769 2995 1825 Dominus
3019 1770 3214 1842 possit.

146 1868 281 1918 ctum
311 1862 526 1934 proprii
556 1870 730 1920 status
762 1864 1093 1922 inclinatur:
1129 1885 1326 1940 gyrum
1364 1869 1615 1925 laborum
1649 1877 1745 1926 to-

1929 1853 2014 1909 73.
2045 1856 2285 1912 Rursum
2308 1873 2409 1928 per
2438 1857 2734 1914 Arcturum
2777 1861 2862 1916 lex
2898 1867 3066 1926 cetus,
3097 1877 3197 1932 per
3225 1859 3468 1918 Pleiades

149 1953 289 2022 lerat,
320 1951 414 2009 sed
442 1951 517 2010 ad
546 1971 801 2012 occasum
835 1973 960 2013 cum
991 1959 1333 2031 temporibus
1365 1977 1475 2016 non
1497 1960 1740 2017 festinat.

144 2040 312 2114 Neque
331 2043 481 2098 enim
507 2042 577 2099 ad
606 2044 717 2100 ima
730 2045 844 2117 poli
867 2047 1136 2104 Arcturus
1159 2065 1284 2105 cum
1304 2057 1577 2106 nocturno
1595 2057 1744 2106 tem-

146 2147 260 2202 pore
279 2131 526 2202 ducitur,
546 2133 638 2190 sed
661 2133 791 2190 dum
816 2134 930 2207 ipse
950 2137 1219 2207 volvitur,
1243 2155 1355 2194 nox
1375 2139 1590 2207 ﬁnitur,
1615 2140 1746 2213 quia

111 2255 118 2265 α
147 2220 393 2278 nimirum
424 2222 563 2279 dum
595 2232 784 2282 sancta
813 2226 1063 2283 Ecclesia
1092 2227 1403 2284 innumeris
1432 2227 1744 2284 tribulatio-

147 2309 294 2366 nibus
325 2313 599 2384 quatitur,
641 2315 928 2387 prassentis
960 2315 1089 2372 vitae
1127 2317 1327 2372 umbra
1375 2317 1739 2384 terminatur;

148 2414 303 2472 eaque
330 2407 513 2456 stante
557 2419 669 2458 nox
699 2405 964 2476 praeterit,
1013 2405 1144 2478 quia
1173 2407 1269 2462 illa
1301 2407 1358 2462 in
1388 2423 1483 2462 sua
1515 2406 1745 2463 incolu-

149 2490 322 2546 mitate
343 2491 704 2564 perdurante,
735 2495 1091 2552 mortalitatis
1121 2496 1288 2570 hujus
1309 2499 1426 2554 vita
1446 2498 1738 2572 percurrit.

150 2574 274 2650 [Vet.
323 2581 556 2656 XXIX]
604 2583 704 2638 Est
743 2583 802 2638 in
851 2585 1088 2641 Arcturo
1145 2587 1293 2659 quod
1341 2587 1744 2644 consideratius

150 2668 407 2738 possimus
437 2670 667 2727 intueri.
701 2673 764 2728 In
794 2680 1002 2745 septem
1033 2675 1236 2748 quippe
1265 2678 1442 2733 stellis
1470 2678 1739 2748 volvitur,

145 2763 190 2812 et
213 2758 374 2816 modo
404 2759 630 2832 quidem
663 2769 775 2817 tres
794 2762 862 2818 ad
883 2779 1099 2819 summa
1123 2765 1322 2835 elevat,
1348 2775 1513 2840 atque
1538 2768 1606 2823 ad
1632 2769 1744 2824 ima

146 2859 364 2922 quatuor
407 2851 664 2919 inclinat,
698 2852 864 2910 modo
907 2858 1054 2916 950
1092 2862 1328 2927 quatuor
1349 2857 1602 2929 superius
1622 2858 1743 2913 eri-

148 2945 232 3015 git,
261 2953 315 3002 et
355 2952 472 3002 tres
503 2945 736 3004 inferius
763 2952 984 3021 premit.
1019 2953 1218 3009 Sancta
1247 2970 1465 3026 quoque
1497 2954 1744 3011 Ecclesia

148 3051 259 3090 cum
309 3035 481 3092 modo
530 3036 849 3095 inﬁdelibus
905 3041 1194 3099 Trinitatis
1249 3044 1526 3112 notitiam,
1577 3044 1742 3101 modo

145 3133 312 3182 autem
344 3126 610 3184 ﬁdelibus
640 3129 875 3188 virtutes
896 3140 1154 3206 quatuor,
1178 3132 1233 3188 id
1254 3142 1334 3189 est
1361 3135 1743 3206 prudentiam,

144 3214 516 3275 fortitudinem
543 3263 558 3288 ,
603 3222 1023 3293 temperantiam
1048 3267 1062 3292 ,
1110 3221 1385 3293 justitiam
1435 3223 1697 3295 praedicat
1723 3267 1737 3293 ,
1769 3251 1812 3312 ο

145 3307 283 3377 quasi
313 3316 504 3366 rotatu
530 3310 939 3382 praedicationis
985 3320 1161 3368 status
1201 3312 1288 3368 sui
1321 3314 1557 3385 speciem
1590 3331 1737 3387 quo—

145 3393 423 3454 dammodo
469 3400 747 3456 immutat.
793 3401 930 3457 Nam
973 3418 1098 3457 cum
1131 3401 1462 3474 quibusdam
1493 3403 1561 3460 de
1601 3420 1742 3476 ope-

147 3485 283 3540 ribus
306 3488 421 3544 suis
451 3489 823 3562 gloriantibus
850 3490 1244 3547 conﬁdentiam
1287 3494 1499 3566 prOprii
1532 3492 1742 3550 laboris

146 3587 373 3648 evacuat,
403 3587 460 3635 et
496 3579 661 3637 ﬁdem
714 3581 1004 3638 Trinitatis
1043 3584 1269 3652 exaltat,
1303 3584 1439 3657 quid
1467 3583 1622 3640 aliud
1652 3584 1743 3640 fa-

145 3668 212 3726 cit
237 3671 341 3727 nisi
365 3678 481 3728 tres
511 3673 698 3729 stellas
739 3678 1010 3732 Arcturus
1057 3677 1256 3744 elevat,
1304 3683 1540 3749 quatuor
1570 3676 1744 3732 incli—

146 3761 269 3817 nat?
297 3762 366 3817 Et
393 3762 533 3818 dum
565 3762 832 3836 quosdam
862 3764 1010 3821 bona
1038 3781 1202 3839 opera
1231 3781 1343 3820 non
1382 3765 1648 3822 habentes
1676 3765 1744 3822 de

146 3850 249 3905 sola
287 3851 392 3908 ﬁde
435 3868 771 3925 praesumere
800 3853 1077 3927 prohibet,
1128 3854 1224 3912 sed
1266 3857 1480 3929 operari
1523 3857 1745 3914 enixius

148 3954 254 4011 qua:
281 3950 555 4016 prmcepta
582 3953 712 4001 sunt
734 3942 914 4017 jubet,
947 3944 1081 4018 quid
1110 3944 1263 4002 aliud
1285 3947 1568 4004 Arcturus
1588 3946 1740 4018 facit,

150 4029 246 4085 nisi
271 4041 512 4104 quatuor
539 4034 730 4091 stellas
759 4036 940 4109 erigit,
973 4044 1083 4094 tres
1131 4035 1411 4110 deponit?
1441 4037 1748 4098 Videamus

151 4123 406 4191 quomodo
445 4132 562 4180 tres
607 4126 809 4196 elevet,
860 4133 1098 4199 quatuor
1151 4126 1410 4199 deponat.
1469 4129 1613 4185 Ecce
1652 4145 1749 4202 per

151 4209 363 4268 Paulum
389 4221 591 4272 contra
618 4215 783 4271 ﬁdem
826 4217 894 4275 de
923 4235 1086 4290 opere
1116 4220 1570 4292 superbientibus
1597 4220 1751 4278 dici-

154 4308 262 4360 tur:
298 4305 355 4361 Si
393 4304 673 4362 Abraham
704 4323 770 4361 ea:
816 4307 1063 4379 operibus
1097 4308 1426 4382 justlﬁcatus
1475 4316 1570 4379 est,
1599 4311 1754 4369 habet

152 4391 379 4463 gloriam,
401 4395 496 4450 sed
521 4411 631 4450 non
655 4397 802 4468 apud
826 4397 995 4453 Deum
1019 4397 1195 4470 (Rom.
1221 4417 1302 4468 Iv,
1328 4400 1409 4472 2).
1433 4399 1579 4468 Quid
1599 4401 1745 4457 enim

154 4479 415 4555 Scriptura
433 4477 576 4541 dicit
596 4485 624 4541 ?
658 4486 899 4542 Credidit
923 4488 1200 4544 Abraham
1228 4489 1356 4557 Deo,
1380 4496 1429 4544 et
1448 4496 1751 4562 reputatum

155 4577 219 4625 est
241 4573 321 4683 illi
349 4576 419 4630 ad
456 4575 729 4646 justitiam
756 4577 972 4648 (Genes.
1004 4593 1104 4683 xv,
1136 4578 1217 4650 6).
1253 4577 1553 4683 Videamus
1587 4596 1750 4683 'quo-
1779 4623 1828 4683 Π

157 4663 304 4721 modo
331 4673 568 4739 quatuor
605 4666 806 4735 elevet,
836 4675 950 4723 tres
988 4666 1245 4739 deponat.
1279 4667 1422 4725 Ecce
1450 4684 1548 4741 per
1580 4669 1749 4725 Jaco-

155 4748 274 4809 bum
305 4756 322 4789 ¹
357 4755 424 4812 de
455 4754 564 4813 ﬁde
592 4765 788 4813 contra
813 4773 980 4830 opera
1007 4757 1457 4828 superbientibus
1487 4758 1698 4816 dicitur
1730 4778 1742 4816 :

159 4839 290 4896 Sicut
313 4861 501 4918 corpus
541 4846 654 4902 sine
701 4846 899 4918 spiritu
924 4852 1195 4902 mortuum
1226 4853 1318 4915 est,
1350 4848 1427 4903 ita
1465 4848 1594 4920 ﬁdes
1637 4849 1750 4905 sine

158 4934 383 5002 operibus
397 4943 616 4993 mortua
635 4943 709 4993 est
733 4937 872 5009 (Jac.
902 4954 964 5008 η,
986 4937 1103 5008 26).
1127 4938 1398 4995 Arcturus
1424 4939 1610 5011 itaque
1630 4939 1746 4995 vol-

160 5020 316 5094 vitur,
349 5027 479 5099 quia
504 5035 694 5084 sancta
717 5027 971 5085 Ecclesia
983 5024 1149 5098 juxta
1175 5026 1494 5084 auditorum
1519 5045 1746 5086 suorum

161 5120 354 5174 mentes
370 5117 429 5174 in
449 5116 670 5176 diverso
689 5119 860 5176 latere
879 5118 1298 5193 pradicationis
1323 5126 1441 5177 arte
1469 5127 1744 5180 versatur.

228 5301 244 5382 ξ
291 5303 551 5382 Corrupte
596 5311 655 5366 in
702 5311 896 5378 Gilot.,
939 5309 1144 5381 Vatic.,
1197 5311 1467 5369 Gussanv.
1521 5321 1576 5368 et
1618 5311 1743 5367 aliis

161 5371 255 5456 Ed.
301 5371 480 5456 etia_m‘
502 5385 714 5456 antiqui
743 5383 804 5456 de
832 5371 934 5455 fide
959 5385 1079 5456 sine
1117 5371 1291 5456 dpere.
1327 5385 1463 5456 Nam
1498 5385 1742 5455 Anglic,

162 5400 255 5432 ω.
301 5400 460 5437 etiam
502 5400 618 5439 anu
666 5427 702 5450 .,
743 5400 804 5437 ae
832 5400 934 5455 nae
969 5401 1079 5440 sine
1117 5403 1291 5456 opere.
1327 5400 1463 5440 nam
1498 5400 1741 5455 angue,

162 5443 358 5529 iterm“
390 5400 911 5529 'I‘_uror_1.,qVindoc.,
944 5455 1104 5512 Corb.
1139 5457 1326 5513 Germ.
1360 5455 1566 5529 aliique
1613 5456 1741 5512 Mss.

165 5514 371 5597 habent,
401 5525 461 5597 de
488 5514 804 5597 fide'contra
834 5514 1013 5597 opera.

228 5589 249 5664 ξ
276 5589 466 5664 Laud.,
488 5589 690 5653 munia.

228 5662 248 5694 ³
276 5663 354 5739 I_t_a
382 5662 542 5726 Corb.
575 5669 786 5739 Germ.,
816 5669 1077 5738 Vindoc.,
1117 5669 1314 5738 Laud.,
1346 5669 1568 5726 Ebroic.
1609 5668 1748 5724 alii-

195 5746 266 5824 ξιξ
276 5735 510 5824 Abiorrn,
525 5735 1016 5824 ne.cnon_pleri‘que
1045 5735 1219 5796 Editi.
1239 5735 1504 5815 corrupte
1535 5758 1665 5797 vero
1689 5741 1744 5795 in

208 5809 462 5885 ussanvil.
499 5812 696 5885 legitur
724 5809 1055 5885 Pleiadibus.

229 5876 248 5910 ⁴
277 5878 385 5948 AL,
420 5876 634 5954 quaq'ua
678 5890 874 5954 autem,
919 5892 980 5942 ut
1010 5883 1177 5942 habes
1223 5884 1281 5941 in
1313 5885 1475 5943 Corb.
1527 5885 1740 5952 Germ.,

1853 1944 1992 2004 Novi
2027 1947 2340 2001 Testamenti
2377 1949 2554 2017 gratia
2583 1948 2848 2019 signatur.
2879 1979 2952 1991 —
2982 1947 3255 2006 Habemus
3285 1947 3467 2005 adhuc

1854 2033 2002 2107 quod
2033 2034 2100 2090 de
2131 2036 2308 2091 stellis
2339 2035 2657 2095 Pleiadibus
2685 2048 2849 2113 atque
2877 2040 3117 2098 Arctum
3145 2038 3302 2096 aliud
3331 2054 3466 2096 sen-

1855 2124 2078 2181 tiamus.
2104 2127 2123 2160 ³
2154 2126 2402 2184 Pleiades
2427 2129 2630 2202 quippe
2659 2130 2726 2188 ab
2758 2131 3002 2198 Oriente,
3039 2132 3311 2188 Arcturus
3332 2146 3466 2186 vero

1853 2230 1922 2270 ex
1969 2224 2124 2287 parte
2166 2216 2464 2290 Aquilonis
2509 2219 2703 2292 surgit.
2737 2221 2760 2255 ἰ
2792 2219 3152 2294 Quocumque
3193 2229 3374 2276 autem
3404 2235 3464 2276 se

1853 2321 1948 2377 per
1981 2321 2180 2379 gyrum
2210 2323 2370 2363 suum
2401 2307 2675 2366 Arcturus
2705 2310 2956 2378 verterit,
2988 2309 3236 2367 Pleiades
3266 2319 3464 2367 osten-

1852 2394 1974 2463 dit;
2012 2403 2068 2452 et
2093 2412 2221 2454 cum
2251 2397 2350 2454 lux
2380 2397 2492 2455 diei
2515 2397 2631 2471 jam
2663 2399 2852 2457 vicina
2891 2399 3149 2470 efﬁcitur,
3181 2402 3465 2458 stellarum

1853 2484 1970 2556 ejus
1991 2485 2128 2544 ordo
2157 2487 2178 2524 ⁸
2209 2486 2568 2544 distenditur.
2601 2489 2786 2546 Potest
2815 2490 2991 2563 igitur
3018 2506 3114 2563 per
3141 2492 3462 2559 Arcturum,

1852 2575 1947 2648 qui
1977 2592 2010 2632 a
2037 2577 2197 2649 plaga
2226 2577 2450 2650 frigoris
2479 2577 2746 2648 nascitur,
2781 2579 2904 2647 lex;
2930 2596 3026 2653 per
3041 2579 3290 2637 Pleiades
3309 2596 3462 2647 vero,

1853 2681 1974 2737 quae
1996 2665 2064 2722 ab
2095 2668 2321 2725 Oriente
2349 2678 2584 2741 surgunt
2617 2669 2956 2726 Testamenti
2984 2670 3128 2727 Novi
3157 2671 3332 2743 gratia
3357 2669 3465 2727 de-

1852 2753 2076 2826 signari.
2112 2757 2279 2823 Quasi
2324 2759 2472 2814 enim
2521 2759 2592 2815 ab
2637 2761 2916 2833 Aquilone
2946 2761 3036 2817 lex
3066 2770 3312 2830 venerat,
3346 2775 3463 2831 quae

1853 2852 2004 2899 tanta
2049 2845 2303 2902 subditos
2348 2847 2651 2919 rigiditatis
2695 2850 2992 2921 asperitate
3038 2850 3294 2907 terrebat.
3325 2848 3461 2904 Nam

1852 2933 1984 2990 dum
2014 2951 2117 3006 pro
2141 2935 2321 3007 culpis
2341 2937 2457 2992 suis
2473 2937 2612 2992 alios
2633 2939 2954 3011 praeciperet
2975 2940 3250 3012 lapidibus
3275 2937 3460 3005 obrui,

1851 3025 1989 3081 alios
2021 3025 2188 3097 gladii
2220 3034 2396 3082 morte
2428 3027 2707 3096 mulctari,
2743 3029 2902 3101 plaga
2929 3037 3172 3102 torpens,
3208 3037 3261 3084 et
3304 3028 3461 3082 velut

1851 3132 1882 3171 a
1911 3115 2024 3170 sole
2045 3114 2197 3172 chari
2207 3115 2334 3171 tatis
2349 3116 2549 3184 aliena,
2574 3126 2976 3190 praeceptorum
2995 3133 3224 3173 suorum
3245 3117 3463 3174 semina

1852 3205 1976 3276 plus
2004 3205 2287 3277 premebat
2314 3221 2385 3261 ex
2413 3206 2619 3279 frigore
2647 3225 2812 3282 quam
2843 3224 2911 3264 ex
2940 3207 3124 3263 calore
3153 3205 3458 3264 nutriebat.

1853 3294 2022 3368 Cujus
2051 3296 2422 3369 oppressionis
2471 3299 2690 3370 pondus
2737 3300 2929 3356 Petrus
2977 3298 3286 3367 horruerat,
3330 3313 3461 3355 cum

1852 3384 2104 3442 dicebat:
2142 3387 2281 3454 Quid
2326 3389 2532 3443 tentatis
2559 3390 2748 3457 Deum,
2785 3389 3049 3461 imponere
3083 3389 3277 3461 jugum
3305 3405 3466 3461 super

1852 3476 2103 3532 cervicem
2143 3476 2549 3548 discipulorum,
2591 3478 2733 3549 quod
2769 3495 2932 3550 neque
2963 3485 3141 3551 patres
3180 3478 3353 3534 nostri
3380 3495 3465 3533 ne-

1853 3581 1950 3636 que
1977 3583 2072 3621 nos
2098 3573 2320 3637 porta-re
2342 3567 2612 3638 potuimus
2645 3565 2786 3639 (Aet.
2820 3585 2917 3637 xv,
2949 3569 3038 3640 10)
3059 3569 3088 3624 ?
3115 3567 3226 3625 Nec
3259 3567 3464 3624 mirum

1855 3655 2004 3727 quod
2034 3672 2130 3728 per
2158 3656 2386 3714 Arcturi
2426 3663 2634 3729 septem
2682 3659 2868 3714 stellas
2913 3659 3325 3714 Testamentum
3359 3655 3462 3714 Ve-

1855 3753 1945 3802 tus
1973 3746 2329 3818 exprimitur,
2378 3747 2510 3821 quia
2537 3754 2592 3803 et
2618 3748 2974 3805 veneratione
3004 3748 3139 3821 legis
3169 3751 3309 3810 951
3345 3745 3466 3803 dies

1856 3843 2122 3916 septimus
2159 3844 2377 3901 exstitit
2406 3845 2429 3880 ⁶
2458 3843 2815 3914 venerabilis,
2848 3853 2902 3902 et
2929 3859 3025 3918 per
3054 3842 3464 3902 hebdomadam

1856 3933 2124 4007 integram
2143 3933 2432 3992 constituti
2451 3932 2712 3990 sacriﬁcii
2728 3942 2857 3990 vota
2876 3934 3262 3991 tendebantur.
3285 3931 3464 3988 Pleia-

1857 4023 1952 4080 des
1968 4040 2100 4080 vero
2115 4040 2236 4096 quas
2253 4023 2382 4095 ipsas
2399 4024 2791 4097 quoque,sicut
2805 4024 3056 4096 superius
3070 4023 3466 4096 diximus,sep-

1856 4125 1966 4172 tem
1997 4123 2146 4183 sunt,
2175 4115 2508 4172 Testamenti
2528 4114 2671 4172 Novi
2699 4115 2929 4187 gratiam
2954 4121 3108 4170 tanto
3124 4114 3370 4187 apertius
3386 4113 3469 4170 in-

1857 4207 2064 4275 dicant,
2095 4213 2302 4280 quanto
2330 4205 2517 4263 cuncti
2565 4205 2782 4280 liquido
2810 4204 3108 4274 cernimus,
3142 4206 3163 4241 ⁷
3195 4203 3343 4279 quod
3373 4220 3469 4277 per

1859 4295 2012 4352 illam
2041 4293 2231 4353 ﬁdeles
2269 4312 2397 4353 suos
2442 4295 2684 4369 Spiritus
2710 4301 2934 4352 sanctus
2963 4294 3303 4368 septiformis
3333 4311 3468 4350 mu—

1859 4385 2006 4442 neris
2036 4385 2246 4442 lumine
2293 4386 2554 4443 illustrat.
2606 4385 2835 4458 Quaqua
2883 4383 3052 4457 igitur
3097 4401 3154 4442 se
3196 4385 3470 4441 Arcturus

1860 4477 2047 4544 vertit,
2080 4475 2326 4533 Pleiades
2355 4475 2614 4543 ostendit,
2665 4475 2796 4549 quia
2833 4491 2930 4547 per
2961 4490 3126 4532 omne
3167 4474 3315 4548 quod
3354 4473 3469 4530 Te-

1858 4575 2192 4624 stamentum
2221 4565 2394 4624 Vetus
2437 4567 2686 4640 loquitur
2731 4566 3068 4622 Testamenti
3115 4564 3254 4622 Novi
3297 4580 3470 4637 opera

1857 4657 2203 4714 nuntiantur.
2237 4657 2351 4714 Sub
2379 4665 2537 4713 textu
2566 4656 2714 4711 enim
2749 4655 2947 4712 litterae
2976 4655 3112 4727 tegit
3140 4654 3469 4728 mysterium

1859 4746 2181 4819 prophetiae.
2212 4747 2285 4802 Et
2314 4747 2469 4820 quasi
2502 4747 2738 4804 inclinat
2765 4761 2822 4802 se
2849 4746 3123 4801 Arcturus
3145 4751 3199 4801 et
3227 4744 3472 4800 demou-

1859 4843 2016 4907 strat,
2048 4839 2179 4910 quia
2205 4836 2275 4892 ad
2304 4835 2438 4893 dum
2469 4835 2773 4907 spiritalem
2824 4833 3166 4891 intellectum
3207 4831 3467 4902 flectitur,

1857 4925 2165 4998 signiﬁcata
2193 4943 2288 4998 per
2317 4924 2458 4981 illud
2488 4924 2586 4981 lux
2615 4926 2805 4998 gratim
2831 4923 3170 4996 septiformis
3198 4921 3468 4993 aperitur.

1857 5015 1929 5070 Et
1958 5015 2362 5088 propinquante
2391 5015 2502 5072 diei
2533 5015 2674 5084 luce,
2697 5015 2982 5072 stellarum
3011 5011 3130 5083 ejus
3159 5008 3297 5066 ordo
3333 5009 3354 5045 ⁸
3381 5008 3466 5067 di-

1858 5103 2152 5175 stenditur,
2197 5106 2328 5178 quia
2372 5114 2662 5179 postquam
2703 5105 2724 5141 9
2773 5118 2872 5178 per
2901 5098 3254 5174 semetipsam
3301 5097 3472 5156 nobis

1861 5294 2117 5363 Vindoc.,
2152 5296 2372 5353 Ebroic.
2405 5294 2638 5366 aliisque
2668 5293 2861 5350 Norm.

1930 5372 1950 5404 ⁵
1983 5369 2178 5435 Laud.,
2214 5369 2531 5423 ostenditur.

1929 5443 1950 5476 θ
1983 5434 2492 5496 Abestvenerabilis
2521 5456 2552 5494 a
2580 5439 2708 5494 Mss.
2738 5434 2904 5496 Corb.
2935 5437 3142 5507 Germ.,
3176 5435 3463 5507 Laudun.,

1857 5513 2056 5568 Pratel.
2093 5513 2326 5568 aliisaue
2356 5511 2546 5566 Norm.

1927 5587 1946 5620 7
1998 5583 2168 5639 Iidem
2225 5582 2384 5651 Cod.,
2443 5583 2583 5654 quod
2617 5600 2714 5654 per
2768 5583 2925 5651 illud,
2977 5583 3242 5641 nimirum
3306 5586 3473 5636 testa-

1857 5663 2112 5712 mentum.

1932 5729 1952 5762 ³
1982 5728 2180 5794 Laud.,
2206 5728 2523 5783 ostenditur.

1929 5801 1950 5836 9
1981 5799 2243 5868 Vindoc.,
2277 5806 2395 5872 post
2432 5799 2784 5871 semetipsum.
