3920 6374
448 381 554 441 519

1645 376 1894 436 SANCTI
1930 375 2269 434 GREGORII
2305 375 2534 435 MAGNI

3663 367 3776 429 520

449 507 666 564 Veritas
711 503 976 572 innotuit,
1025 502 1094 560 ab
1145 501 1426 577 obsequiis
1473 500 1786 560 carnalibus
1851 500 2046 557 litteras
2082 503 2134 564 Α
2181 519 2316 574 pore
2342 518 2458 571 suo,
2496 507 2544 558 et
2581 516 2855 574 vesperum
2867 514 3028 572 super
3071 497 3213 572 ﬁlios
3259 503 3415 554 terra:
3455 511 3777 568 consurgere

447 600 718 669 pmcepta
742 592 973 649 laxavit.

519 681 660 757 [νει.
693 681 890 756 XXX]
923 682 1008 739 74.
1045 681 1290 739 Christus
1323 682 1468 738 solus
1505 697 1678 736 omnes
1721 679 1890 736 sancti
1933 679 2047 752 Spi-

445 773 584 829 ritus
621 773 952 845 operationes
996 771 1054 826 in
1089 789 1143 827 se
1187 777 1452 828 manentes
1484 770 1685 826 habuit.
1721 800 1792 812 —
1819 768 2047 827 Redem-

446 869 572 935 ptor
597 871 782 919 autem
812 869 997 917 noster
1025 860 1083 916 in
1114 876 1278 919 carne
1306 861 1536 916 veniens
1563 859 1809 916 Pleiades
1833 857 2044 932 junxit,

446 951 579 1024 quia
605 950 950 1024 operationes
978 949 1320 1023 septiformis
1345 949 1584 1022 Spiritus
1603 949 1770 1005 simul
1789 949 1850 1005 in
1873 964 1930 1004 se
1957 950 1969 983 ¹
1994 955 2050 1004 et

444 1049 670 1098 cunctas
697 1048 752 1096 et
780 1047 1065 1097 manentes
1093 1038 1311 1095 habuit.
1335 1039 1414 1095 De
1441 1054 1550 1111 quo
1571 1054 1666 1110 per
1693 1038 1890 1094 Isaiam
1911 1037 2048 1095 dici-

444 1138 568 1186 tur:
592 1129 911 1202 Egredietur
936 1129 1174 1205 oi-rgade
1195 1129 1377 1184 radice
1403 1128 1566 1195 Iesse,
1587 1134 1635 1183 et
1651 1130 1749 1198 ﬂos
1777 1128 1840 1184 de
1871 1128 2052 1184 radice

445 1221 562 1294 ejus
587 1219 848 1285 ascendet,
874 1225 922 1275 et
943 1220 1226 1291 requiescet
1244 1235 1404 1291 super
1421 1235 1539 1274 eum
1556 1219 1790 1290 Spiritus
1808 1217 2048 1286 Domini,

444 1308 666 1382 spiritus
692 1309 964 1380 sapientiae
987 1315 1038 1364 et
1061 1309 1370 1377 intellectus,
1394 1309 1619 1381 spiritus
1637 1307 1848 1364 consilii
1865 1312 1914 1362 et
1935 1305 2049 1378 for-

447 1399 708 1466 titudinis,
729 1399 950 1472 spiritus
977 1399 1208 1456 scientiae
1233 1407 1284 1456 et
1301 1399 1535 1472 pietatis,
1563 1399 1585 1434 ³
1613 1405 1661 1454 et
1688 1398 1909 1470 replebit
1935 1412 2053 1452 eum

443 1489 664 1562 spiritus
695 1489 902 1544 timoris
919 1489 1140 1546 Domini
1163 1489 1320 1562 (Isai.
1353 1505 1435 1558 χι,
1459 1487 1596 1561 1-3).
1616 1489 1694 1544 De
1709 1503 1820 1561 quo
1849 1485 2052 1543 Zacha-

443 1580 552 1636 rias
597 1580 711 1636 ait:
774 1580 946 1652 Super
999 1579 1231 1652 lapidem
1276 1594 1441 1637 unum
1486 1584 1677 1650 septem
1729 1576 1870 1632 oculi
1927 1580 2054 1630 sunt

442 1669 638 1741 (Zach.
659 1686 744 1736 ιιι,
773 1669 858 1741 9).
889 1670 1071 1742 Atque
1095 1669 1330 1726 iterum:
1361 1671 1437 1725 Et
1462 1668 1522 1723 in
1539 1667 1856 1723 candelabro
1886 1681 2050 1722 aureo

449 1758 672 1812 lucerna:
698 1764 888 1828 septem
916 1757 1107 1829 (1bid.,
1137 1773 1216 1826 tv,
1245 1757 1326 1829 2).
1370 1755 1569 1812 Nullus
1597 1771 1730 1812 vero
1759 1755 2050 1810 hominum

446 1845 791 1934 operationes
819 1845 996 1902 sancti
1027 1845 1266 1918 Spiritus
1294 1843 1462 1902 simul
1482 1859 1675 1899 omnes
1704 1842 1922 1911 habuit,
1940 1843 2051 1899 nisi
2081 1873 2129 1934 Β

445 1933 596 1990 solus
623 1933 891 1990 Mediator
915 1935 1016 1991 Dei
1044 1943 1100 1992 et
1128 1933 1442 2002 hominum,
1463 1932 1624 2006 cujus
1651 1940 1732 1989 est
1762 1932 1909 1988 idem
1931 1931 2047 2005 Spi~

447 2023 606 2092 ritus,
638 2022 733 2096 qui
761 2023 829 2080 de
860 2023 1020 2081 Patre
1047 2032 1175 2082 ante
1202 2025 1403 2082 saecula
1429 2022 1702 2096 procedit.
1739 2023 1886 2079 Bene
1918 2038 2048 2094 ergo

445 2112 682 2170 dicitur:
714 2113 884 2185 Super
909 2113 1139 2186 lapidem
1167 2131 1330 2170 unum
1363 2119 1556 2185 septem
1575 2112 1717 2170 oculi
1735 2117 1879 2168 sunt.
1904 2112 2049 2168 Huic

446 2203 595 2260 enim
622 2201 793 2276 lapidi
819 2211 1026 2276 septem
1055 2203 1246 2260 oculos
1274 2202 1475 2261 habere
1505 2213 1588 2260 est
1625 2202 1793 2260 simul
1823 2218 2046 2258 omnem

445 2293 706 2349 virtutem
754 2292 994 2365 Spiritus
1040 2293 1378 2366 septiformis
1423 2293 1610 2366 gratim
1639 2293 1698 2348 in
1729 2292 2048 2365 operatione

448 2383 699 2440 retinere.
730 2382 890 2440 Alius
910 2399 1146 2456 namque
1177 2383 1544 2455 prophetiam,
1573 2381 1715 2439 alius
1735 2381 2046 2447 scientiam,

445 2475 586 2532 alius
615 2473 867 2542 virtutes,
917 2470 1059 2530 alius
1089 2488 1286 2544 genera
1315 2472 1654 2544 linguarum,
1693 2473 1836 2529 alius
1868 2471 2050 2528 inter-

451 2564 784 2638 pretationes
811 2579 1128 2620 sermonum
1170 2561 1333 2636 juxta
1377 2562 1829 2620 distributionem
1870 2562 2048 2620 sancti

445 2653 682 2726 Spiritus
721 2652 924 2725 accipit
971 2653 1031 2725 (Ι
1071 2653 1198 2711 Cor.
1230 2669 1334 2722 xu,
1365 2653 1454 2725 8);
1503 2651 1573 2708 ad
1622 2651 1875 2708 habenda
1915 2667 2047 2708 vero

445 2749 641 2799 cuncta
667 2739 912 2814 ejusdem
940 2741 1178 2814 Spiritus
1203 2757 1433 2798 munera
1461 2758 1624 2799 nemo
1653 2743 1939 2816 pertingit.
1975 2743 2047 2798 At

445 2846 576 2888 vero
606 2830 859 2889 conditor
888 2840 1074 2887 noster
1103 2831 1322 2889 inﬁrma
1351 2840 1538 2889 nostra
1567 2831 1894 2904 suscipiens,
1915 2832 2048 2905 quia

446 2935 541 2992 per
569 2918 882 2977 divinitatis
897 2937 1009 2978 suae
1030 2921 1332 2994 potentiam
1361 2921 1530 2978 simul
1560 2937 1617 2979 se
1637 2920 1838 2978 habere
1855 2937 2046 2977 omnes

444 3009 619 3066 sancti
665 3009 903 3082 Spiritus
949 3011 1184 3070 virtutes
1240 3011 1483 3081 edocuit,
1531 3012 1798 3070 micantes
1853 3010 2044 3084 procul

409 3098 614 3156 .dubio
641 3098 888 3156 Pleiades
921 3101 1134 3173 junxit.
1179 3103 1325 3160 Dum
1373 3118 1504 3158 vero
1551 3100 1798 3158 Pleiades
1837 3099 2042 3174 jungit,

443 3190 666 3246 Arcturi
714 3205 911 3262 gyrum
958 3193 1211 3265 dissipat,
1242 3193 1373 3266 quia
1417 3191 1549 3249 dum
1579 3192 1936 3263 semetipsum
1966 3190 2043 3246 fa-

443 3288 592 3336 ctum
622 3279 908 3337 hominem
939 3279 1138 3338 habere
1167 3291 1396 3341 cunctas
1425 3283 1602 3340 sancti
1631 3282 1871 3355 Spiritus
1903 3298 2044 3354 ope-

443 3370 682 3425 rationes
710 3369 976 3440 innotuit,
1024 3369 1084 3425 in
1121 3371 1470 3428 Testamento
1499 3371 1689 3428 Veteri
1731 3371 1927 3430 litterae
1969 3371 2042 3426 la-

441 3458 633 3514 horem
665 3459 853 3528 solvit,
896 3465 960 3514 ut
1005 3457 1185 3516 ﬁdelis
1213 3463 1447 3535 quisque
1471 3459 1588 3532 jam
1631 3476 1760 3516 cum
1789 3460 2044 3516 libertate

441 3547 668 3621 spiritus
695 3547 838 3605 illud
868 3549 1142 3622 intelligat
1167 3549 1260 3607 cui
1299 3549 1454 3622 prius
1483 3549 1538 3605 in
1570 3548 1871 3606 formidine
1902 3547 2046 3604 inter

441 3644 522 3692 tot
549 3637 873 3694 discrimina
903 3637 1199 3695 serviebat.
1231 3636 1440 3693 Audiat
1470 3637 1653 3712 itaque
1683 3637 1872 3696 beatus
1900 3637 2002 3694 Job
2026 3655 2040 3694 :

441 3727 696 3800 Nunquid
720 3729 1032 3800 conjungere
1060 3726 1256 3782 valebis
1282 3726 1531 3783 micantes
1558 3729 1737 3784 stellas
1756 3727 1998 3784 Pleiades
2013 3729 2042 3784 ?

440 3821 522 3876 Ac
547 3820 594 3876 si
622 3827 808 3893 aperte
845 3818 1156 3877 diceretur:
1191 3817 1404 3876 Habere
1433 3819 1656 3892 quidem
1679 3819 1894 3877 lumina
1912 3835 2041 3893 qua-

438 3908 696 3966 rumdam
715 3910 990 3967 virtutum
1008 3918 1185 3983 potes,
1207 3909 1304 3966 sed
1325 3909 1576 3983 nunquid
1599 3925 1853 3967 exercere
1873 3908 2040 3965 simul

437 4015 628 4057 omnes
654 4000 998 4074 operationes
1025 4001 1203 4057 sancti
1233 3999 1472 4073 Spiritus
1505 3998 1713 4056 suﬂicis
1731 3999 1760 4056 ?
1797 3999 1884 4056 Me
1911 4016 2040 4072 ergo

437 4089 861 4164 conjungentem
875 4089 1124 4148 Pleiades
1141 4090 1199 4147 in
1229 4091 1446 4150 cunctis
1465 4089 1770 4162 virtutibus
1796 4097 2039 4147 contem-

438 4178 608 4250 plare,
633 4188 690 4236 et
718 4190 780 4236 tu
809 4179 879 4238 de
907 4182 1096 4253 paucis
1124 4181 1192 4239 ab
1223 4181 1462 4238 elatione
1486 4195 1855 4253 compescere.
1890 4177 2039 4235 Audi

437 4266 586 4340 quod
611 4266 852 4324 dicitur:
898 4269 1010 4326 Aut
1035 4287 1226 4342 gyrum
1252 4271 1480 4327 Arcturi
1499 4271 1700 4342 poteris
1733 4267 1996 4341 dissipare
2011 4269 2040 4326 ἵ

439 4359 518 4413 Ac
547 4357 594 4412 si
622 4357 674 4412 ei
719 4364 902 4430 aperte
931 4357 1208 4414 diceretur
1233 4376 1244 4414 :
1277 4360 1350 4415 Et
1380 4359 1429 4416 si
1460 4359 1575 4432 ipse
1598 4359 1714 4431 jam
1744 4374 1864 4431 quae
1891 4367 2042 4415 recta

437 4453 566 4502 sunt
579 4446 769 4516 sentis,
788 4445 1042 4520 nunquid
1057 4447 1265 4503 virtute
1279 4455 1374 4504 tua
1387 4449 1553 4504 etiam
1572 4449 1629 4504 in
1651 4447 1850 4504 alienis
1863 4446 2040 4504 cordi-

438 4533 542 4592 bus
569 4533 811 4592 laborem
839 4534 1127 4608 grossioris
1155 4535 1539 4608 intelligentiae
1577 4536 1817 4592 destruis
1837 4536 1866 4592 ?
1891 4541 2036 4599 952

439 4631 524 4690 Me
549 4631 734 4707 itaque
760 4631 1069 4703 considera,
1101 4633 1196 4708 qui
1227 4634 1532 4691 carnalium
1580 4635 1752 4692 stulta
1797 4635 2033 4707 corrigo,
2066 4608 2117 4668 D

437 4721 570 4780 dum
602 4739 689 4780 me
705 4740 802 4796 per
824 4723 1006 4782 carnis
1021 4724 1317 4781 stultitiam
1337 4724 1650 4794 manifesto,
1672 4732 1735 4781 ut
1753 4733 1907 4782 tanto
1923 4739 2036 4780 ma-

437 4813 518 4884 gis
547 4811 666 4871 hasc
694 4830 815 4888 quas
844 4823 1004 4887 putas
1021 4815 1293 4872 virtutum
1323 4822 1541 4871 tuarum
1566 4813 1730 4870 fortia
1750 4812 2033 4884 bumilies,

437 4915 642 4980 quanto
668 4921 771 4963 nec
797 4905 1030 4978 vestigia
1074 4921 1210 4962 mea:
1255 4903 1598 4960 inﬁrmitatis
1644 4902 2033 4976 apprehendis.

436 4992 577 5062 Quia
603 5011 734 5053 vero
774 4996 833 5052 in
865 4995 983 5068 ipso
1012 4993 1309 5053 dominicas
1340 4994 1742 5052 incarnationis
1771 4992 2037 5066 mysterio

434 5083 558 5142 aliis
577 5086 676 5143 lux
703 5085 956 5144 veritatis
983 5083 1317 5154 ostenditur,
1338 5085 1577 5141 aliorum
1606 5101 1738 5141 vero
1768 5100 1866 5157 per
1883 5098 2037 5143 scan-

435 5171 622 5232 dalum
658 5175 828 5235 corda
847 5175 1228 5244 tenebrantur,
1261 5182 1406 5232 recte
1435 5172 1826 5247 subjungitur:

788 5285 1018 5346 CAPUT
1045 5285 1263 5344 xxxn
1293 5283 1438 5359 [Rec.
1469 5284 1674 5360 xm].

504 5371 679 5434 Vnus.
709 5373 796 5433 32.
828 5407 900 5420 —-—
929 5377 1188 5450 Nunquid
1208 5379 1229 5412 ³
1245 5377 1500 5448 producis
1523 5375 1803 5446 luciferum
1830 5375 1888 5430 in
1919 5379 2038 5429 tem-
2075 5372 2078 5381 ’

438 5638 538 5763 ha;
587 5637 842 5763 .It.ongip.,
901 5643 949 5694 et
1011 5637 1320 5708 conjunctas
1371 5639 1604 5697 innotuit
1665 5646 1714 5696 et
1774 5647 2038 5698 manentes

541 5726 598 5763 ut
628 5752 640 5763 .

541 5726 640 5765 ιιιι.

509 5780 533 5815 ³
561 5779 758 5848 Laud.,
786 5786 836 5837 et
860 5780 1100 5848 replevit.

510 5851 530 5885 ³
560 5851 753 5924 Laud.,
776 5851 1128 5927 produces...
1158 5869 1468 5924 consurgere
1497 5855 1678 5925 facies.

2074 3239 2118 3300 Ο

2157 590 2298 661 facis
2317 592 2346 648 ?

2231 679 2316 736 75.
2344 679 2589 736 Christus
2607 695 2764 734 verus
2787 677 3000 748 lucifer,
3021 674 3251 732 maxime
3273 675 3331 730 in
3349 672 3739 730 resurrectione
3753 689 3777 738 ;

2155 787 2338 842 vesper
2365 777 2539 827 autem
2567 769 2948 825 Antichristus.
2980 768 3118 824 Huic
3145 765 3290 836 juste
3323 765 3628 822 subdantur
3665 763 3778 819 ho-

2155 860 2320 914 mines
2350 865 2506 915 terra:
2536 859 2716 914 dediti.
2751 889 2822 900 —
2851 858 3011 914 Pater
3055 856 3258 930 quippe
3289 856 3348 912 in
3387 863 3636 927 tempore
3665 869 3778 910 suo

2156 948 2449 1006 luciferum
2483 949 2766 1022 produxit,
2787 1003 2794 1011 .
2817 948 2968 1022 quia,
3010 947 3154 1002 sicut
3185 945 3450 1018 scriptum
3481 950 3598 1000 est:
3637 943 3778 1000 Cum

2156 1039 2296 1094 venit
2331 1039 2608 1111 plenitudo
2650 1037 2921 1110 temporis,
2967 1036 3116 1091 misit
3153 1036 3294 1092 Deus
3340 1033 3544 1091 Filium
3584 1047 3775 1098 suum,

2156 1134 2341 1184 natum
2388 1146 2453 1184 ea:
2493 1129 2738 1195 muliere,
2776 1127 2980 1199 factum
3024 1125 3118 1181 sub
3177 1126 3298 1195 lege,
3340 1129 3398 1179 ut
3431 1140 3515 1178 eos
3558 1122 3654 1194 qui
3689 1118 3780 1176 sui

2161 1221 2264 1292 lege
2281 1226 2452 1289 erant,
2477 1220 2754 1275 redimeret
2775 1218 2926 1291 (Gal.
2951 1233 3030 1284 Iv,
3053 1215 3106 1284 4,
3129 1215 3210 1287 5).
3234 1214 3342 1282 Qui
3363 1222 3528 1270 natus
3552 1228 3624 1269 ex
3645 1211 3776 1268 Vir.

2159 1309 2303 1382 gine,
2336 1309 2491 1366 velut
2521 1307 2721 1366 lucifer
2749 1308 2896 1363 inter
2925 1306 3181 1362 tenebras
3209 1311 3414 1360 nostra:
3444 1303 3625 1360 noctis
3663 1315 3779 1374 ap-

2159 1399 2361 1472 paruit,
2412 1400 2561 1473 quia,
2606 1397 2795 1470 fugata
2836 1395 3172 1453 obscuritate
3215 1395 3448 1467 peccati,
3496 1400 3776 1452 aeternum

2158 1487 2320 1544 nobis
2349 1503 2510 1544 mane
2539 1487 2838 1544 nuntiavit.
2868 1485 3190 1542 Luciferum
3220 1500 3352 1541 vero
3396 1499 3454 1540 se
3493 1482 3775 1550 innotuit,

2159 1577 2290 1649 quia
2317 1576 2566 1634 diluculo
2609 1593 2680 1634 ex
2723 1585 2900 1634 morte
2928 1575 3193 1645 surrexit,
3226 1582 3280 1631 et
3308 1574 3523 1646 fulgore
3556 1572 3644 1630 sui
3675 1571 3780 1628 lu-

2159 1667 2329 1724 minis
2358 1667 2717 1724 mortalitatis
2745 1675 2947 1724 nostrae
2982 1675 3189 1722 terram
3218 1666 3514 1738 caliginem
3545 1663 3774 1737 pressit.

2159 1754 2262 1813 Cui
2289 1755 2430 1813 bene
2477 1773 2575 1830 per
2600 1757 2868 1813 Joannem
2900 1755 3144 1812 dicitur:
3198 1755 3368 1812 Stella
3401 1753 3690 1827 splendida
3729 1759 3782 1808 et

2157 1847 2424 1901 matutina
2474 1847 2662 1919 (Apoc.
2710 1863 2853 1914 χχιι,
2889 1845 3001 1918 16).
3037 1845 3218 1902 Vivus
3248 1844 3451 1918 quippe
3499 1858 3779 1915 apparens

2160 1943 2281 2009 post
2311 1943 2564 2004 mortem,
2597 1936 2868 1991 matutina
2896 1933 3058 1990 nobis
3085 1933 3272 1990 stellas
3297 1932 3476 1990 factus
3496 1941 3610 2000 est,
3643 1931 3779 2004 quia

2158 2024 2290 2082 dum
2335 2025 2393 2081 in
2442 2024 2736 2096 semetipso
2775 2023 3094 2095 exemplum
3139 2021 3302 2078 nobis
3347 2020 3778 2077 resurrectionis

2160 2114 2414 2187 prabuit,
2432 2132 2551 2189 quas
2574 2114 2672 2170 lux
2699 2120 2961 2186 sequatur
2990 2111 3283 2170 indicavit.
3306 2111 3612 2184 Vesperum
3639 2126 3778 2166 vero

2159 2222 2323 2278 super
2350 2213 2508 2262 terras
2538 2203 2684 2260 ﬁlios
2711 2203 2982 2260 Dominus
3001 2217 3331 2275 consurgere
3362 2201 3520 2270 facit,
3542 2201 3675 2274 quia
3689 2201 3775 2257 in-

2159 2293 2418 2352 fidelibus
2435 2293 2752 2350 Iudaeorum
2773 2292 3035 2350 cordibus
3055 2290 3333 2349 dominari
3355 2289 3774 2350 Antichristum

2160 2400 2349 2441 eorum
2379 2384 2578 2440 merito
2596 2385 2850 2456 exigente
2879 2383 3171 2456 permittit.
3205 2381 3312 2450 Qui
3344 2381 3560 2439 idcirco
3587 2397 3621 2437 a
3647 2381 3776 2438 Do—

2160 2473 2313 2530 mino
2343 2473 2475 2531 huic
2502 2472 2720 2546 vesperi
2744 2473 2895 2546 juste
2924 2471 3261 2539 subduntur,
3291 2471 3422 2545 quia
3443 2471 3549 2543 ipsi
3574 2478 3775 2542 sponte

2159 2579 2257 2618 sua
2283 2562 2389 2618 ﬁlii
2418 2571 2576 2620 terra;
2605 2579 2720 2619 esse
2742 2563 3060 2618 voluerunt.
3081 2561 3322 2616 Terrena
3351 2558 3558 2632 quippe
3577 2566 3634 2615 et
3655 2575 3774 2614 non

2159 2657 2403 2712 coelestia
2431 2657 2792 2729 requirentes,
2841 2657 2862 2691 ⁶
2908 2673 2942 2711 a
2981 2651 3368 2728 perspicienda
3395 2652 3628 2710 luciferi
3657 2669 3774 2709 no-

2159 2748 2258 2804 stri
2279 2747 2527 2804 claritate
2551 2747 2811 2804 excaecati
2840 2753 3003 2813 sunt;
3036 2753 3091 2802 et
3117 2744 3249 2802 dum
3281 2757 3514 2816 praesse
3543 2741 3654 2800 sibi
3684 2759 3775 2801 ve-

2158 2852 2378 2908 sperum
2409 2844 2694 2909 expetunt,
2743 2834 3132 2908 subsequentis
3160 2833 3535 2893 damnationis
3563 2840 3776 2890 eterna

2157 2935 2316 2984 nocte
2346 2937 2688 3000 merguntur.
2722 2926 2865 2983 Hinc
2892 2927 2952 2982 in
2979 2925 3285 2998 Evangelio
3314 2924 3587 2982 Dominus
3607 2923 3770 2980 dicit:

2156 3019 2270 3089 Ego
2299 3019 2417 3073 veni
2451 3017 2508 3072 in
2537 3017 2744 3073 nomine
2771 3015 2959 3074 Patris
2986 3017 3106 3085 mei,
3139 3023 3189 3071 et
3217 3033 3323 3072 non
3350 3013 3627 3086 accepistis
3655 3030 3773 3079 me;

2155 3107 2300 3161 alius
2328 3106 2492 3162 veniet
2520 3106 2578 3161 in
2609 3106 2818 3160 nomine
2845 3121 2964 3173 suo,
2993 3111 3044 3160 et
3083 3104 3261 3176 ipsum
3287 3105 3549 3177 recipietis
3582 3104 3772 3176 (Joan.

2154 3213 2212 3265 v,
2244 3196 2360 3269 43).
2392 3196 2536 3253 Hinc
2563 3195 2766 3252 Paulus
2794 3196 2909 3252 ait:
2955 3198 3039 3253 Eo
3065 3195 3207 3267 quod
3235 3196 3549 3252 charitatem
3575 3195 3773 3252 verita-

2157 3287 2222 3341 tis
2249 3303 2356 3341 non
2392 3292 2720 3358 receperunt,
2757 3291 2816 3341 ut
2843 3286 2982 3342 salvi
3007 3287 3214 3358 ﬁerent,
3242 3287 3359 3342 ideo
3388 3288 3410 3322 ⁵
3441 3287 3614 3342 mittet
3655 3286 3774 3343 illis

2153 3377 2294 3433 Deus
2321 3377 2677 3448 operationem
2702 3377 2928 3445 erroris,
2959 3381 3018 3430 ut
3042 3376 3262 3432 credant
3288 3377 3582 3445 mendacio,
3606 3383 3668 3432 ut
3677 3375 3771 3446 ju-

2151 3465 2394 3521 dicentur
2423 3482 2598 3520 omnes
2624 3465 2717 3536 qui
2752 3482 2858 3519 non
2889 3465 3226 3522 crediderunt
3266 3467 3501 3532 veritati,
3531 3466 3622 3522 sed
3647 3482 3768 3520 con-

2151 3561 2425 3611 senserunt
2437 3556 2712 3627 iniquitati
2725 3557 2823 3625 (II
2847 3557 3020 3613 Thess.
3043 3573 3106 3624 ιι,
3139 3556 3226 3625 10,
3253 3558 3369 3630 ll).
3398 3557 3765 3629 Nequaquam

2151 3662 2278 3718 ergo
2305 3663 2471 3720 super
2498 3663 2591 3703 eos
2620 3661 2818 3718 vesper
2853 3655 3228 3718 consurgeret,
3261 3647 3308 3704 si
3348 3646 3477 3704 cceli
3505 3645 3615 3702 ﬁlii
3647 3661 3766 3704 esse

2151 3736 2473 3793 voluissent.
2505 3735 2612 3792 Sed
2639 3735 2773 3792 dum
2804 3735 3058 3792 visibilia
3084 3743 3376 3808 appetunt,
3405 3737 3615 3794 amisso
3643 3753 3762 3794 cor.

2149 3824 2236 3882 dis
2265 3826 2498 3896 lumine,
2529 3825 2633 3883 sub
2663 3827 2844 3884 noctis
2874 3825 3015 3883 duce
3044 3825 3453 3884 tenebrescunt.

2220 3933 2360 4010 [γει.
2408 3935 2638 4010 ΧΧΧΙ.]
2693 3935 2779 3992 76.
2829 3935 3011 3992 Sermo
3054 3935 3156 3990 Dei
3196 3933 3291 4005 qui
3335 3932 3509 3990 electis
3567 3932 3764 4002 lucifer

2148 4030 2240 4092 est,
2271 4025 2513 4096 reprobis
2542 4025 2602 4096 ﬁt
2640 4040 2841 4096 vesper.
2873 4053 2946 4066 —
2973 4022 3134 4092 Quod
3163 4031 3349 4079 tamen
3386 4021 3435 4077 si
3476 4021 3764 4078 moraliter

2147 4113 2498 4184 discutimus,
2551 4113 2832 4188 quomodo
2869 4113 3124 4188 quotidie
3171 4121 3372 4185 agatur
3417 4111 3759 4179 invenimus,

2149 4205 2280 4278 quia
2307 4203 2575 4260 nimirum
2624 4213 2679 4259 et
2706 4202 2897 4258 electis
2944 4202 3144 4261 lucifer
3172 4201 3377 4266 oritur,
3413 4207 3469 4256 et
3500 4198 3760 4272 reprobis

2149 4295 2262 4350 Deo
2290 4291 2642 4366 permittente
2663 4305 2859 4362 vesper
2879 4289 3223 4346 dominatur.
3249 4288 3404 4345 Unus
3423 4288 3574 4345 enim
3595 4296 3760 4361 atque

2151 4383 2296 4440 idem
2327 4398 2506 4438 sermo
2533 4381 2633 4438 Dei
2663 4389 2745 4437 est
2787 4380 2845 4436 in
2877 4397 2973 4436 ore
3006 4379 3381 4454 praedicantis.
3415 4379 3590 4448 Quem
3621 4378 3757 4435 dum

2148 4473 2241 4528 isti
2263 4470 2568 4545 gaudendo,
2585 4470 2670 4526 illi
2691 4485 2822 4526 vero
2841 4469 3147 4527 invidendo
3165 4469 3422 4536 audiunt,
3443 4469 3755 4526 claritatem

2149 4563 2257 4620 sibi
2277 4562 2498 4619 luciferi
2518 4563 2577 4618 in
2593 4562 2812 4634 vesperi
2833 4561 3088 4620 tenebras
3109 4561 3517 4620 vertunt.Dum
3539 4561 3634 4616 isti
3657 4561 3756 4616 hu-

2146 4652 2354 4710 militer
2374 4668 2566 4710 vocem
2596 4661 2798 4710 sanctae
2820 4651 3238 4725 praedicationis
3265 4651 3575 4724 accipiunt,
3599 4651 3757 4723 quasi

2145 4743 2214 4800 ad
2241 4743 2414 4800 stellae
2455 4743 2633 4799 lucem
2664 4743 2857 4799 oculos
2897 4742 3083 4800 cordis
3110 4740 3409 4814 aperiunt;
3454 4738 3593 4796 dum
3623 4755 3756 4795 vero

2146 4835 2232 4892 illi
2279 4833 2630 4891 benedicenti
2674 4832 2953 4901 invident,
2998 4841 3056 4889 et
3098 4848 3212 4888 non
3258 4829 3457 4889 salutis
3502 4844 3751 4897 causam,

2145 4924 2241 4982 sed
2269 4925 2525 4982 elationis
2554 4925 2785 4998 gloriam
2815 4933 3090 4998 quaerunt,
3121 4929 3518 4997 prorumpente
3547 4919 3755 4994 iniqui-

2144 5016 2276 5072 tatis
2293 5031 2405 5072 suae
2425 5031 2650 5087 vespere
2669 5015 2728 5071 in
2744 5031 3000 5071 somnum
3022 5013 3218 5072 mortis
3231 5014 3428 5072 oculos
3455 5011 3750 5071 claudunt.

2145 5105 2248 5162 Per
2275 5106 2556 5163 occultum
2586 5122 2714 5178 ergo
2729 5103 3005 5177 judicium
3035 5103 3084 5159 is
3103 5104 3199 5178 qui
3228 5104 3422 5160 electis
3449 5111 3534 5160 est
3554 5102 3756 5160 lucifer

2146 5195 2396 5269 reprobis
2432 5194 2782 5252 auditoribus
2817 5193 2881 5250 ﬁt
2925 5209 3140 5268 vesper,
3191 5193 3323 5268 quia
3353 5192 3752 5249 exhortatione

2147 5292 2336 5346 sancta
2355 5287 2377 5323 ⁶
2399 5302 2508 5360 qua
2534 5285 2668 5344 boni
2692 5283 2762 5346 ad
2791 5284 2964 5342 vitam
2985 5284 3218 5342 redeunt
3245 5283 3403 5358 pravi
3430 5281 3680 5340 deterius
3693 5282 3752 5339 in

2147 5379 2313 5451 culpa
2357 5377 2689 5435 moriuntur.
2743 5373 2898 5434 Unde
2924 5375 3064 5434 bene
3091 5391 3190 5450 per
3216 5374 3448 5434 Paulum
3496 5371 3748 5431 dicitur:

2219 5643 2242 5676 ‘
2271 5639 2482 5712 Laud.,,
2500 5639 2574 5712 ad
2596 5639 3107 5712 perspiciendum...
3140 5633 3459 5696 claritatem.

2217 5713 2240 5748 ⁸
2271 5711 2422 5768 Idem
2454 5710 2662 5780 Codex,
2693 5711 2872 5768 mittit.

2219 5785 2240 5820 ⁸
2269 5781 2531 5856 Vindoc.,
2574 5782 2796 5841 Ebroic.
2849 5793 2904 5842 et
2955 5782 3028 5841 al.
3072 5783 3286 5854 Norm.,
3317 5799 3480 5856 quam
3516 5780 3640 5837 boni
3677 5779 3750 5838 ad

2145 5857 2307 5913 vitam
2336 5855 2581 5912 audiunt.
