3920 6416
134 415 217 473 521
806 412 1183 470 MORALIUM
1223 415 1355 470 LIB.
1398 415 1583 471 XXX.
1622 445 1694 457 —
1734 416 1807 471 IN
1842 413 2070 471 CAPUT
2107 415 2401 473 XXXVIII
2438 417 2501 472 B.
2542 417 2685 472 JOB.

3295 419 3407 480 522

138 538 312 599 Christi
337 537 477 598 953
507 535 673 590 bonus
700 534 836 589 odor
873 552 1055 592 sumus
1098 537 1207 594 Deo
1235 537 1295 592 in
1334 539 1416 593 his
1444 537 1537 609 qui
1564 539 1703 596 salvi
1728 542 1781 601 A
1813 537 2084 611 susjacet.
2107 538 2267 595 Alius
2283 554 2476 595 vacare
2496 540 2723 611 appetit,
2754 548 2810 597 et
2837 540 3146 601 innumeris
3171 548 3414 619 negotiis

134 642 263 715 ﬁunt,
286 645 332 695 et
346 656 402 694 in
415 636 495 693 his
515 635 607 708 qui
622 639 875 708 pereunt;
915 633 1043 690 aliis
1063 635 1274 706 quidem
1293 636 1428 692 odor
1444 636 1633 692 mortis
1648 636 1707 692 in

134 739 346 796 mortem,
368 729 491 786 aliis
512 734 686 784 autem
706 727 840 783 odor
857 726 981 782 vitae
1000 727 1054 781 in
1078 726 1239 782 vitam
1267 728 1363 796 (ΙΙ
1383 729 1508 786 Cor.
1528 745 1591 794 ιι,
1616 728 1704 795 15,

137 824 229 895 16).
252 821 485 880 Verbum
508 818 693 892 itaque
713 834 875 874 suum
898 817 1248 875 auditoribus
1267 836 1384 876 esse
1413 819 1706 876 luciferum

133 912 274 969 simul
303 920 355 967 et
384 926 673 983 vesperum
718 907 885 976 vidit,
935 924 1032 980 per
1065 908 1216 981 quod
1246 916 1301 965 et
1328 909 1467 965 alios
1491 908 1559 965 ab
1589 908 1709 965 ini—

132 1002 316 1076 quitate
342 998 619 1068 suscitari,
643 1007 698 1055 et
717 1014 746 1063 θ
767 1006 963 1054 contra
982 998 1120 1055 alios
1140 998 1314 1070 sopiri
1335 998 1393 1054 in
1415 998 1710 1073 iniquitate

131 1088 581 1163 conspexitQuod
603 1088 734 1162 quia
753 1088 990 1144 occultis
1011 1088 1112 1145 Dei
1127 1087 1361 1161 judiciis
1379 1089 1709 1162 agitur,qua3

128 1181 177 1237 in
204 1180 299 1236 hac
326 1180 439 1235 vita
465 1178 534 1236 ab
558 1177 884 1235 hominibus
904 1178 1302 1252 comprehendi
1324 1195 1436 1235 non
1457 1185 1708 1252 possunt,

126 1275 253 1327 recte
272 1270 384 1326 illic
406 1268 690 1325 subdidit:
710 1270 786 1325 Et
804 1269 876 1325 ad
895 1261 1002 1324 haec
1021 1270 1140 1341 quis
1163 1276 1269 1326 tam
1286 1270 1502 1326 idoneus
1521 1268 1710 1342 (Ibid.,

126 1360 182 1416 16
184 1361 245 1431 )?
263 1361 339 1415 Ac
354 1359 400 1415 si
420 1358 636 1416 diceret
656 1376 667 1414 ε
693 1358 883 1415 Idonei
905 1358 1130 1433 quidem
1149 1376 1341 1417 sumus
1362 1359 1431 1416 ad
1446 1358 1566 1416 hac
1584 1375 1712 1417 con-

124 1448 430 1506 sideranda‘
463 1448 598 1522 quia
621 1447 787 1519 ﬁunt,
816 1449 912 1506 sed
938 1448 1125 1506 idonei
1154 1466 1267 1506 non
1293 1466 1486 1507 sumus
1506 1449 1574 1506 ad
1595 1449 1713 1506 hac

122 1537 483 1612 investiganda
518 1555 620 1596 cur
651 1538 809 1595 ﬁant.
854 1538 1010 1596 Unde
1040 1538 1135 1598 hic
1163 1557 1381 1614 quoque
1419 1538 1712 1607 Dominus,

121 1628 234 1702 quia
271 1627 393 1684 aliis
432 1627 671 1702 produci
711 1627 1034 1698 luciferum,
1064 1630 1190 1687 aliis
1227 1647 1358 1687 vero
1387 1644 1715 1703 consurgere

119 1733 391 1792 vesperum
425 1718 673 1787 dixerat,
705 1734 774 1776 ne
801 1719 1141 1792 perscrutari
1173 1719 1342 1778 homo
1371 1721 1587 1779 occulta
1613 1718 1716 1778 Dei

115 1804 309 1878 judicia
336 1808 563 1877 audeat,
596 1808 748 1865 illico
776 1808 1065 1883 subjungit
1094 1829 1106 1866 :

227 1896 452 1955 CAPUT
480 1897 731 1954 χχχιιι
762 1897 900 1972 [γει.
933 1899 1166 1967 XXXII,
1190 1900 1312 1957 Rea.
1342 1899 1583 1974 XVIII].

177 1985 342 2043 Vsus.
374 1985 463 2043 33.
488 2017 565 2029 -—
594 1987 851 2058 Nunquid
877 1988 1019 2044 nosti
1044 1988 1286 2045 ordinem
1313 1989 1449 2058 coeli,
1479 1995 1528 2045 et
1549 2004 1711 2061 pones

120 2075 359 2131 rationem
390 2074 512 2146 ejus
539 2075 597 2130 in
627 2081 771 2131 terra
793 2078 821 2132 ἲ

180 2165 261 2220 77.
290 2164 637 2221 Judiciorum
665 2171 713 2221 et
727 2166 1213 2238 prwdestinationis
1231 2168 1331 2226 Dei
1357 2185 1547 2226 causas
1564 2185 1714 2224 nemo

120 2254 241 2320 scit;
267 2272 417 2310 nemo
446 2261 735 2312 scrutetur.
762 2286 835 2299 —
867 2257 1130 2314 Ordinem
1160 2258 1288 2317 coeli
1316 2274 1474 2315 nosse
1504 2266 1586 2316 est
1613 2275 1718 2315 su-

120 2359 401 2417 pernarum
441 2344 878 2418 dispositionum
930 2349 1173 2405 occultas
1214 2347 1720 2421 praedestinationes

125 2433 320 2490 videre.
352 2433 654 2492 Rationem
678 2452 812 2493 vero
834 2435 953 2509 ejus
980 2437 1039 2493 in
1062 2443 1206 2495 terra
1233 2454 1457 2511 ponere,
1487 2445 1569 2495 est
1595 2444 1722 2494 ante

119 2520 349 2581 humana
370 2525 549 2583 corda
568 2525 766 2583 talium
788 2535 1128 2585 secretorum
1149 2544 1341 2584 causas
1359 2527 1589 2601 aperire.
1621 2528 1722 2584 Ra-

120 2612 312 2669 tionem
336 2614 613 2673 videlicet
633 2615 759 2672 caeli
782 2616 841 2672 in
864 2623 1008 2672 terra
1029 2632 1231 2689 ponere
1250 2624 1332 2673 est
1360 2633 1723 2689 supernorum

117 2699 455 2772 judiciorum
490 2705 759 2779 mysteria
779 2705 866 2760 vel
888 2705 1291 2763 considerando
1321 2705 1614 2776 discutere,
1638 2708 1726 2762 vel

123 2789 388 2864 loquendo
412 2793 793 2850 manifestare.
824 2793 985 2862 Quod
1006 2794 1198 2868 utique
1217 2795 1395 2853 facere
1414 2795 1472 2851 in
1496 2794 1599 2852 bac
1615 2794 1731 2853 vita

117 2881 316 2950 positus
367 2884 569 2940 nullus
614 2890 813 2956 potest.
859 2884 929 2942 Ut
975 2884 1123 2940 enim
1152 2901 1184 2941 a
1212 2884 1398 2958 parvis
1425 2884 1495 2941 ad
1523 2884 1732 2957 majora

125 2972 432 3039 veniamus,
468 2973 596 3044 quis
616 2973 892 3047 intelligat
912 2974 933 3009 ³
955 2991 1076 3049 quae
1095 2991 1211 3032 esse
1231 2975 1375 3031 ratio
1394 2982 1731 3032 secretorum

124 3056 503 3132 potest,‘quod
533 3074 675 3131 saepe
697 3058 785 3113 vir
798 3059 983 3131 justus
1010 3078 1042 3116 a
1056 3060 1270 3133 judicio
1290 3078 1403 3118 non
1422 3063 1603 3120 solum
1619 3079 1733 3120 non

123 3145 465 3216 vindicatus,
494 3146 590 3204 sed
612 3148 778 3203 etiam
799 3148 1030 3221 punitus
1058 3149 1264 3219 redeat,
1297 3160 1351 3209 et
1371 3152 1597 3225 iniquus
1615 3151 1735 3225 ejus

1816 627 2172 701 implicatur;
2203 628 2346 685 alius
2374 628 2613 700 negotiis
2640 633 2789 692 954
2813 628 3086 703 implicari
3117 633 3414 706 desiderat,

1815 731 1872 781 et
1897 732 2120 783 coactus
2147 732 2324 783 vacat.
2354 723 2520 782 Alius
2549 725 2692 783 male
2716 725 2987 785 inchoans
3005 743 3179 802 usque
3198 729 3267 786 ad
3286 732 3416 787 vita)
3512 789 3520 799 ,

1816 831 1927 872 suae
1954 814 2256 874 terminum
2286 814 2354 872 ad
2384 814 2570 888 pejora
2594 816 2967 889 protrahitur;
2999 816 3145 873 alius
3171 816 3311 875 bene
3337 819 3419 875 in-

1816 905 2026 978 cipiens
2055 922 2151 979 per
2181 905 2585 979 longitudinem
2614 914 2929 980 temporum
2950 906 3173 981 proﬁcit
3200 907 3269 965 ad
3291 924 3420 982 aug-

1817 1004 2003 1052 menta
2030 998 2377 1055 meritorum.
2408 998 2484 1054 At
2511 1004 2725 1067 contra,
2755 997 2897 1055 alius
2927 998 3070 1054 male
3097 997 3293 1056 vivens
3323 998 3425 1057 diu

1818 1098 2133 1146 reservatur
2160 1096 2222 1145 ut
2251 1104 2308 1146 se
2335 1089 2596 1163 corrigat,
2619 1088 2761 1146 alius
2781 1105 2915 1147 vero
2934 1088 3077 1147 bene
3094 1089 3319 1164 quidem
3342 1091 3424 1148 vi-

1820 1178 1982 1236 detur
2009 1180 2222 1249 vivere,
2251 1178 2349 1235 sed
2371 1178 2429 1235 in
2450 1178 2554 1236 bac
2573 1179 2691 1236 vita
2717 1195 2784 1237 eo
2802 1194 2978 1254 usque
2996 1179 3163 1238 durat
3192 1182 3215 1217 ³
3244 1178 3425 1254 quoad

1820 1268 1880 1325 in
1908 1285 2167 1342 perversa
2192 1277 2538 1342 prorumpat.
2570 1269 2734 1327 Alius
2761 1270 2820 1329 in
2848 1287 3034 1328 errore
3079 1269 3426 1327 inﬁdelitatis

1820 1367 1987 1416 natus
2006 1360 2065 1417 in
2086 1375 2272 1416 errore
2292 1357 2501 1428 deﬁcit,
2525 1360 2548 1395 ⁴
2567 1359 2713 1418 alius
2729 1359 2788 1417 in
2809 1359 3099 1418 catholicae
3113 1358 3246 1417 ﬁdei
3265 1359 3425 1417 recti-

1820 1449 2016 1506 tudine
2039 1449 2258 1522 genitus
2273 1448 2332 1505 in
2348 1447 2639 1507 catholica
2652 1448 2785 1507 ﬁdei
2803 1448 3138 1508 rectitudine
3157 1463 3430 1507 consum-

1823 1546 2026 1596 matur.
2059 1540 2106 1595 E
2136 1545 2332 1596 contra
2360 1554 2492 1596 vero
2520 1539 2664 1597 alius
2691 1539 2983 1598 catholicae
3012 1539 3205 1597 matris
3234 1545 3428 1596 ventre

1823 1628 2005 1687 editus
2031 1628 2198 1703 juxta
2216 1630 2347 1687 vitae
2362 1629 2665 1688 terminum
2683 1630 2887 1689 erroris
2910 1629 3172 1704 voragine
3200 1627 3426 1687 devora.

1824 1728 1935 1790 tur,
1968 1718 2110 1776 alius
2128 1726 2313 1776 autem
2334 1720 2515 1777 vitam
2536 1735 2692 1777 suam
2714 1720 2773 1777 in
2788 1719 3064 1777 catholica
3078 1718 3282 1791 pietate
3300 1734 3429 1775 con-

1827 1817 2087 1879 summat,
2111 1810 2208 1883 qui
2228 1819 2382 1868 ortus
2412 1810 2473 1867 in
2500 1810 2732 1883 perﬁdia
2757 1827 2885 1869 cum
2914 1810 3056 1868 lacte
3086 1808 3278 1866 matris
3296 1807 3430 1866 hau.

1741 1911 1788 1974 Β
1825 1907 1971 1959 serat
1991 1900 2148 1958 virus
2166 1901 2389 1959 erroris.
2407 1900 2569 1958 Alius
2587 1898 2978 1959 celsitudinem
3000 1900 3023 1936 ⁸
3043 1898 3184 1957 bene
3201 1897 3432 1976 vivendi

1820 1998 2075 2066 appetere
2103 2000 2159 2049 et
2186 1991 2332 2060 vult,
2362 1997 2418 2050 et
2440 1991 2621 2059 Valet;
2654 1988 2798 2047 alius
2825 2006 2928 2047 nec
2955 1989 3100 2059 vult,
3133 2003 3239 2047 nec
3262 1987 3431 2057 valet,

1821 2081 1983 2138 Alius
2006 2081 2149 2150 vult,
2166 2088 2222 2138 et
2240 2096 2354 2137 non
2373 2080 2553 2147 valet;
2573 2079 2717 2136 alius
2736 2079 2903 2149 valet,
2926 2085 2981 2136 et
3000 2094 3117 2136 non
3137 2078 3281 2135 vult.
3298 2077 3436 2145 Quis

1824 2185 1955 2243 ergo
1984 2170 2092 2227 ista
2126 2168 2473 2244 judiciorum
2521 2168 2831 2228 ccelestium
2876 2176 3089 2227 secreta
3131 2166 3438 2226 discutiat?

1829 2260 1851 2296 ⁶
1870 2259 2010 2327 Quis
2039 2259 2317 2337 intelligat
2336 2266 2603 2317 secretam
2623 2259 2836 2318 lancem
2858 2256 3139 2333 aequitatis
3165 2258 3394 2316 occultas
3409 2253 3439 2312 τ

1829 2348 1917 2405 Ad
1943 2348 2354 2423 cognoscendos
2383 2349 2587 2422 quippe
2608 2350 2628 2385 "
2661 2348 2799 2406 istos
2819 2346 3164 2422 judiciorum
3192 2351 3441 2404 secreto-

1831 2455 1955 2495 rum
1977 2439 2133 2496 sinus
2152 2438 2343 2497 nullus
2358 2436 2626 2496 ascendit.
2648 2437 2880 2496 Dicatur
2898 2453 3029 2510 ergo
3043 2434 3283 2504 homini,
3300 2440 3363 2492 ut
3381 2448 3441 2491 se

1832 2530 2045 2587 nescire
2074 2536 2398 2603 cognoscat;
2442 2529 2777 2586 nescientem
2809 2543 2946 2585 vero
2970 2541 3028 2584 se
3055 2529 3351 2599 cognoscat
3377 2528 3442 2580 ut

1834 2616 2059 2686 timeat;
2090 2617 2286 2676 timeat
2312 2625 2375 2675 ut
2402 2615 2753 2687 humilistur,
2786 2614 3116 2673 humilietur
3142 2628 3212 2671 ne
3240 2626 3442 2686 prassuo

1836 2715 1951 2763 mat
1988 2707 2048 2764 in
2079 2723 2171 2776 se;
2221 2723 2333 2765 non
2376 2715 2676 2781 praesumat
2721 2706 2781 2763 in
2809 2722 2888 2775 se,
2931 2712 2995 2763 ut
3022 2703 3328 2764 conditoris
3354 2698 3443 2760 sui

1837 2797 2113 2855 auxilium
2144 2798 2427 2870 requirat;
2466 2805 2523 2855 et
2550 2797 2645 2872 qui
2675 2796 2734 2854 in
2762 2812 2821 2853 se
2851 2794 3030 2853 ﬁdens
3057 2801 3311 2852 mortuus
3338 2798 3442 2860 est,

1839 2886 2082 2944 auctoris
2105 2887 2193 2943 sui
2208 2885 2549 2958 adjutorium
2574 2892 2837 2959 appetens
2851 2883 3242 2942 vivat.Audiat
3260 2883 3446 2955 itaque

1840 2976 1928 3033 vir
1950 2974 2136 3049 justus
2157 2974 2273 3047 jam
2304 2974 2527 3050 quidem
2557 2990 2616 3033 se
2644 2975 2845 3039 sciens.
2874 2972 2970 3031 sed
2997 2971 3182 3030 adhuc
3207 2987 3329 3046 quas
3357 2986 3446 3027 su-

1840 3082 1940 3139 pra
1968 3082 2025 3123 se
2053 3070 2185 3123 sunt
2213 3063 2464 3123 nesciens
2488 3082 2500 3120 :
2532 3062 2792 3135 Nunquid
2817 3061 2960 3118 nosti
2977 3060 3219 3117 ordinent
3244 3058 3379 3125 creti,
3400 3062 3451 3113 et

1837 3173 2003 3229 pones
2019 3156 2257 3213 rationes
2275 3153 2389 3225 ejus
2408 3154 2467 3210 in
2488 3159 2635 3210 terra
2648 3154 2677 3210 ἲ
2698 3151 2757 3209 id
2784 3158 2887 3221 est,
2917 3146 3173 3224 nunquid
3202 3146 3450 3206 occultos

118 3237 471 3297 adversarius
498 3255 612 3295 non
642 3240 820 3296 solum
851 3257 964 3297 non
986 3241 1235 3314 punitus,
1252 3243 1348 3301 sed
1368 3243 1535 3300 etiam
1557 3243 1736 3300 victor
1764 3279 1809 3341 Ο
1845 3244 2070 3303 ordines
2107 3241 2451 3317 judiciorum
2500 3240 2811 3301 cmlestium
2861 3236 3307 3312 comprehendis,
3354 3240 3451 3341 aut

120 3329 409 3387 abscedat?
430 3329 574 3398 Quis
590 3329 864 3405 intelligat
882 3349 982 3388 cur
993 3332 1288 3391 vivitalius
1302 3334 1573 3391 insidians
1591 3350 1732 3391 mor-

122 3422 263 3479 tibus
292 3422 720 3495 proximorum,
769 3431 823 3479 et
853 3421 1088 3479 moritur
1115 3422 1258 3480 alius
1285 3423 1379 3497 qui
1409 3425 1734 3497 profuturus

120 3520 251 3568 esset
277 3513 417 3569 vitae
443 3510 755 3567 multorum
778 3512 807 3567 ?
837 3512 1000 3569 Alius
1027 3514 1248 3572 culmen
1280 3516 1567 3589 potestatis
1593 3531 1734 3573 asse-

119 3604 326 3680 quitur,
342 3603 447 3678 qui
471 3616 589 3657 non
612 3598 719 3656 nisi
741 3599 938 3656 laedere
959 3601 1142 3659 studet
1159 3620 1173 3671 ;
1193 3604 1334 3661 alius
1347 3604 1735 3663 tantummodo

119 3696 270 3753 laesos
300 3692 618 3753 defendere
647 3690 1012 3766 concupiscit,
1059 3700 1114 3750 et
1142 3700 1328 3750 tamen
1357 3693 1474 3767 ipse
1501 3709 1737 3767 oppres-

189 3853 202 3888 ¹
237 3852 302 3909 In
331 3851 544 3918 Gilot.,
566 3848 776 3917 Vatic.,
799 3848 1072 3921 Gussanv.
1096 3846 1226 3917 Ed.,
1249 3856 1379 3917 etc.,
1403 3849 1604 3921 legitur
1622 3866 1740 3921 quas

122 3925 271 3996 ﬁunt.
304 3924 524 3983 Melius
542 3922 671 3993 quia
687 3922 849 3996 ﬁunt,
880 3928 943 3976 ut
962 3919 1167 3996 habent
1186 3922 1317 3977 Mss.
1337 3919 1505 3996 Cordi1
1525 3919 1736 3996 Germ,

122 3991 367 4068 Anglia,
414 3991 643 4068 Norm.,
686 3991 858 4068 Laud.
892 4000 946 4067 et
973 3992 1093 4059 alii,
1135 4009 1199 4050 ac
1226 4000 1388 4049 vetus
1424 3992 1530 4049 Ed.
1563 3993 1737 4051 Paris.

125 4063 282 4134 1493,
312 4063 378 4123 ut
410 4067 484 4123 de
518 4064 731 4121 caeteris
758 4063 1038 4120 sileamus.

191 4140 213 4173 ³
243 4138 427 4207 Editi,
461 4154 586 4210 qua:
604 4153 710 4210 esse
728 4143 1045 4192 secretorum
1064 4135 1333 4210 subtilitas
1328 4143 1537 4210 potest.
1557 4139 1741 4195 Aliam

122 4209 426 4267 lectionem
457 4208 833 4282 pratulimus,
881 4223 1002 4280 quae
1030 4215 1116 4264 est
1141 4208 1270 4265 Mss.
1316 4208 1479 4282 Corb.
1529 4210 1740 4280 Germ.,

123 4282 338 4351 Norm.,
368 4278 583 4348 Laud.,
616 4278 875 4353 Vipdoc.,
897 4278 1313 4353 ‘annotaturque
1336 4297 1369 4337 a
1395 4281 1669 4338 Gussanv.

192 4354 214 4389 ³
246 4348 417 4411 Gorb.
440 4348 904 4425 Germ.,l3broic.
924 4350 1130 4425 aliique
1154 4348 1366 4420 Norm.,
1398 4370 1501 4424 quo
1529 4354 1602 4410 ad
1623 4370 1746 4425 per-

121 4441 274 4480 uersa
290 4428 649 4497 prorumpat.
669 4421 841 4497 Laud.
853 4465 867 4490 ,
888 4422 1031 4497 quod
1041 4421 1120 4497 ad
1134 4440 1385 4495 perversa
1400 4421 1743 4497 prorumpat.

193 4494 429 4569 {Multa
462 4495 560 4569 hic
580 4495 786 4569 omissa
806 4494 1036 4569 in_Edit.
1070 4494 1342 4552 Gussanv.
1369 4494 1748 4569 suppleviinus

125 4582 191 4623 ex
218 4567 353 4626 Mss.
387 4566 565 4626 Corb.
598 4566 809 4634 Germ.,
842 4567 1054 4635 Norm,,
1087 4574 1215 4636 etc.,
1249 4566 1557 4625 necnon'ex
1583 4568 1656 4625 a1.

1846 3336 2061 3409 aperire
2089 3334 2352 3392 humanis
2380 3332 2614 3391 auribus
2640 3329 2894 3389 sufﬁcis?
2922 3330 3122 3387 Beatus
3152 3328 3321 3401 igitur
3347 3323 3451 3381 Job

1841 3424 1910 3482 de
1938 3424 2286 3497 judiciorum
2329 3419 2980 3495 incomprehensibilium
3029 3413 3452 3488 investigatione

1843 3515 2165 3589 requiritur,
2208 3531 2273 3572 ac
2317 3514 2364 3570 si
2403 3513 2456 3569 ei
2484 3519 2670 3586 aperte
2716 3510 3040 3569 diceretur:
3092 3508 3304 3566 Cuncta
3330 3519 3453 3578 quae

1845 3602 2049 3676 pateris
2073 3609 2231 3659 tanto
2259 3602 2497 3658 tolerare
2517 3600 2820 3675 patientius
2838 3597 3024 3666 debes,
3053 3601 3261 3669 quanto
3280 3608 3455 3651 secre-

1843 3700 2031 3750 torum
2058 3691 2366 3751 caelestium
2395 3690 2620 3765 ignarus
2648 3704 2748 3747 cur
2775 3687 2895 3745 haec
2921 3685 3125 3759 pateris
3152 3682 3354 3742 nescis.

1847 3842 1999 3900 Edit.
2044 3843 2309 3916 Attamen
2350 3848 2578 3916 veteres
2607 3838 2780 3916 Paris.
2803 3834 2967 3916 μιβὸ
2994 3831 3220 3916 et_i@95
3245 3829 3457 3916 habent

1849 3923 2088 3983 tantum,
2104 3921 2167 3969 ut
2182 3915 2453 3971 Gussanv.
2463 3955 2480 3980 ,
2500 3912 2643 3967 alius
2658 3911 2716 3964 in
2729 3906 2998 3983 catlwtiea:
3008 3905 3133 3983 fidei
3148 3904 3460 3983 rectitudine

1850 3972 2267 4042 consummatur.
2290 3984 2422 4051 Quae
2451 3972 2677 4055 deerant
2704 3972 3080 4055 suppeditavit
3107 3975 3272 4055 etiam
3302 3972 3458 4055 Edit.

1849 4058 2025 4114 Paris.
2059 4057 2219 4114 1518.
2268 4044 2468 4112 Nostra
2510 4050 2676 4127 lectio
2723 4044 2929 4127 melius
2943 4044 3259 4127 respondet
3298 4044 3459 4100 alteri

1854 4129 2103 4185 membro
2136 4145 2149 4183 :
2180 4128 2325 4183 alius
2352 4126 2412 4181 in
2438 4140 2622 4180 errore
2647 4120 2981 4194 inﬁdelitatis
3004 4124 3165 4174 natus
3192 4120 3253 4172 in
3278 4129 3462 4173 errore

1854 4201 2239 4349 deﬁcit/tinge?»
2271 4267 2470 4349 Ρτεειθις
2503 4265 2705 4349 βι.ξιίίε
2736 4263 2857 4349 bs?“
2882 4261 3187 4349 υέυεηάρι,
3368 4306 3437 4349 ..ε

1928 4343 1951 4378 δ
1981 4344 2045 4398 In
2073 4328 2249 4409 Editf,
2280 4341 2401 4411 quis
2446 4328 2708 4409 intelligat
2747 4334 3050 4392 discretam.
3080 4333 3211 4394 Mss.
3241 4328 3462 4406 Anglic.

1858 4421 1914 4470 et
1942 4414 2121 4470 nostri
2152 4412 2377 4479 habent,
2409 4416 2680 4466 secretam.

1866 4556 1869 4557 ν
1933 4488 1953 4520 ⁷
1985 4485 2217 4554 Turon.,
2249 4491 2304 4541 et
2333 4481 2532 4552 Laud.,
2554 4480 2751 4553 justas.

136 4686 3459 4714 Ww

1230 4855 1566 4940 LIBER
1654 4849 2377 4937 TRIGESIMUS.

130 5013 639 5106 Expositignern
664 5024 801 5106 oc_to
824 5031 1135 5106 versuum
1164 5013 1563 5106 ultimorum
1612 5011 1874 5106 capitis.
1907 5026 2126 5106 χχχιιι,
2158 5015 2219 5101 et
2249 5009 2517 5103 totidem
2542 5008 2785 5106 capitis;
2801 4996 3474 5106 .ixxrvfucontp‘l‘e‘c‘t‘i:

214 5080 349 5243 ίὲν.
400 5098 522 5163 Ubi
580 5099 664 5162 'de
707 5096 1055 5178 Evangelii
1088 5094 1551 5176 pradicatione
1585 5080 1949 5173 présertim
1981 5080 2289 5169 plurima
2341 5091 2448 5170 pie
2501 5104 2582 5150 ac
2622 5080 2877 5149 erudite
2919 5091 3195 5148 sanctus
3247 5080 3476 5145 Doctor

210 5198 243 5243 e
296 5181 553 5244 isserit.

212 5322 371 5383 955
403 5315 551 5391 [Vet.
583 5322 632 5372 et
658 5282 778 5374 Rea.
801 5314 879 5390 1.]
915 5314 964 5370 l.
1004 5313 1116 5371 Cur
1143 5312 1241 5370 Job
1270 5311 1434 5368 aDeo
1461 5307 1523 5366 de
1553 5312 1627 5365 tot
1656 5314 1770 5365 tan-
1798 5307 1849 5368 D
1876 5314 2053 5375 ratur,
2096 5302 2164 5361 de
2202 5319 2266 5360 eo
2307 5300 2501 5359 divina
2529 5298 2634 5359 Job
2676 5314 2812 5358 voce
2853 5296 3189 5372 requiritur;
3234 5294 3480 5355 dicitur-

136 5418 309 5488 tisque
338 5415 808 5485 interrogatus.—
824 5414 1025 5471 Beatus
1050 5412 1155 5470 Job
1182 5412 1317 5469 talia
1347 5418 1609 5466 utrumne
1630 5407 1769 5464 fece-
1884 5412 1989 5470 que
2017 5396 2067 5453 ei
2101 5412 2113 5451 ε

131 5506 228 5575 rit,
261 5502 525 5562 Domino
561 5503 959 5576 interrogante,
1004 5502 1327 5577 requiritur,
1364 5500 1549 5574 qualia
1576 5498 1769 5571 utique

132 5595 323 5653 facere
356 5609 485 5665 non
515 5600 694 5666 potest
739 5592 931 5662 homo,
965 5600 1028 5649 ut
1058 5592 1192 5649 dum
1222 5609 1278 5649 se
1315 5590 1421 5647 ista
1449 5590 1627 5648 facere
1656 5605 1771 5646 non

132 5701 301 5758 posse
322 5682 728 5756 deprehendit,
762 5682 831 5740 ad
851 5698 977 5739 eum
999 5683 1238 5755 refugiat
1252 5699 1414 5755 quem
1437 5682 1618 5739 solum
1638 5679 1773 5737 talia

133 5775 273 5848 quia
294 5774 497 5831 facere
516 5774 689 5847 possit
710 5772 992 5846 intelligit,
1028 5780 1191 5846 atque
1210 5781 1336 5829 ante
1355 5772 1548 5829 oculos
1563 5769 1771 5844 judicia
1954 5769 2008 5825 2.
2041 5769 2108 5825 In
2134 5769 2326 5822 nebula
2352 5769 2569 5820 verbum
2595 5769 2696 5855 Dei
2722 5769 3020 5855 spargitur,
3036 5769 3174 5855 αντη.

132 5846 258 5923 suis
280 5862 481 5936 magis
499 5846 694 5936 potens
712 5870 992 5938 appareat,
1022 5862 1071 5920 si
1100 5877 1198 5919 sua
1216 5861 1406 5920 verius
1434 5860 1657 5917 inﬁrma
1683 5874 1771 5917 co.
1884 5855 2549 5916 annuntiatur.—Vocem
2579 5852 2783 5943 quippe
2801 5865 2969 5943 suam
3000 5848 3058 5906 in
3087 5846 3288 5905 nebula
3305 5846 3491 5943 Defini-

136 5932 413 6025 gnoscat:
463 5932 624 6019 Quod
651 5932 948 6027 ergo‘mire
976 5932 1009 6009 a
1035 5952 1277 6010 Domino
1311 5949 1431 6006 ﬁeri
1462 5966 1575 6006 non
1605 5950 1774 6023 ignoe-
1885 5965 1993 6006 nus
2019 5950 2219 6018 elevat,
2264 5944 2486 6021 quando
2515 5958 2612 6016 per
2640 5940 3067 6015 praedicatorum
3110 5949 3335 5995 suorum
3370 5932 3491 5987 Ιίιιεε

458 6047 701 6111 Paraon.
734 6050 988 6111 LXXVI.
3175 6032 3245 6087 1⁷

2395 5488 2624 5550 CAPUT
2662 5485 2959 5545 PRIMUM.

1950 5586 2080 5646 Car.
2100 5584 2523 5653 xxxvm,Vnas.
2541 5577 2967 5651 34.—Nunquid
2985 5574 3208 5634 eteoabis
3226 5576 3286 5635 in
3297 5576 3489 5634 nebula

1878 5694 2052 5735 vocem
2078 5683 2244 5746 tuam,
2275 5681 2325 5731 et
2348 5675 2573 5747 impetus
2599 5685 2869 5743 aquarum
2894 5668 3097 5742 aperiet
3125 5670 3213 5726 te?

1954 5768 2008 5825 2.
2041 5769 2108 5825 In
2134 5765 2326 5822 nebula
2352 5763 2569 5820 verbum
2595 5760 2696 5817 Dei
2722 5759 3020 5833 spargitur,
3036 5756 3165 5815 dum
3190 5753 3490 5831 inﬁdelibus
