3920 6376
447 333 556 391 523

1655 329 1904 387 SANCTI
1943 326 2280 384 GREGOBII
2317 326 2518 384 MAGN
2523 328 2546 383 Ι

3657 325 3774 382 524

447 473 578 532 guas
609 458 626 494 ¹
655 455 724 513 ad
752 455 1049 527 caliginosa
1068 453 1233 512 corda
1252 453 1562 513 inﬁdelium
1593 455 2036 513 exhortationem
2067 457 2116 516 Α
2142 469 2249 506 non
2295 453 2468 509 solum
2508 451 2742 509 solvebat
2786 451 3084 522 sabbatum,
3129 451 3220 508 sed
3265 457 3313 506 et
3357 451 3575 508 Patrem
3609 467 3779 508 suum

447 546 678 612 format;
712 558 947 617 eumque
973 559 1240 618 aquarum
1269 545 1508 618 impetus
1527 545 1725 618 operit,
1749 545 1883 601 dum
1905 543 2044 600 bene

445 632 660 708 agentia
688 632 935 689 membra
963 633 1081 706 ejus
1107 634 1272 692 turba
1301 635 1680 692 resistentium
1711 635 2042 707 populorum

445 723 664 798 premit.
691 723 834 781 Hinc
853 732 935 782 est
955 725 1104 781 enim
1125 725 1273 800 quod
1294 725 1560 797 scriptum
1583 731 1664 781 est
1685 742 1696 780 :
1733 725 1952 781 Factum
1971 729 2045 780 est

444 813 658 870 verbum
684 813 901 870 Domini
927 815 1000 870 ad
1026 815 1310 871 Ieremiam
1339 815 1552 870 dicens:
1580 815 1674 870 Sta
1697 813 1757 868 in
1782 813 1924 870 atrio
1953 814 2044 869 do-

442 919 559 960 mus
587 902 826 971 Domini,
857 903 882 941 ²
914 905 1130 976 loquens
1173 905 1247 960 ad
1283 921 1458 960 omnes
1497 903 1732 959 civitates
1778 905 1941 973 Iuda,
1982 905 2044 960 de

443 993 635 1064 quibus
661 994 898 1058 veniunt,
919 1000 978 1048 ut
1003 993 1227 1049 adorent
1255 994 1312 1049 in
1325 993 1476 1049 domo
1505 993 1742 1062 Domini,
1773 995 2042 1049 universos

444 1099 704 1138 sermones
732 1099 862 1154 quos
891 1099 980 1153 ego
1007 1082 1260 1138 mandavi
1292 1083 1384 1138 tibi
1414 1081 1626 1155 (Ierem.
1661 1099 1822 1148 xxvr,
1854 1082 1934 1155 2).
1972 1084 2042 1138 Et

444 1172 608 1244 paulo
637 1179 758 1245 post
791 1189 803 1228 :
861 1173 935 1228 Et
961 1172 1250 1227 audierunt
1293 1173 1582 1228 sacerdotes
1620 1179 1668 1228 et
1701 1173 1970 1244 prophetae
1996 1178 2046 1226 et

442 1261 614 1316 omnis
635 1261 866 1333 populus
891 1261 1177 1317 Ieremiam
1203 1263 1494 1332 loquentem
1511 1263 1668 1318 verba
1689 1263 1795 1318 hac
1814 1262 1867 1316 in
1889 1263 2042 1317 domo

442 1350 678 1407 Domini.
707 1352 938 1423 Cumque
953 1352 1308 1424 complevisset
1324 1352 1580 1408 Jeremias
1601 1354 1834 1424 loquens,
1854 1370 2042 1425 appre-

441 1439 732 1496 henderunt
750 1457 866 1496 eum
886 1441 1176 1496 sacerdotes
1192 1447 1240 1497 et
1253 1443 1522 1514 prophetes
1539 1448 1586 1497 et
1605 1442 1772 1496 omnis
1787 1443 2040 1514 populus,

441 1528 617 1585 dicens
640 1545 658 1584 :
687 1530 858 1586 Morte
885 1529 1172 1596 moriatur,
1201 1547 1368 1602 quare
1391 1531 1726 1603 prophetavit
1752 1530 1808 1585 in
1836 1530 2043 1584 nomine

441 1619 660 1675 Domini
675 1619 868 1692 (Ibid.,
886 1621 1000 1694 7-9)
1017 1620 1046 1676 ?
1064 1621 1206 1677 Ecce
1237 1621 1296 1678 in
1323 1621 1524 1678 nebula
1553 1621 1823 1678 Dominus
1849 1637 2040 1677 vocem

442 1708 669 1777 levavit,
694 1709 824 1782 quia
843 1708 1107 1767 obscuras
1131 1717 1342 1766 mentes
1363 1711 1802 1782 superbientium
1831 1709 2041 1767 directo

439 1797 708 1871 propheta
729 1799 1020 1872 corripuit.
1045 1801 1188 1856 Ecce
1205 1816 1473 1873 aquarum
1504 1801 1740 1873 impetus
1769 1817 1893 1858 eum
1919 1817 2038 1874 pro-
2076 1821 2122 1882 B

440 1889 593 1946 tinus
613 1887 853 1962 operuit,
875 1888 1006 1961 quia
1025 1888 1094 1944 ab
1115 1888 1530 1962 insurgentibus
1547 1891 1786 1962 populis,
1808 1894 1862 1946 et
1883 1906 2042 1946 causa

441 1995 553 2036 suat
594 1976 958 2050 correptionis
1000 1977 1299 2050 instigatis,
1347 1979 1462 2052 ipse
1492 1979 1551 2036 in
1579 1979 1817 2036 Ieremia
1844 1988 2043 2038 cuncta

441 2067 689 2142 pertulit,
739 2065 835 2142 qui
877 2067 1242 2139 correptionis
1273 2067 1442 2124 verba
1472 2068 1776 2125 mandavit.
1827 2069 1930 2124 Per
1957 2085 2040 2124 se-

441 2157 737 2230 metipsum
761 2172 978 2230 quoque
998 2157 1272 2214 Dominus
1291 2155 1350 2214 in
1371 2157 1574 2214 nebula
1597 2175 1790 2216 vocem
1813 2157 2040 2224 levavit,

440 2245 664 2320 quando
687 2253 1010 2320 prasentem
1041 2261 1097 2302 se
1125 2246 1290 2302 etiam
1319 2254 1604 2320 assumpto
1631 2262 1858 2318 corpore
1887 2246 2040 2301 exhi-

439 2334 593 2405 bens,
625 2336 800 2392 multa
817 2335 933 2393 suis
961 2335 1406 2408 persecutoribus
1425 2337 1524 2392 sed
1553 2335 1744 2408 ﬁguris
1773 2336 2044 2408 aenigma—

439 2429 558 2480 tum
605 2426 784 2482 velata
829 2425 1169 2498 praedicavit.
1203 2427 1224 2461 ³
1257 2427 1320 2482 In
1350 2425 1554 2482 nebula
1583 2441 1775 2482 vocem
1812 2426 2039 2494 levavit,

440 2511 571 2585 quia
589 2515 884 2572 veritatem
911 2530 1068 2572 suam
1099 2531 1212 2570 non
1238 2515 1511 2572 secuturis
1541 2514 1860 2571 inﬁdelibus
1887 2515 2041 2588 quasi

438 2616 536 2674 per
554 2601 846 2674 caliginem
867 2605 1074 2660 sonuit.
1099 2603 1276 2672 Unde,
1317 2611 1372 2658 et
1391 2603 1531 2660 bene
1565 2603 1623 2659 in
1645 2604 1804 2659 libris
1834 2605 2040 2677 Regum

441 2690 706 2763 scriptum
755 2699 880 2747 est:
938 2692 1144 2748 Nebula
1185 2691 1422 2762 implevit
1461 2692 1675 2746 domum
1717 2693 1954 2759 Domini,
1997 2699 2046 2748 et

339 2811 350 2830 ι
437 2795 546 2834 non
567 2785 820 2851 poterant
858 2781 1150 2836 sacerdotes
1195 2779 1506 2837 ministrare
1539 2788 1762 2854 propter
1801 2783 2042 2837 nebulam

441 2867 562 2942 (III
585 2871 710 2942 Reg.
744 2886 866 2938 VIII,
910 2870 996 2937 10,
1031 2870 1144 2941 11).
1193 2869 1562 2942 Exigentibus
1608 2873 1757 2926 enim
1807 2872 2040 2940 meritis,

439 2955 571 3014 dum
585 2957 810 3031 superbi
826 2957 1144 3015 Iudaeorum
1162 2958 1452 3030 pontiﬁces
1462 2959 1656 3017 divina
1670 2962 1931 3034 mysteria
1949 2978 2044 3033 per

437 3049 723 3123 parabolas
737 3049 995 3119 audiunt,
1019 3048 1332 3107 sacerdotes
1352 3049 1412 3105 in
1432 3049 1600 3108 domo
1628 3052 1855 3108 Domini
1885 3053 2040 3125 quasi

438 3145 658 3212 propter
686 3137 944 3196 nebulam
974 3139 1294 3196 ministrare
1323 3139 1715 3212 nequiverunt.
1764 3141 1870 3210 Qui
1899 3149 1954 3198 et
1981 3143 2037 3196 in

437 3225 784 3283 Testamento
813 3227 1001 3284 Veteri
1029 3226 1164 3284 dum
1191 3243 1384 3284 sensus
1414 3229 1678 3301 mysticos
1705 3229 1902 3286 littera
1935 3245 2042 3286 ve-

440 3313 643 3370 lamine
683 3321 971 3386 coopertos
1009 3314 1155 3371 inter
1185 3315 1446 3372 obscuras
1479 3317 1864 3390 allegoriarum
1895 3319 2042 3376 cali-

441 3401 594 3474 gines
623 3400 953 3475 investigare
985 3402 1320 3476 despiciunt,
1351 3403 1607 3462 debitum
1640 3405 1770 3463 ﬁdei
1799 3423 1910 3464 suae
1941 3409 2040 3463 mi-

441 3488 732 3548 nisterium
773 3499 994 3565 propter
1019 3491 1279 3554 nebulam
1322 3491 1702 3564 perdiderunt.
1747 3496 1960 3563 Quibus
1987 3503 2042 3552 et

441 3594 591 3635 nunc
629 3578 689 3634 in
716 3577 918 3637 nebula
945 3580 1210 3638 doctrinm
1243 3597 1355 3638 sua
1384 3597 1577 3638 vocem
1605 3583 1876 3640 Dominus
1905 3601 2041 3658 pro-

440 3668 592 3738 tulit,
619 3684 748 3726 cum
777 3668 846 3726 de
873 3685 931 3727 se
971 3671 1138 3727 etiam
1167 3675 1312 3735 956
1359 3679 1547 3744 aperta
1583 3674 1849 3730 narravit.
1895 3674 2039 3742 Quid

440 3774 522 3825 est
550 3767 700 3824 enim
729 3768 972 3842 apertius
997 3783 1163 3842 quam
1197 3787 1209 3826 :
1259 3771 1376 3843 Ego
1403 3777 1451 3826 et
1477 3771 1642 3828 Pater
1668 3789 1835 3829 unum
1859 3790 2041 3829 sumus

443 3856 626 3930 (Joan.
657 3873 716 3928 χ,
747 3857 888 3931 30)?
933 3857 1079 3927 Quid
1125 3859 1366 3932 apertius
1403 3859 1586 3917 dicere
1616 3877 1818 3935 quam:
1866 3863 2041 3918 Ante—

438 3962 601 4018 quam
627 3947 904 4004 Abraham
931 3949 1099 4022 ﬁeret,
1129 3965 1216 4020 ego
1245 3965 1362 4005 sum
1395 3951 1576 4022 (Joan.
1613 3969 1737 4021 VIII,
1767 3952 1860 4026 58)
1885 3953 1914 4010 ‘l
1936 3953 2041 4010 Sed

440 4037 568 4110 quia
587 4037 904 4096 auditorum
922 4045 1134 4095 mentes
1149 4038 1497 4096 inﬁdelitatis
1516 4041 1692 4113 caligo
1714 4043 2038 4114 repleverat,

440 4127 596 4197 quasi
649 4127 912 4186 emissum
965 4129 1099 4186 solis
1162 4127 1379 4186 radium
1445 4128 1649 4186 nebula
1715 4129 2043 4202 interjacens

441 4217 826 4276 abscondebat.

513 4305 654 4380 [Vet.
669 4309 733 4366 II
735 4307 776 4383 .]
801 4308 854 4366 3.
885 4307 1039 4366 Verbi
1056 4307 1225 4363 divini
1237 4309 1617 4380 praedicatores
1635 4309 1858 4383 impetus
1878 4330 2041 4384 aqua-

440 4414 564 4454 rum
585 4400 774 4471 operit,
805 4416 922 4455 cum
948 4399 1007 4454 in
1042 4415 1126 4454 eos
1154 4399 1387 4470 inﬁdeles
1417 4400 1659 4456 saeviunt.
1688 4431 1756 4443 -—
1785 4403 1872 4458 Ad
1900 4403 2045 4462 hanc

444 4504 680 4562 namque
707 4489 1070 4545 elevationem
1112 4487 1265 4543 vocis
1305 4505 1431 4544 eum
1475 4491 1730 4561 protinus
1774 4507 2040 4564 aquarum

443 4579 681 4651 impetus
725 4577 962 4650 operuit,
1003 4576 1134 4649 quia
1178 4585 1370 4633 contra
1424 4577 1584 4633 illum
1639 4595 1771 4634 mox
1813 4581 2046 4651 saviens

441 4667 772 4742 populorum
818 4667 982 4724 turba
1022 4667 1283 4724 surrexit.
1339 4667 1619 4740 Scriptum
1667 4668 1867 4742 quippe
1911 4678 2036 4726 est:

438 4760 728 4832 Propterea
746 4775 868 4832 ergo
885 4758 1187 4832 quaerebant
1205 4774 1324 4814 eum
1341 4757 1516 4815 ,1αάιεὶ
1536 4760 1558 4794 ⁴
1579 4759 1894 4833 interﬁcere,
1914 4761 2041 4832 quia

515 4937 530 4968 ¹
562 4933 690 4990 Mss.
729 4932 853 4989 Val.
905 4930 986 4988 Cl.
1036 4930 1381 5002 trigesimum
1422 4930 1626 4986 librum
1673 4932 1866 4991 Mora].
1901 4935 2040 4991 reli-

439 5019 683 5077 quosque
711 5003 1022 5077 continens,
1053 5003 1125 5058 ad
1148 5003 1379 5073 caligosa
1400 5002 1600 5068 corda;
1627 5003 1708 5060 sic
1735 5004 1900 5062 etiam
1931 5007 2040 5062 ha-

439 5075 530 5132 bet
557 5075 719 5134 Corb.
753 5075 936 5132 Germ.

439 5151 539 5228 ﬂ"
565 5147 978 5228 Cgrb._Germ.,
1020 5143 1283 5228 Vi_ndoc.,
1327 5143 1526 5227 Pratel.
1553 5146 1785 5228 aliique
1821 5149 2036 5228 Normr,

439 5216 562 5274 Val.
711 5225 765 5300 et
791 5219 928 5300 alter
955 5215 1154 5300 Laud,
1185 5215 1846 5300 qui,_priori_deﬁci_ente,
1879 5215 2040 5279 nobis

439 5287 750 5360 suppeditat
779 5291 1016 5360 reliquos
1042 5287 1234 5344 Moral.
1259 5287 1452 5356 libros,
1479 5295 1528 5344 et
1556 5290 1804 5360 loqueris.

510 5362 531 5394 ³
563 5359 786 5414 Pratel..
815 5359 872 5412 in
897 5360 1088 5414 nebula
1111 5366 1307 5414 auum.

513 5366 531 5394 ³
563 5366 786 5426 Pratel.,
815 5366 872 5412 in
897 5366 1088 5414 nebula
1111 5366 1307 5415 autem.

513 5430 534 5464 ‘
563 5428 790 5496 Pratel.,
819 5429 1068 5485 occidere.

510 5499 799 5575 {Textum
841 5498 991 5555 hunc
1034 5517 1288 5575 mancum
1317 5517 1380 5559 ac
1424 5502 1686 5559 mutilum
1733 5503 1792 5558 in
1839 5505 2034 5575 Gilot.,

441 5569 647 5646 Vatia,
695 5569 994 5646 Gussanv.,
1032 5573 1142 5646 sed,
1172 5574 1445 5646 integrum
1495 5582 1770 5646 repertum
1816 5575 1872 5632 in
1902 5569 2030 5636 Mss:

437 5641 660 5724 agno,
692 5647 747 5724 et
773 5642 998 5724 nostris
1023 5641 1370 5724 perfecimus.
1405 5641 1626 5724 _Nempe
1669 5648 1726 5703 in
1745 5649 2036 5724 praedictis

436 5711 842 5786 Edit:_tantum
872 5711 1092 5786 legitur,
1119 5711 1578 5786 circumdederunt
1601 5735 1682 5772 me
1707 5711 1888 5776 simul.

507 5785 532 5821 ⁸
559 5783 684 5842 Val.
717 5782 823 5852 CL,
853 5782 1105 5857 qubniam
1129 5785 1468 5844 introierunt.

2078 4541 2126 4600 D

2153 540 2354 596 dicebat
2380 542 2572 608 Deum,
2603 543 2859 614 aqualem
2884 558 2936 596 se
2977 539 3178 612 faciens
3205 540 3314 596 Deo
3346 537 3528 612 (Joan.
3559 557 3620 606 v,
3650 541 3772 615 18).

2153 632 2231 688 De
2272 632 2380 691 hoc
2425 649 2690 708 aquarum
2738 633 2950 706 impetu
2994 648 3090 706 per
3135 629 3469 702 Prophetam
3518 631 3770 688 clamat:

2156 721 2178 754 ⁵
2208 721 2680 778 Circumdederunt
2702 722 2839 778 sicut
2864 739 3007 792 aqua
3040 726 3149 776 tota
3179 719 3282 787 die,
3313 719 3778 775 circumdederunt

2155 829 2234 869 me
2267 815 2428 870 simul
2453 816 2635 884 (Psal.
2669 830 2928 882 Lxxxvn,
2966 811 3079 884 18).
3123 811 3195 868 Et
3225 826 3449 866 rursum
3483 828 3494 866 :
3546 811 3778 867 Salvum

2151 917 2230 957 me
2255 901 2366 972 fac,
2400 903 2564 969 Deus,
2597 904 2620 938 θ
2651 902 2904 973 quoniam
2949 899 3292 954 intraverunt
3324 914 3480 969 aqua
3507 914 3674 969 usque
3701 896 3779 952 ad

2151 992 2388 1047 animam
2411 1009 2580 1048 meam
2605 991 2777 1062 (Psal.
2809 1005 3008 1058 vam,
3032 988 3114 1062 2).
3146 987 3293 1056 Quas
3321 987 3568 1060 profecto
3597 1001 3778 1059 aquas

2152 1083 2210 1138 in
2241 1081 2534 1155 semetipso
2584 1090 2711 1138 ante
2760 1087 3015 1148 mortem,
3067 1079 3128 1134 in
3171 1079 3291 1134 suis
3335 1085 3519 1134 autem
3559 1076 3778 1148 etpost

2151 1173 2524 1228 ascensionem
2557 1171 2806 1244 pertulit.
2843 1170 2986 1226 Hinc
3005 1176 3086 1225 est
3107 1168 3256 1225 enim
3277 1167 3428 1242 quod
3449 1175 3502 1224 et
3521 1167 3590 1224 de
3610 1175 3780 1239 supe‘

2151 1260 2392 1317 rioribus
2420 1262 2620 1318 clamat
2656 1279 2668 1316 :
2720 1261 2902 1325 Saule,
2937 1259 3118 1324 Saule,
3159 1257 3291 1328 quid
3333 1273 3412 1312 me
3433 1256 3779 1329 persequeris

2154 1349 2294 1420 (Act.
2319 1367 2398 1418 1x,
2416 1349 2473 1422 4)
2493 1351 2522 1406 Ῡ
2549 1351 2694 1408 Ecce
2708 1349 2823 1422 jam
2840 1351 3040 1407 coelum
3067 1349 3483 1418 conscenderat,
3505 1356 3560 1406 et
3578 1355 3779 1404 tamen

2151 1438 2334 1496 adhuc
2361 1456 2486 1496 eum
2517 1441 2716 1498 Saulus
2744 1457 3010 1514 aquarum
3034 1443 3054 1476 ⁷
3077 1439 3389 1496 inﬁdelium
3414 1439 3625 1512 impetu
3648 1454 3776 1512 per-

2151 1544 2406 1602 sequens,
2449 1538 2503 1587 et
2552 1531 2827 1587 tumidior
2873 1531 3090 1588 czeteris
3134 1530 3285 1586 unda
3327 1529 3601 1603 tangebat.
3647 1530 3777 1601 Ipse

2151 1617 2353 1690 quippe
2384 1626 2466 1674 est
2497 1618 2592 1691 qui
2624 1636 2720 1692 per
2747 1619 2924 1675 bonos
2955 1625 3103 1676 recta
3135 1620 3404 1693 loquitur,
3437 1620 3551 1691 ipse
3581 1617 3678 1692 qui
3713 1617 3774 1674 in

2150 1705 2421 1762 bonorum
2455 1709 2708 1780 passione
2739 1709 3037 1765 laceratur.
3063 1709 3132 1766 Ut
3161 1725 3290 1782 ergo
3318 1707 3551 1764 miriﬁca
3579 1707 3774 1763 Domi-

2151 1812 2256 1852 nus
2274 1795 2561 1853 charitatis
2583 1798 2817 1865 unitate,
2838 1806 3172 1854 monstraret
3191 1815 3248 1854 se
3268 1815 3383 1854 esse
3404 1797 3502 1870 qui
3522 1795 3776 1868 indignis

2150 1886 2497 1943 auditoribus
2556 1903 2653 1959 per
2707 1895 3028 1944 sanctorum
3070 1905 3297 1944 suorum
3342 1903 3437 1943 ora
3481 1887 3771 1959 praedicat,

2150 1975 2261 2032 ait:
2298 1977 2557 2047 Nunquid
2587 1977 2808 2032 elevabis
2837 1977 2894 2032 in
2919 1977 3107 2033 nebula
3131 1995 3300 2032 vocem
3325 1983 3471 2031 tuam
3487 1979 3515 2032 ?
3546 1977 3616 2034 Ut
3636 1993 3774 2031 vero

2152 2066 2465 2122 ostenderet
2494 2083 2550 2123 se
2584 2084 2699 2124 esse
2732 2065 2826 2140 qui
2859 2066 2917 2122 in
2950 2067 3155 2123 sanctis
3184 2067 3300 2122 suis
3329 2067 3515 2122 omnia
3536 2066 3772 2123 adversa

2153 2164 2450 2230 pateretur,
2481 2156 2763 2214 subdidit:
2797 2159 2872 2213 Et
2900 2157 3124 2229 impetus
3149 2175 3414 2228 aquarum
3448 2158 3649 2228 aperiet
3680 2159 3771 2213 te?

2152 2245 2414 2302 subaudis
2437 2254 2500 2302 ut
2527 2263 2634 2315 me,
2665 2263 2830 2320 quem
2856 2247 2877 2282 ⁸
2898 2245 3080 2320 iniqui
3101 2263 3294 2304 omnes
3315 2264 3492 2320 neque
3515 2265 3612 2320 pes
3632 2265 3770 2320 prae-

2152 2336 2398 2392 dicantes
2441 2345 2658 2393 sanctos
2703 2337 3018 2410 loquentem
3067 2337 3410 2410 intelligunt,
3461 2354 3640 2410 neque
3671 2354 3772 2410 per

2153 2424 2453 2480 morientes
2483 2425 2782 2496 patientem
2826 2426 3040 2482 vident.
3091 2428 3287 2483 Narrat
3318 2443 3446 2499 ergo
3495 2426 3771 2483 Dominus

2153 2515 2300 2590 quod
2329 2515 2398 2572 ab
2428 2515 2750 2572 hominibus
2782 2517 3012 2589 patitur,
3036 2527 3097 2574 ut
3124 2517 3286 2574 dolor
3305 2518 3494 2574 aﬁlicti
3518 2518 3770 2574 hominis

2151 2605 2460 2678 mitigetur,
2486 2621 2549 2662 ac
2575 2606 2620 2662 si
2653 2605 2736 2661 illi
2766 2617 2950 2678 aperte
2971 2607 3154 2664 dicat:
3188 2609 3308 2664 Mea
3333 2608 3610 2664 subtiliter
3634 2625 3766 2681 pen-

2152 2711 2229 2762 sa,
2267 2702 2321 2750 et
2349 2702 2445 2750 tua
2479 2695 2868 2768 aequanimiter
2896 2704 3159 2768 tempera.
3191 2697 3368 2754 Multo
3397 2698 3546 2754 enim
3577 2697 3766 2754 minus

2153 2792 2234 2839 est
2258 2791 2311 2838 te
2339 2786 2573 2840 vulnera
2601 2801 2766 2858 quam
2800 2802 2888 2842 me
2919 2785 3162 2842 humana
3191 2788 3443 2843 tolerare.

2221 2870 2274 2927 4.
2307 2873 2395 2928 Ad
2422 2891 2654 2929 arcanas
2675 2874 3048 2946 inspirationes
3067 2875 3167 2931 Dei
3187 2876 3345 2932 etiam
3355 2873 3631 2946 ju'storum
3651 2893 3763 2930 cor-

2151 2963 2222 3018 da
2251 2964 2784 3036 caligant.—Adhuc
2814 2974 2999 3024 tamen
3021 2968 3188 3024 verba
3210 2967 3327 3022 haec
3353 2966 3614 3024 subtilius
3643 2983 3763 3040 per-

2149 3055 2385 3111 scrutari
2415 3073 2729 3128 possumus,
2760 3057 2806 3113 si
2828 3057 2975 3113 inter
3004 3057 3150 3113 dona
3177 3058 3420 3114 coelestia
3441 3067 3629 3116 nostra
3656 3060 3764 3117 sol-

2150 3145 2300 3202 licite
2330 3145 2495 3203 corda
2523 3164 2834 3219 pensamus.
2867 3149 2986 3204 Jam
3019 3149 3243 3221 quidem
3275 3151 3296 3186 °
3328 3149 3517 3208 ﬁdeles
3545 3167 3760 3222 sumus,

2143 3232 2259 3306 jam
2279 3251 2400 3308 quae
2421 3234 2678 3292 audimus
2697 3253 2934 3309 superna
2952 3237 3254 3309 credimus,
3280 3238 3396 3311 jam
3429 3256 3549 3314 quae
3569 3241 3763 3298 credi-

2148 3344 2273 3384 mus
2291 3343 2559 3385 amamus.
2585 3329 2691 3386 Sed
2717 3329 2851 3386 dum
2871 3330 3205 3404 quibusdam
3225 3334 3585 3404 supervacuis
3609 3335 3761 3392 curis

2147 3421 2474 3493 premimur,
2518 3421 2755 3479 obducta
2799 3422 3126 3481 confusione
3161 3425 3491 3496 caligamus;
3546 3431 3758 3482 etcum

2148 3511 2309 3570 nobis
2328 3513 2495 3570 etiam
2510 3513 2718 3572 talibus
2736 3517 2878 3573 mira
2892 3517 3140 3590 quasdam
3179 3518 3451 3575 Dominus
3472 3517 3540 3575 de
3553 3535 3612 3576 se
3632 3534 3760 3575 sen-

2147 3601 2335 3658 tienda
2362 3601 2632 3670 insinuat,
2664 3604 2820 3676 quasi
2846 3605 2906 3661 in
2937 3605 3139 3663 nebula
3168 3623 3364 3664 vocem
3394 3608 3563 3664 levat.
3611 3609 3757 3665 Dum

2153 3690 2200 3725 ¹⁰
2220 3689 2544 3763 caliginosis
2563 3693 2767 3749 nostris
2797 3693 3078 3752 mentibus
3098 3695 3456 3770 semetipsum
3486 3696 3756 3770 loquitur,

2148 3777 2302 3834 velut
2329 3778 2390 3835 in
2416 3779 2618 3838 nebula
2645 3781 2692 3838 is
2721 3781 2819 3856 qui
2849 3799 2962 3840 non
2989 3785 3236 3842 cernitur
3263 3785 3505 3844 auditur.
3531 3787 3759 3844 Summa

2148 3876 2279 3924 sunt
2320 3885 2556 3944 namque
2589 3888 2710 3946 quae
2745 3872 2813 3930 de
2842 3874 2940 3932 illo
2987 3877 3392 3950 cognoscimus,
3434 3876 3532 3935 sed
3571 3885 3757 3936 tamen

2149 3957 2330 4016 adhuc
2373 3976 2499 4017 eum
2531 3962 2590 4017 in
2619 3971 2828 4020 secreta
2861 3965 3224 4038 inspiratione
3271 3985 3379 4042 qua
3425 3969 3760 4028 instruimur

2150 4063 2262 4104 non
2291 4047 2564 4106 videmus.
2590 4051 2696 4118 Qui
2719 4053 2890 4124 igitur
2917 4059 3064 4119 957
3093 4057 3356 4115 cordibus
3376 4059 3585 4116 nostris
3606 4075 3756 4132 pras-

2149 4147 2241 4204 bet
2269 4147 2489 4222 quidem
2519 4150 2874 4220 locutionem,
2906 4153 3002 4210 sed
3032 4156 3275 4212 occultat
3313 4156 3576 4230 speciem,
3605 4159 3760 4215 velut

2153 4237 2211 4292 in
2251 4237 2453 4292 nebula
2499 4238 2700 4296 format
2741 4257 2953 4298 vocem.
3001 4243 3107 4300 Sed
3149 4260 3273 4301 ecce
3314 4245 3429 4318 jam
3461 4247 3630 4303 verba
3658 4247 3758 4305 Dei

2152 4324 2486 4383 intrinsecus
2505 4330 2547 4362 “
2571 4331 2924 4402 semetipsum
2947 4331 3224 4404 loquentis
3239 4333 3518 4405 audimus,
3531 4335 3759 4410 jamque

2150 4416 2323 4470 amori
2347 4414 2480 4485 ejus
2509 4433 2615 4489 qua
2645 4420 3086 4491 continuatione,
3134 4439 3243 4496 quo
3272 4424 3458 4482 studio
3489 4425 3761 4482 inhaerere

2151 4503 2446 4562 debeamus
2470 4509 2840 4580 agnoscimus,
2871 4517 2926 4567 et
2947 4520 3126 4570 tamen
3153 4514 3222 4571 ab
3245 4514 3475 4572 interna
3494 4514 3763 4572 conside—

2157 4593 2387 4649 rationis
2415 4596 2657 4652 culmine
2681 4597 2748 4653 ad
2778 4607 3040 4656 consueta
3079 4609 3268 4658 nostra
3295 4617 3366 4658 ex
3395 4602 3514 4676 ipsa
3542 4611 3762 4662 morta-

2152 4681 2322 4738 litatis
2352 4681 2518 4755 hujus
2545 4687 2917 4744 mutabilitate
2947 4691 3271 4759 relabimur,
3309 4691 3356 4726 ¹²
3380 4700 3434 4748 et
3465 4692 3761 4748 imminen-

2153 4770 2291 4828 tium
2325 4782 2676 4846 peccatorum
2706 4777 2848 4833 male
2891 4778 3082 4835 sedula
3110 4779 3537 4853 importunitate
3567 4788 3762 4838 tenta-

2222 4943 2242 5017 ἶ
2272 4943 2434 5017 Deest
2460 4944 2752 5017 inﬁdelium
2788 4948 2845 5003 in
2876 4949 3024 5004 Prat.

2222 5013 2244 5096 ξ
2271 5013 2532 5096 Xindoc.,
2563 5017 2799 5096 _Ebro_ic.
2818 5021 3010 5096 _et_alii
3034 5021 3270 5096 _N_orr_n_.,_
3287 5021 3462 5092 iniqui
3492 5024 3754 5081 homines.

2218 5085 2532 5163 [Vindocu
2563 5089 2786 5158 Pratel.,
2818 5092 2985 5159 Utic.,
3015 5092 3118 5162 ﬁde
3145 5085 3324 5163 fideles
3351 5085 3554 5150 εἱηηιιε,

2178 5157 2269 5238 Η¹⁰
2300 5157 2463 5214 Corb.
2497 5161 2706 5230 Germ.,
2742 5157 2867 5238 val.
2899 5157 2982 5238 (ξιξ
3016 5157 3070 5218 et
3097 5157 3295 5238 baud”
3328 5165 3456 5220 dum
3483 5167 3756 5238 caligosis.

2147 5227 2318 5307 _Iid_em
2350 5238 2608 5307 praeterea
2637 5227 2763 5288 cum
2801 5233 3063 5307 Vindoc.,
3109 5227 3310 5291 Pratel.
3344 5245 3397 5292 et
3428 5238 3500 5293 al.
3534 5227 3756 5307 Νὸιίιλ.³

2148 5296 2374 5390 habent,
2404 5304 2661 5357 montibus
2686 5306 3014 5390 semetipsum
3047 5296 3306 5390 loquitur,
3324 5318 3603 5390 eapuncta
3633 5296 3755 5390 par:

2147 5371 2318 5495 31¢}an
2340 5389 2460 5442 per,
2504 5391 2624 5446 qua:
2666 5383 2748 5431 est
2790 5371 3137 5448 in'Vulgatis
3183 5371 3310 5434 aliis
3356 5371 3448 5436 hic
3486 5388 3543 5436 et
3587 5371 3757 5454 paulo

2263 5459 2312 5495 a.

2147 5457 2312 5496 lnIl‘a.

2203 5512 2473 5596 ,ίίῖΕίίἰιζζ
2493 5534 2592 5596 per
2617 5518 2965 5596 semetipsum.
3005 5519 3468 5596 _Nor_1_a_dmittunt
3490 5541 3594 5596 per
3619 5525 3752 5583 Mss.

2145 5583 2408 5711 X231???
2435 5583 2598 5645 Cdrb.
2631 5583 2840 5660 Germi,
2873 5589 3068 5660 Laud.,
3106 5592 3232 5650 Val.
3267 5601 3322 5650 et
3364 5595 3462 5651 alii
3490 5583 3756 5668 superius

2165 5669 2352 5711 auaatl
2361 5698 2373 5711 .

2217 5727 2263 5763 ³³
2291 5726 2442 5784 Edit.
2670 5733 2826 5808 1514,
2848 5734 3020 5808 Paris.
3047 5735 3184 5792 1518
3201 5743 3258 5793 et
3289 5737 3750 5808 1571,Vaticana,

2143 5795 2438 5868 Gussanv.,
2487 5809 2542 5858 et
2583 5795 2964 5864 imminentium
3003 5813 3339 5879 peccatorum
3378 5795 3514 5866 male
3562 5795 3752 5868 sedule;
