3920 6372
155 367 258 423 525

156 579 458 651 semetipso
492 582 767 653 insinuat,
799 587 857 643 in
886 590 1088 647 nebula
1116 609 1304 650 vocem
1336 596 1501 654 levat.

221 666 361 741 [Vet.
431 670 579 746 ΙΙΙ.]
626 673 680 729 5.
764 676 1155 737 Tenlationibus
1203 683 1517 742 intellectum
1562 688 1624 743 de
1657 690 1767 746 Deo

154 756 517 825 obruentibus,
540 761 650 833 ipse
690 764 827 820 Deus
855 769 1012 837 quasi
1028 771 1184 841 aquis
1199 774 1457 844 operitur.
1488 776 1631 832 Deus
1648 795 1764 846 nos,

118 896 121 899 λ
151 862 211 901 ne
244 847 463 917 quidem
494 850 621 906 dum
649 856 946 926 respuitur,
968 876 1075 914 non
1094 863 1367 935 relinquit.
1389 896 1460 908 —
1477 866 1613 924 Cum
1636 885 1765 925 vero

152 936 458 993 tentatione
493 941 763 999 vitiorum
812 946 928 1019 ipse
968 949 1037 1004 de
1078 952 1192 1008 Deo
1234 965 1421 1012 noster
1451 956 1764 1014 intellectus

154 1025 169 1058 ¹
191 1026 558 1098 opprimitur,
579 1033 735 1103 quasi
755 1051 1020 1108 aquarum
1043 1039 1250 1112 impetu
1273 1043 1331 1098 in
1350 1062 1484 1103 voce
1501 1065 1599 1105 sua
1618 1051 1763 1107 Deus

150 1114 411 1185 operitur.
467 1118 574 1175 Tot
619 1121 769 1179 enim
815 1141 977 1197 super
1041 1128 1198 1185 illum
1244 1148 1413 1206 aquas
1460 1137 1756 1208 mittimus,

150 1201 170 1235 ³
198 1211 330 1275 quot
360 1214 491 1276 post
532 1207 958 1282 inspirationem
1004 1216 1124 1290 ejus
1163 1201 1369 1290 grati—ae,
1402 1201 1761 1295 cogitationes

148 1290 372 1350 illicitas
421 1296 486 1351 in
531 1299 697 1356 corde
733 1318 1038 1361 versamus.
1082 1309 1194 1365 Nec
1242 1318 1424 1367 tamen
1466 1330 1567 1370 nos
1610 1317 1635 1367 ³.
1672 1316 1759 1371 vel

148 1396 436 1453 oppressos
469 1384 701 1459 deserit,
731 1407 859 1447 nam
892 1393 1044 1450 illico
1073 1396 1143 1452 ad
1175 1408 1416 1456 mentem
1447 1402 1612 1473 redit,
1646 1413 1760 1460 ten-

147 1470 420 1529 tationum
437 1475 676 1536 nebulas
690 1479 941 1551 discutit,
965 1484 1199 1541 imbrem
1217 1492 1660 1562 compunctionis
1678 1493 1759 1549 in-

146 1557 347 1630 fundit,
379 1572 437 1620 et
466 1565 697 1624 subtilis
718 1568 1105 1643 intelligentiae
1125 1574 1297 1631 solem
1318 1557 1571 1648 reducit;
1595 1588 1760 1654 atque

146 1649 221 1706 sic
239 1653 490 1712 ostendit
524 1667 791 1729 quantum
816 1677 916 1718 nos
936 1662 1142 1736 diligit,
1166 1667 1262 1739 qui
1290 1684 1393 1726 nos
1417 1686 1518 1728 nec
1534 1688 1660 1728 cum
1678 1688 1759 1728 re-

145 1740 358 1810 spuitur
388 1746 687 1819 relinquit,
721 1757 782 1805 ut
804 1752 996 1808 saltem
1018 1755 1098 1810 sic
1122 1756 1337 1812 erudita
1357 1758 1601 1817 humana
1628 1779 1756 1818 con-

143 1826 372 1887 scientia
400 1832 473 1889 ad
495 1850 556 1891 se
578 1839 914 1895 tentationes
941 1841 1226 1899 erubescat
1245 1844 1558 1915 admittere,
1589 1866 1752 1922 quam
1784 1882 1831 1943 B

144 1917 475 1943 ΒΑΔΑμ-ι-..
524 1940 647 1943 -..ηγ
717 1934 731 1943 .
947 1938 957 1943 -
1642 1941 1683 1943 η

143 1917 477 1992 Redemptor
519 1940 653 1981 suus
681 1934 736 1982 et
764 1938 1053 2001 vagantem
1084 1948 1197 1988 non
1212 1944 1388 1991 cessat
1412 1917 1623 1994 amare.-
1639 1941 1755 1997 Hoc

142 2003 197 2060 in
223 2006 386 2064 nobis
416 2026 523 2081 per
551 2015 906 2088 semetipsum
946 2021 1166 2092 tolerat,
1198 2023 1307 2081 hoc
1335 2026 1404 2083 ab
1436 2027 1753 2086 inﬁdelibus

144 2109 233 2166 per
260 2113 391 2155 suos
420 2102 680 2174 quotidie
723 2106 1111 2177 praedicatores
1151 2120 1350 2183 portat.
1387 2115 1407 2150 ⁴
1438 2115 1575 2187 Ejus
1603 2119 1752 2174 enim

142 2182 343 2243 donum
375 2191 617 2249 suborta
645 2192 703 2249 in
732 2195 896 2252 nobis
916 2182 1220 2257 tentatione
1250 2182 1557 2275 repellitur,
1592 2214 1647 2262 et
1674 2216 1753 2263 ta-

144 2289 262 2330 men
291 2276 361 2333 ab
390 2278 749 2339 infundendo
777 2284 1112 2346 intrinsecus
1143 2307 1370 2348 munere
1402 2310 1749 2368 nequaquam

142 2374 321 2423 nostra
351 2368 687 2429 inﬁrmitate
709 2387 1015 2434 revocatur.
1033 2378 1171 2451 Ejus
1200 2382 1419 2453 publice
1448 2384 1616 2441 verba
1643 2402 1750 2442 res-

142 2464 403 2527 puuntur,
439 2468 499 2516 et
528 2468 713 2520 tamen
733 2464 802 2520 ab
823 2468 1097 2540 eroganda
1126 2472 1314 2541 gratia:
1330 2474 1582 2545 largitate
1598 2476 1752 2531 nulla

143 2540 448 2604 inﬁdelium
480 2550 778 2624 iniquitate
820 2540 1208 2628 compescitur.
1248 2562 1386 2616 Nam
1418 2540 1561 2618 vcum
1593 2566 1750 2635 pravi

143 2629 387 2693 homines
436 2640 870 2711 praedicamenta
909 2645 1243 2717 despiciunt,
1286 2649 1542 2722 adjungit
1584 2629 1747 2709 etiam

142 2721 403 2781 miracula
433 2744 562 2800 quae
594 2739 943 2790 venerentur.
969 2735 1123 2791 Unde
1154 2744 1275 2807 post
1304 2721 1509 2796 editam
1533 2758 1746 2811 vocem,

141 2821 250 2879 post
276 2812 688 2874 inundantium
705 2835 971 2893 aquarum
993 2823 1284 2896 impetum,
1306 2835 1431 2899 apte
1456 2828 1742 2903 subjungi-

141 2903 263 2954 tur:

632 3013 859 3070 CAPUT
889 3018 939 3071 Π
969 3016 1112 3089 [Rec.
1143 3019 1253 3093 11].

205 3123 376 3184 Vnus.
410 3127 505 3183 35.
532 3159 592 3169 —
618 3129 875 3202 Nunquid
904 3134 924 3168 ⁵
961 3134 1129 3190 mittes
1156 3135 1403 3209 fulgura,
1426 3144 1475 3193 et
1503 3138 1670 3209 ibunt,
1705 3149 1753 3197 et

143 3218 449 3273 revertentia
479 3217 653 3274 dicent
682 3220 794 3288 tibi,
824 3222 1094 3279 Adsumus
1120 3226 1148 3281 ?

206 3331 255 3387 6.
287 3333 333 3389 A
365 3334 481 3389 Deo
504 3342 692 3390 exeunt
707 3340 876 3393 sancti
888 3342 1267 3411 prwdimtores
1282 3350 1329 3399 et
1346 3344 1419 3400 ad
1438 3362 1555 3401 eum
1574 3364 1747 3402 rever-

148 3425 340 3489 tuntur,
366 3424 641 3481 miracula
664 3429 855 3497 quibus
883 3441 1179 3503 coruscant,
1203 3436 1290 3491 illi
1318 3438 1419 3492 soli
1450 3438 1742 3496 tribuendo.

144 3538 206 3551 —
233 3512 478 3584 Fulgura
508 3513 709 3587 quippe
738 3533 807 3571 ex
834 3519 1083 3576 nubibus
1128 3533 1353 3594 exeunt,
1389 3526 1410 3561 ⁶
1440 3525 1584 3584 sicut
1608 3528 1748 3585 mira

146 3614 297 3669 opera
324 3619 395 3657 ex
410 3604 625 3659 sanctis
646 3605 1100 3676 praedicatoribus
1115 3613 1505 3670 ostenduntur.
1539 3617 1666 3687 Qui,
1684 3623 1748 3674 ut

148 3704 275 3761 saepe
304 3691 582 3763 diximus,
618 3694 824 3753 idcirco
857 3698 1037 3755 nubes
1082 3701 1269 3758 vocari
1304 3703 1503 3772 solent,
1535 3705 1666 3776 quia
1693 3715 1747 3763 et

148 3794 423 3841 coruscant
468 3786 775 3857 miraculis,
822 3797 875 3845 et
914 3792 1098 3848 verbis
1135 3794 1354 3864 pluunt.
1388 3796 1459 3849 Et
1486 3796 1617 3868 quia
1645 3797 1744 3853 hu-

147 3884 294 3929 mana
310 3875 503 3941 corda,
534 3885 822 3949 postquam
854 3896 950 3952 per
977 3881 1424 3954 praedicationem
1458 3895 1608 3943 mota
1632 3904 1744 3944 non

147 3957 357 4032 fuerint,
392 3964 521 4022 istis
550 3969 947 4026 miraculorum
976 3972 1286 4043 fulgoribus
1314 3975 1742 4048 conturbantur,

147 4047 405 4123 Propheta
465 4063 762 4115 attestante
808 4059 1128 4129 didicimus,
1174 4063 1269 4135 qui
1316 4064 1393 4120 ait
1444 4083 1456 4121 :
1504 4047 1744 4137 Fulgura

148 4140 538 4225 multiplicabis,
571 4152 620 4200 et
655 4149 991 4205 conturbabis
1019 4168 1105 4205 eos
1136 4152 1310 4223 (Psal.
1337 4170 1479 4223 xvu,
1514 4154 1629 4225 15).
1662 4156 1745 4213 Ac

150 4224 191 4279 si
220 4226 419 4289 diceret
455 4252 468 4289 :
504 4235 648 4291 Dum
682 4237 850 4293 verba
896 4239 1309 4312 praedicationis
1339 4249 1447 4298 tuae
1489 4258 1601 4297 non
1631 4259 1742 4300 au-

150 4311 315 4387 diunt,
379 4339 483 4394 per
537 4311 959 4396 praedicantium
1005 4329 1273 4386 miracula
1319 4331 1736 4391 conturbantur.

152 4402 291 4463 Unde
319 4410 454 4469 alias
487 4414 753 4486 scriptum
787 4427 868 4474 est
902 4437 912 4473 :
948 4420 1014 4475 In
1038 4421 1233 4475 lumine
1242 4420 1431 4491 jacula
1451 4428 1542 4478 tua
1568 4423 1739 4491 ibunt,

150 4491 199 4585 in
209 4498 478 4566 splendore
499 4504 518 4537 ⁷
537 4503 768 4575 fulgoris
783 4523 1060 4562 armorum
1074 4516 1283 4565 tuorum
1296 4512 1647 4580 (Habac.m,l
1659 4514 1712 4585 1)
1724 4557 1737 4570 .

876 376 1251 438 MORALIUM
1288 384 1421 441 LIB.
1466 386 1648 447 XXX.
1689 421 1760 433 -
1799 393 1871 449 ΙΝ
1910 395 2137 455 CAPUT
2175 401 2467 463 XXXVIII
2507 409 2569 464 B.
2609 411 2751 467 .IOB.

156 505 293 546 mur.
328 490 478 548 Cum
510 510 637 566 ergo
683 498 842 554 caecis
887 502 1091 559 nostris
1131 507 1412 564 mentibus
1440 510 1665 568 subtilia
1695 513 1763 571 de
1789 519 1841 578 A
1871 524 2103 579 tuorum.

3359 424 3472 481 526

2138 525 2340 599 Fulgor
2359 529 2559 603 quippe
2581 550 2861 593 armorum
2885 548 2967 597 est
2994 543 3215 604 claritas
3234 549 3472 607 miracu-

1878 608 2076 668 lorum.
2110 614 2297 674 Armis
2323 634 2563 695 namque
2604 638 2704 680 nos
2745 631 2985 699 tuemur,
3013 630 3214 703 jaculis
3243 639 3474 697 adversa

1877 696 2228 760 destruimus.
2275 707 2446 765 Arma
2486 726 2614 783 ergo
2651 730 2777 769 cum
2803 713 3003 788 jaculis
3051 730 3180 778 sunt
3208 726 3474 785 miracula

1875 804 2000 844 cum
2026 793 2482 863 praedicamentis.
2502 800 2687 859 Sancti
2711 806 2857 862 enim
2881 809 3262 878 praedicatores
3289 819 3474 876 verbis

1874 879 1988 935 suis
2026 885 2178 953 quasi
2211 888 2540 959 quibusdam
2576 891 2779 966 jaculis
2825 895 3171 959 adversarios
3215 904 3469 975 feriunt;

1873 972 2016 1030 958
2047 982 2214 1040 armis
2244 1002 2396 1057 vero,
2428 989 2485 1045 id
2522 999 2605 1047 est
2633 992 2937 1064 miraculis,
2966 1000 3289 1074 semetipsos
3318 1011 3472 1062 tuen-

1872 1076 1982 1139 tur,
2006 1079 2137 1129 utet
2158 1086 2425 1148 quantum
2450 1081 2563 1138 sint
2586 1084 2846 1143 audiendi
2868 1100 3065 1148 sonent
3084 1109 3182 1165 per
3202 1094 3471 1167 impetum

1866 1158 2200 1233 jaculorum,
2232 1176 2284 1223 et
2315 1179 2583 1241 quantum
2606 1175 2718 1232 sint
2737 1180 3026 1236 reverendi
3056 1184 3359 1242 clarescant
3379 1202 3474 1258 per

1871 1266 2021 1307 arma
2040 1255 2453 1316 miraculorum.
2477 1262 2614 1337 [νει.
2635 1265 2761 1341 IV.]
2782 1268 3002 1326 Dicitur
3015 1288 3142 1345 ergo
3162 1273 3230 1329 ad
3250 1255 3471 1331 beatum

1870 1338 1970 1394 Job
2000 1358 2011 1396 :
2046 1342 2304 1415 Nunquid
2330 1349 2501 1405 mittes
2525 1338 2769 1425 fulgura,
2803 1364 2853 1412 et
2878 1359 3047 1426 ibunt,
3077 1338 3132 1416 et
3156 1365 3472 1421 revertentia

1870 1427 2039 1485 dicent
2064 1434 2179 1503 tibi,
2200 1434 2467 1495 Adsumus
2485 1443 2512 1496 ?
2528 1442 2789 1501 subaudis
2813 1455 2875 1503 ut
2895 1448 3055 1505 mihi.
3080 1450 3306 1508 Vadunt
3320 1438 3469 1509 enim

1868 1516 2088 1591 fulgura
2138 1540 2264 1582 cum
2317 1529 2704 1600 praedicatores
2752 1536 3038 1594 miraculis
3085 1549 3375 1599 coruscant
3415 1550 3471 1599 et

1869 1623 2103 1680 superna
2159 1620 2467 1675 reverentia
2521 1622 2839 1681 auditorum
2893 1627 3061 1684 corda
3114 1630 3465 1703 transﬁgunt.

1866 1696 2217 1757 Revertentia
2236 1720 2367 1762 vero
2384 1708 2597 1779 dicunt,
2624 1712 2923 1782 Adsumus,
2941 1733 3068 1771 cum
3085 1734 3196 1774 non
3216 1719 3348 1788 sibi,
3370 1721 3466 1776 sed

1864 1785 1962 1840 Dei
1995 1788 2209 1847 viribus
2238 1793 2493 1852 tribuunt
2523 1798 2796 1871 quidquid
2836 1818 2893 1856 se
2923 1802 3141 1859 fortiter
3166 1785 3342 1877 egisse
3365 1823 3469 1862 co-

1862 1962 2149 2029 Quoddam
2166 1984 2403 2043 namque
2417 1972 2474 2028 in
2490 1972 2597 2030 hoc
2608 1973 2777 2031 verbo
2791 1975 3120 2052 obsequium
3135 1979 3463 2039 declaratur.

1861 2057 2218 2117 Revertentes
2248 2062 2432 2136 itaque
2471 2065 2857 2137 praedicatores
2905 2077 3123 2127 sanctos
3153 2070 3335 2129 dicere
3364 2081 3465 2143 est,

1861 2149 2144 2221 adsumus,
2180 2154 2265 2211 illi
2296 2156 2514 2214 laudem
2546 2160 2789 2218 tribuere
2810 2163 2998 2234 gratiae
3032 2181 3065 2221 a
3092 2181 3202 2239 quo
3230 2182 3287 2223 se
3315 2183 3465 2224 acce-

1861 2238 2005 2309 pisse
2023 2244 2269 2299 sentiunt
2287 2245 2577 2306 victoriam
2596 2267 2811 2323 pugnae,
2831 2268 2901 2308 ne
2921 2253 3026 2311 sibi
3048 2238 3301 2312 tribuant
3316 2258 3467 2331 quod

1860 2338 2179 2399 operantur.
2214 2334 2286 2388 Et
2314 2335 2395 2391 ire
2424 2338 2650 2409 quidem
2670 2340 2891 2413 fulgura
2905 2343 3187 2415 operando
3215 2353 3463 2418 possunt,

1860 2415 1953 2472 sed
1985 2421 2187 2477 reverti
2217 2423 2586 2495 superbiendo
2616 2443 2729 2484 non
2758 2438 3011 2502 possunt.

1934 2525 1984 2582 7.
2024 2528 2089 2582 Id
2113 2530 2367 2600 prastitit
2394 2533 2604 2593 Petrus.
2634 2566 2705 2578 —
2734 2537 3037 2597 Videamus
3068 2540 3251 2615 itaque
3278 2541 3467 2618 fulgur

1826 2614 2064 2671 -vadens
2097 2635 2111 2685 ;
2148 2619 2347 2676 claudo
2379 2623 2599 2681 cuidam
2619 2626 2697 2683 ait
2717 2627 2911 2685 Petrus
2933 2647 2945 2685 :
2970 2630 3265 2701 Argentum
3288 2638 3337 2688 et
3369 2614 3465 2691 au-

1858 2721 1984 2760 rum
2008 2723 2115 2761 non
2144 2716 2220 2764 est
2244 2712 2397 2778 mihi,
2427 2715 2569 2784 quod
2595 2724 2771 2772 autem
2798 2718 2980 2786 habeo,
3016 2720 3110 2776 hoc
3141 2721 3235 2777 tibi
3257 2722 3324 2780 do
3356 2741 3370 2780 :
3398 2725 3467 2781 In

1856 2794 2069 2849 nomine
2094 2797 2219 2851 Jesu
2253 2800 2457 2857 Christi
2482 2805 2757 2862 Nazareni
2776 2823 2931 2880 surge
2955 2814 3004 2865 et
3015 2810 3249 2867 ambula.
3272 2813 3350 2869 Et
3371 2829 3466 2884 ap-

1852 2885 2117 2954 prehensa
2145 2885 2257 2954 ejus
2284 2907 2450 2945 manu
2476 2892 2694 2949 dextera
2712 2897 2964 2952 allevavit
2977 2916 3115 2965 eum,
3145 2905 3194 2954 et
3214 2902 3466 2971 protinus

1858 2975 2198 3031 consolidata:
2226 2986 2349 3034 sunt
2378 2980 2521 3036 bases
2541 2983 2654 3053 ejus
2673 2991 2721 3038 et
2740 2988 2960 3056 plantae,
2988 2995 3037 3042 et
3052 2990 3277 3044 exiliens
3303 2991 3462 3058 stetit,

1860 3069 1909 3118 et
1924 3064 2233 3122 ambulabat
2246 3069 2395 3139 (Act.
2417 3087 2500 3137 ιιι,
2521 3072 2600 3145 6).
2621 3072 2726 3128 Sed
2742 3091 2867 3130 cum
2884 3075 2951 3131 de
2968 3074 3074 3132 huc
3088 3076 3233 3133 facto
3251 3076 3464 3134 Iudaeo-

1859 3167 1984 3207 rum
2016 3152 2211 3211 fuisset
2237 3158 2402 3214 turba
2421 3168 2717 3231 commota,
2744 3164 2765 3198 9
2798 3162 3085 3221 videamus
3111 3181 3261 3223 nunc
3279 3166 3465 3240 fulgur

1781 3245 1825 3304 C
1860 3242 2098 3314 rediens,
2123 3246 2270 3319 quod
2299 3250 2377 3304 ait
2410 3268 2421 3305 :
2465 3252 2580 3309 Viri
2598 3253 2879 3322 Israelita,
2902 3255 3032 3326 quid
3045 3256 3464 3312 admiraminiin

1854 3334 1968 3401 hoc,
1998 3340 2095 3389 aut
2120 3352 2217 3390 nos
2247 3338 2377 3407 quid
2406 3339 2708 3412 intuemini,
2756 3344 2911 3414 quasi
2937 3350 3121 3400 nostra
3149 3346 3343 3399 virtute
3368 3351 3467 3401 aut

1849 3439 1920 3495 po
1927 3428 2102 3477 testate
2112 3422 2321 3493 fecerim
2327 3445 2390 3483 us
2402 3429 2538 3485 hunc
2548 3432 2705 3488 ambu
2712 3433 2934 3490 larefDe
2940 3451 2997 3488 us
3008 3434 3303 3500 Abraham,
3318 3433 3462 3491 Deus

1855 3515 2028 3583 Isaac,
2058 3515 2201 3571 Deus
2219 3517 2401 3586 Iacob,
2419 3521 2561 3577 Deus
2571 3529 2793 3594 patrum
2815 3532 3125 3580 nostrorum
3143 3524 3465 3597 gloriﬁcaeit

1856 3603 2057 3659 Filium
2085 3622 2239 3662 suum
2267 3609 2445 3666 Iesum
2467 3611 2655 3684 (Ibid.,
2681 3614 2793 3687 12).
2817 3615 2890 3670 Et
2910 3616 3072 3687 paulo
3092 3622 3216 3686 post
3243 3633 3256 3670 :
3294 3614 3462 3684 Cujus

1854 3712 1949 3751 nos
1973 3702 2117 3752 testes
2133 3716 2334 3771 sumus,
2352 3709 2401 3758 et
2430 3704 2489 3759 in
2515 3705 2618 3777 ﬁde
2644 3707 2875 3762 nominis
2902 3707 3015 3776 ejus
3043 3707 3199 3772 hunc,
3236 3706 3281 3741 ²⁰
3309 3724 3461 3777 quem

1852 3790 2060 3847 uidistis
2088 3796 2135 3844 et
2161 3795 2347 3863 nostis,
2378 3795 2713 3866 conﬁrmavit
2736 3812 2925 3850 nomen
2953 3796 3087 3866 ejus,
3114 3803 3162 3851 et
3189 3796 3315 3868 ﬁdes
3344 3814 3461 3868 qua:

1847 3899 1948 3955 per
1975 3902 2091 3939 eum
2118 3891 2194 3940 est
2224 3886 2267 3920 ¹¹
2300 3884 2443 3939 dedit
2472 3885 2732 3955 integram
2750 3886 3031 3941 sanitatem
3057 3886 3217 3943 istam
3253 3888 3312 3941 in
3339 3903 3459 3941 con-

1852 3979 2029 4042 spectu
2060 3973 2297 4027 omnium
2312 3971 2356 4007 ¹²
2373 3978 2623 4027 vestrum.
2647 3972 2755 4027 Ivit
2771 3989 2897 4043 ergo
2918 3972 3106 4044 fulgur
3118 3990 3245 4030 cum
3266 3974 3458 4031 Petrus

1852 4062 2185 4118 miraculum
2220 4061 2372 4128 fecit,
2423 4059 2589 4115 rediit
2624 4076 2750 4116 cum
2785 4076 2897 4115 non
2941 4060 3048 4116 sibi
3094 4061 3314 4130 tribuit,
3362 4062 3459 4120 sed

1850 4151 2063 4207 auctori
2092 4149 2241 4223 quod
2261 4149 2412 4206 fecit.
2438 4147 2663 4206 Vadunt
2683 4148 2903 4221 fulgura
2922 4166 3045 4205 cum
3068 4150 3459 4221 praedicatores

1850 4239 2026 4296 sancti
2057 4240 2197 4295 mira
2226 4255 2391 4311 opera
2418 4238 2737 4306 ostendunt,
2769 4237 2864 4295 sed
2900 4239 3229 4297 revertendo
3260 4240 3459 4298 dicunt

1850 4327 2132 4397 adsumus,
2156 4346 2283 4385 cum
2309 4329 2367 4385 in
2384 4345 2449 4385 eo
2463 4328 2613 4403 quod
2629 4328 2841 4385 faciunt
2860 4328 2929 4385 ad
2950 4330 3253 4402 potentiam
3273 4339 3456 4389 aucto-

1850 4419 1926 4474 ris
1954 4426 2267 4475 recurrunt.

1919 4507 1972 4562 8.
2005 4507 2389 4563 Praedicatores
2417 4506 2490 4563 ad
2511 4506 2787 4579 publicum
2828 4508 3151 4580 operationis
3185 4508 3355 4575 missi,
3384 4507 3457 4564 ad

151 4580 321 4642 Jacula
340 4591 439 4647 Dei
466 4592 525 4646 in
547 4592 757 4650 lumine
780 4594 858 4651 ire
878 4605 959 4653 est
981 4615 1002 4651 κ
1017 4598 1145 4653 erba
1166 4599 1284 4670 ejus
1304 4611 1489 4672 aperta
1509 4580 1738 4659 veritate
1762 4607 1811 4666 D
1847 4602 2094 4651 secretum
2113 4596 2564 4668 contemplationis
2584 4595 2759 4653 redire
2779 4605 2979 4655 οηνεηιο
3002 4631 3072 4641 -·
3092 4597 3250 4666 ΟυΟά
3270 4605 3455 4654 tamen

153 4685 406 4737 resonare.
451 4680 559 4735 Sed
597 4684 727 4753 quia
755 4701 895 4756 saepe
930 4684 1183 4741 homines
1214 4688 1381 4744 verba
1409 4690 1537 4745 vita:
1568 4692 1733 4746 etiam

155 4756 413 4823 intellecta
442 4769 781 4842 despiciunt,
828 4773 1209 4847 adjunguntur
1252 4778 1416 4833 etiam
1448 4780 1731 4836 miracula.

154 4847 293 4911 Unde
322 4857 434 4917 illic
464 4860 713 4918 subdidit
745 4880 756 4919 :
789 4865 857 4920 In
884 4866 1160 4937 splendore
1189 4866 1419 4939 fulgoris
1459 4887 1738 4925 armorum

156 5046 353 5122 import.
378 5057 880 5119 Hallucinationem
904 5063 1247 5120 correximus
1267 5080 1335 5120 ex
1352 5066 1478 5123 Mss.
1494 5066 1737 5138 Anglic.,

155 5118 349 5195 Ηρτωη
381 5130 543 5188 Corb.
597 5134 807 5195 Germ..
852 5134 1052 5195 Laud..
1100 5146 1229 5195 etc..
1280 5152 1495 5194 necnon
1524 5154 1594 5194 ex
1622 5145 1734 5195 vet.

258 5143 349 5194 m.,
381 5143 543 5188 ωτι).
597 5143 807 5194 Germ..
852 5143 1052 5194 Laud.
1100 5146 1229 5194 etc..
1280 5152 1495 5194 necnon
1524 5154 1594 5194 ex
1622 5145 1734 5194 vet.

155 5149 349 5196 norim,
381 5149 543 5188 μοι-ι).
597 5149 807 5203 uerm.,
852 5149 1052 5205 haud,
1100 5149 1229 5206 etc.,

154 5188 485 5291 Edit‘.rl’a§is.
522 5204 678 5291 1&95.
711 5278 725 5291 ‘
806 5279 893 5291 η,
1188 5281 1198 5291 ,
1264 5281 1272 5291 ,

220 5267 240 5352 ξ
267 5269 521 5352 Yindog,
551 5277 773 5352 Pratel.,
806 5279 975 5347 Utic.,
1007 5281 1384 5352 supprimitur.

221 5336 663 5433 igorbz-G‘err‘nq
687 5336 926 5433 Turon.,
960 5336 1176 5433 Norm.,
1235 5352 1431 5433 Laud,
1466 5352 1588 5433 Val.
1623 5351 1731 5433 UL,

155 5401 390 5495 {fingitis
409 5417 484 5473 ita
499 5401 728 5488 habent,
737 5401 1451 5495 ash’p'asiagépi’raﬁaisﬁ,
1464 5401 1736 5495 magia;

158 5479 634 5576 inalgdi‘t.lrecent:,
667 5479 1113 5576 corruptissime:
1144 5573 1153 5576 _
1181 5567 1219 5576 _
1451 5567 1462 5576 _
1588 5479 1617 5495 υ
1652 5567 1663 5576 ,

195 5550 373 5640 ,ΪῩεΙσ
400 5558 509 5640 CL,
529 5550 928 5640 velpppress‘us,
950 5565 1345 5640 scilicetDeus,
1370 5567 1465 5640 qui
1481 5567 1734 5640 superius

158 5613 346 5711 dicitur
365 5613 837 5711 ojéijdifté‘g'jmr
856 5613 1040 5691 tamen
1060 5637 1119 5711 in
1130 5638 1255 5693 aliis
1280 5613 1410 5695 ΜΕ
1428 5641 1509 5694 vel
1522 5613 1733 5711 oppres-

159 5702 249 5773 808_.
270 5694 435 5773 99:1}.
468 5694 919 5773 Germ.,vbabent
944 5716 1053 5763 utr.
1088 5710 1211 5766 lect.

270 5764 522 5862 Xindoc.,
550 5763 683 5862 Ecce
699 5777 812 5862 ejus
839 5778 1117 5862 donum.“
1306 5851 1323 5862 ‘
1404 5853 1414 5862 .
1535 5853 1547 5862 _
1624 5853 1633 5862 _

221 5835 240 5865 δ
270 5835 463 5901 Turon.
484 5835 539 5901 et
559 5835 955 5918 Corb.'Germ.,
979 5850 1165 5916 mittis,
1180 5851 1327 5924 quod
1343 5853 1509 5910 etiam
1534 5853 1734 5925 legitur

1845 4684 2078 4757 intelligi
2106 4696 2161 4741 et
2207 4687 2368 4741 aliter
2397 4692 2595 4757 potest.
2638 4686 2879 4758 Fulgura
2924 4687 3151 4755 etenim,
3193 4686 3338 4743 sicut
3366 4702 3454 4742 su-

1845 4772 2029 4842 perius
2058 4773 2268 4830 dictum
2300 4782 2402 4841 est,
2423 4774 2599 4829 sancti
2624 4773 2732 4828 viri
2756 4772 3056 4828 mittuntur
3081 4780 3136 4827 et
3164 4777 3298 4825 eunt
3313 4787 3450 4869 cum

1845 4878 1877 4917 a
1905 4871 2113 4921 secreto
2155 4861 2637 4934 contemplationis
2676 4861 2746 4918 ad
2789 4861 3074 4934 publicum
3117 4861 3454 4932 operationis

1848 5063 2221 5141 inngnnlillis
2249 5061 2452 5141 Edit._
2521 5133 2552 5141 Α
2793 5131 2807 5141 ,
2878 5131 2888 5141 ,

1920 5137 1946 5211 εἶ
1977 5136 2057 5211 Ita
2076 5135 2305 5203 Turon.,
2330 5133 2492 5211 gorb.
2512 5133 2722 5211 G_erm.,
2743 5131 3001 5211 plerique
3015 5128 3227 5211 Norm.,
3248 5123 3421 5211 Laud.
3430 5170 3448 5200 ,

1848 5207 1971 5264 Val.
1998 5206 2082 5263 Cl.
2114 5213 2170 5260 et
2197 5200 2307 5261 vet.
2335 5205 2580 5277 Vulgati,
2610 5221 2643 5261 a
2662 5200 2864 5277 quibus
2889 5200 3207 5258 deﬁcientes
3229 5208 3437 5258 recent.

1844 5277 2471 5355 habe_nt,cumm_i1ja.__
2563 5345 2635 5355 μ
2749 5345 2759 5355 ,
3029 5344 3038 5353 .

1914 5351 1935 5385 ⁷
1973 5344 2145 5405 Laud.
2172 5355 2227 5403 et
2254 5348 2378 5405 Val.
2412 5346 2474 5405 Cl
2506 5390 2519 5413 ,
2550 5345 2806 5418 fulguris,
2837 5352 2892 5402 et
2919 5344 2996 5401 ita
3024 5344 3189 5400 infra.

1919 5421 1940 5456 ⁸
1972 5421 2195 5487 Pratel.,
2225 5420 2358 5490 quid
2385 5425 2459 5473 est
2486 5418 2642 5472 enim.

1915 5494 1937 5528 θ
1969 5488 2629 5572 ϐοώκβότωηηρτθίιει.)
2673 5496 2729 5545 et
2774 5488 2941 5558 Utic.,
2982 5489 3262 5549 Videamus
3306 5504 3450 5546 nunc

1841 5563 2030 5635 fulgur
2056 5564 2287 5618 rediens.
2318 5563 2416 5618 Ait
2447 5579 2465 5616 .'
2496 5562 2640 5620 Viri.
2989 5631 3000 5643 ο
3100 5634 3111 5645 ⁸

1917 5637 1962 5672 ¹⁰
1993 5635 2229 5693 Vindoc.
2260 5641 2314 5689 et
2342 5635 2460 5706 pler
2514 5634 2728 5702 Norm.,
2757 5649 2912 5704 quem
2945 5633 3159 5691 videtis.

1918 5708 1960 5743 ¹¹
1994 5706 2258 5778 Vindoc.,
2287 5706 2431 5761 dedit
2459 5706 2546 5763 illi
2575 5706 2854 5778 integram.

1918 5779 1963 5815 ¹²
1994 5777 2192 5847 Laud,
2212 5782 2474 5835 nostrum.
