3920 6378
397 361 503 418 527

1613 355 1863 413 SANCTI
1901 354 2237 414 GREGORII
2274 355 2502 414 MAGNI

3600 350 3714 409 528

392 489 615 542 exeunt.
656 482 954 540 Mittuntur
992 487 1047 537 et
1098 478 1310 538 vadunt
1365 496 1492 539 cum
1539 495 1608 538 ex
1659 481 1982 540 abscondito
2009 485 2060 544 A
2085 481 2462 556 designantur,
2484 482 2593 541 nisi
2621 481 2786 541 modo
2805 481 2918 540 alio
2934 481 3154 555 repetiti
3175 480 3344 540 iidem
3363 477 3712 555 prsedicato-

391 569 784 648 speculationis
811 569 1022 628 intima
1053 569 1110 626 in
1141 570 1336 627 activae
1364 569 1494 627 vitae
1516 569 1866 628 latitudinem
1889 570 1996 627 dif-

391 661 722 720 funduntur.
767 661 872 719 Sed
920 669 1252 719 revertentes
1297 661 1492 719 dicunt
1533 663 1667 729 Deo,
1709 661 1994 732 adsumus,

391 751 518 826 quia
564 758 687 826 post
734 767 904 826 opera
959 751 1236 808 exteriora
1299 767 1420 825 quae
1465 759 1731 823 peragunt
1777 766 1992 823 semper

389 840 457 898 ad
495 841 680 898 sinum
729 840 1216 913 contemplationis
1256 847 1572 908 recurrunt,
1621 848 1682 896 ut
1725 838 1846 898 illic
1898 856 1997 896 ar-

389 928 541 987 doris
588 929 675 986 sui
731 928 1010 985 ﬂammam
1069 927 1343 993 reﬁciant,
1399 935 1452 984 et
1507 927 1662 1001 quasi
1717 943 1786 984 ex
1851 934 1998 984 tactu

390 1035 640 1093 supernae
687 1017 956 1076 claritatis
998 1015 1300 1089 ignescant.
1351 1014 1529 1074 Citius
1588 1016 1737 1072 enim
1785 1018 1801 1052 ⁸
1851 1016 1996 1072 inter

389 1109 510 1182 ipsa
555 1109 686 1168 licet
729 1108 875 1166 bona
921 1108 1195 1164 exteriora
1241 1123 1408 1180 opera
1459 1107 1835 1180 frigescerent,
1885 1107 1995 1164 nisi

391 1199 700 1257 intentione
775 1197 1014 1256 sollicita
1095 1197 1165 1254 ad
1243 1196 1730 1268 contemplationis
1813 1196 1994 1269 ignem

390 1289 728 1347 incessanter
750 1288 1013 1344 redirent.
1047 1287 1202 1344 Unde
1232 1286 1370 1344 bene
1398 1303 1492 1359 per
1521 1287 1869 1342 Salomonem
1901 1285 1998 1341 di—

391 1379 536 1436 citur
568 1397 580 1435 :
613 1378 701 1435 Ad
733 1379 922 1447 locum,
943 1378 1006 1434 de
1033 1395 1135 1450 quo
1165 1383 1354 1432 exeunt
1380 1376 1601 1448 ﬂumina
1635 1381 1996 1444 revertuntur,

390 1476 449 1527 ut
475 1469 667 1525 iterum
695 1469 867 1540 ﬂuant
891 1469 1090 1540 (Eccle.
1117 1483 1158 1536 ι,
1183 1467 1212 1521 7
1216 1469 1264 1538 ).
1289 1466 1396 1538 Ipsi
1415 1465 1618 1539 quippe
1636 1465 1752 1522 illic
1766 1464 1998 1521 ﬁumina

391 1559 486 1634 qui
516 1559 610 1616 hic
638 1559 859 1632 fulgura
882 1568 1012 1616 sunt
1041 1556 1244 1615 vocati.
1279 1557 1302 1591 ³
1331 1556 1470 1624 Quia
1513 1557 1663 1612 enim
1693 1555 1860 1612 corda
1888 1571 1998 1610 au-

389 1648 663 1707 dientium
692 1649 892 1722 rigant,
925 1647 1157 1704 ﬂumina
1188 1665 1202 1714 ;
1235 1647 1365 1722 quia
1384 1662 1516 1703 vero
1537 1645 1868 1716 accendunt,
1891 1645 1994 1700 ful-

393 1761 528 1819 gnra
559 1753 959 1804 memorantur.
1007 1747 1086 1803 De
1128 1743 1332 1818 quibus
1362 1741 1506 1800 959
1542 1743 1678 1800 alias
1727 1743 1996 1816 scriptum

2106 588 2192 628 res
2220 573 2414 642 sancti,
2447 573 2543 647 qui
2573 572 2719 631 inter
2745 571 2999 630 tenebras
3018 570 3150 628 vita;
3178 570 3464 644 prasentis
3483 567 3716 628 student

2107 670 2396 720 venturam
2476 663 2654 719 lucem
2743 660 3109 734 praedicando,
3179 659 3336 734 quasi
3411 659 3714 728 cantando,

2107 752 2361 809 nuntiare
2391 752 2420 809 ?
2447 752 2652 810 Dicunt
2681 751 2829 808 enim
2863 769 2875 807 :
2909 751 3034 808 Non:
3057 749 3344 823 praecessit,
3385 750 3497 806 dies
3527 755 3715 806 autem

2105 843 2561 914 appropinquavit
2571 843 2872 909 (Romam,
2882 841 2995 914 12).
3013 840 3120 909 Qui
3148 839 3378 897 vocibus
3389 841 3509 897 suis
3524 841 3548 876 ⁸
3561 855 3716 896 som-

2107 945 2242 986 num
2269 931 2447 987 nostri
2477 931 2717 1004 torporis
2741 932 3052 998 excutiunt,
3084 931 3384 987 clamantes
3409 946 3420 986 :
3455 930 3610 986 Hora
3639 933 3720 984 est

2097 1017 2217 1087 jam
2244 1037 2339 1075 nos
2361 1020 2422 1076 de
2441 1037 2622 1076 somno
2643 1037 2859 1092 surgere
2876 1021 3052 1091 (Rom.
3074 1036 3200 1088 xm,
3222 1020 3336 1091 ii).
3360 1020 3433 1075 Et
3451 1033 3677 1076 rursum
3699 1033 3713 1072 :

2105 1108 2392 1178 Evigilate,
2414 1107 2578 1178 justi,
2605 1111 2767 1166 nolite
2789 1125 3004 1182 peccare
3033 1109 3091 1181 (Ι
3119 1109 3246 1166 Cor.
3278 1123 3376 1176 xv,
3408 1106 3525 1180 34).
3562 1103 3710 1181 [γει.

2114 1196 2200 1271 ιζ]
2228 1200 2305 1253 De
2332 1197 2439 1255 hoc
2467 1199 2610 1270 gallo
2629 1215 2846 1256 rursum
2865 1198 3132 1272 scriptum
3147 1207 3230 1255 est
3253 1216 3265 1254 :
3293 1197 3426 1254 Tria
3451 1203 3576 1252 sunt
3593 1213 3720 1268 qua

2107 1289 2229 1344 bene
2253 1290 2601 1361 gradiuntur,
2629 1297 2677 1347 et
2701 1298 2952 1362 quartum
2979 1291 3121 1363 quod
3139 1289 3364 1360 feliciter
3380 1288 3606 1344 incedit:
3636 1289 3719 1344 leo

2105 1375 2435 1448 fortissimus
2465 1380 2772 1449 bestiarum,
2813 1381 2886 1437 ad
2913 1382 3116 1436 nullius
3141 1379 3355 1452 pavebit
3378 1393 3657 1434 occursum
3696 1395 3721 1444 ;

2107 1471 2282 1541 gallus
2312 1471 2604 1527 succinctus
2635 1473 2858 1538 lumbos,
2889 1477 2938 1527 et
2971 1471 3134 1539 aries,
3163 1486 3254 1524 nec
3280 1475 3355 1524 est
3381 1485 3481 1524 rex
3507 1469 3606 1541 qui
3631 1484 3719 1526 re-

2107 1560 2258 1616 sistat
2283 1561 2333 1616 ei
2364 1562 2552 1632 (Prov.
2585 1577 2725 1632 xxx,
2755 1562 2872 1634 29).
2918 1562 3038 1634 Ipse
3080 1560 3281 1634 quippe
3330 1557 3437 1616 hoc
3476 1558 3598 1615 loco
3626 1557 3718 1614 leo

2106 1650 2330 1722 ponitur
2355 1649 2425 1708 de
2455 1668 2564 1725 quo
2591 1653 2858 1726 scriptum
2879 1659 2963 1710 est
2995 1670 3007 1709 :
3051 1653 3181 1711 Vicit
3211 1653 3287 1708 leo
3307 1652 3370 1708 de
3399 1651 3539 1707 tribu
3567 1651 3719 1707 Iuda

2109 1742 2294 1813 (Apoc.
2331 1759 2391 1810 ν,
2411 1743 2496 1813 5).
2521 1743 2627 1810 Qui
2648 1743 2984 1800 fortissimus
3003 1743 3302 1801 bestiarum
3324 1743 3556 1812 dicitur,
3578 1743 3713 1816 quia

387 1842 470 1892 est
489 1835 1129 1906 :Elevaveruntﬂumina,
1145 1834 1369 1891 Domine
1388 1853 1409 1901 ;
1429 1831 1996 1904 elevaveruntflumina
2027 1847 2074 1908 Β
2106 1830 2164 1886 in
2195 1831 2293 1887 illo
2320 1830 2428 1889 hoc
2457 1832 2604 1904 quod
2633 1833 2918 1890 inﬁrmum
2940 1841 3023 1889 est
3039 1834 3157 1902 Dei,
3191 1833 3392 1890 fortius
3421 1840 3503 1889 est
3533 1832 3717 1888 homi-

392 1927 414 1960 ⁸
442 1941 588 1980 voces
613 1941 740 1980 suas
765 1925 945 1996 (Psal.
981 1940 1118 1994 xcu,
1148 1923 1228 1997 3).
1274 1925 1346 1980 Et
1388 1940 1608 1980 rursum
1644 1941 1656 1978 :
1695 1923 2000 1985 Illuxerung

388 2013 614 2090 fulgura
635 2015 748 2087 eius
769 2016 886 2072 orbi
907 2023 1062 2072 terrae
1093 2017 1268 2090 (Psal.
1291 2035 1440 2086 xcvi,
1457 2017 1541 2089 4).
1564 2015 1652 2073 Ad
1668 2017 1849 2072 locum
1870 2027 1998 2084 ergo

387 2102 459 2161 de
487 2121 598 2178 quo
625 2114 833 2164 exeunt
862 2105 1095 2163 ﬁumina
1124 2114 1500 2173 revertuntur,
1524 2106 1656 2180 quia
1681 2102 1857 2161 sancti
1889 2099 1998 2157 viri

391 2194 494 2252 etsi
523 2212 556 2252 a
586 2203 887 2270 conspectu
907 2197 1169 2255 creatoris
1189 2197 1298 2268 sui,
1312 2197 1472 2271 cujus
1487 2196 1794 2254 claritatem
1816 2199 2001 2248 mente

393 2285 710 2358 conspicere
729 2295 1020 2357 conantur,
1041 2288 1186 2345 foras
1201 2295 1426 2362 propter
1446 2303 1547 2342 nos
1569 2285 1636 2340 ad
1655 2284 1847 2341 activa:
1871 2281 1997 2337 vitae

395 2373 768 2433 ministerium
798 2376 1054 2447 veniunt,
1078 2377 1414 2435 incessanter
1432 2383 1618 2433 tamen
1646 2372 1716 2430 ad
1745 2378 1997 2430 sanctum

393 2465 880 2539 contemplationis
900 2465 1148 2524 studium
1179 2471 1494 2534 recurrunt,
1511 2470 1565 2520 et
1585 2463 1631 2520 si
1658 2462 1718 2518 in
1738 2460 1998 2534 praedica-

393 2551 545 2608 tione
582 2567 681 2610 sua
725 2555 972 2612 exterius
1025 2557 1230 2612 nostris
1271 2554 1498 2612 auribus
1556 2569 1653 2626 per
1694 2551 2000 2622 corporalia

396 2640 564 2698 verba
590 2657 648 2698 se
675 2641 938 2710 fundunt,
958 2652 1140 2700 mente
1159 2651 1345 2701 tamen
1363 2641 1536 2698 tacita
1549 2641 1620 2698 ad
1647 2639 1996 2698 consideran-

395 2728 532 2785 dum
559 2744 776 2802 semper
799 2731 982 2802 ipsum
1012 2731 1222 2788 fontem
1253 2731 1486 2788 luminis
1516 2736 1890 2786 revertuntur.
1922 2729 2000 2784 De

397 2817 600 2892 quibus
627 2825 682 2874 et
708 2817 848 2875 bene
877 2819 1083 2877 dicitur
1115 2838 1128 2876 :
1169 2822 1231 2878 Ut
1263 2821 1458 2876 iter-um
1477 2823 1668 2892 ﬂuant.
1699 2819 1817 2876 Nisi
1849 2818 1998 2873 enim

397 2907 466 2963 ad
511 2907 999 2982 contemplandum
1047 2912 1221 2966 Deum
1273 2910 1512 2966 sollicita
1557 2925 1776 2981 semper
1818 2915 2001 2964 mente

399 3007 766 3069 recurrerent,
795 2999 1062 3056 nimirum
1100 3002 1122 3035 ‘
1155 3001 1370 3056 interna
1398 3001 1618 3059 siccitas
1646 3001 1812 3057 etiam
1839 3007 2003 3055 exte-

402 3087 549 3144 riora
581 3089 991 3161 praedicationis
1019 3106 1209 3146 eorum
1240 3089 1409 3148 verba
1435 3093 1688 3149 siccaret.
1733 3089 1839 3146 Sed
1867 3089 2001 3144 dum

2106 1919 2272 1977 nibus
2303 1920 2360 1992 (Ι
2397 1922 2524 1978 Cor.
2559 1938 2599 1990 ι,
2623 1923 2740 1994 25).
2760 1922 2873 1989 Qui
2893 1921 2962 1977 ad
2982 1923 3193 1978 nullius
3214 1931 3376 1995 pavet
3396 1937 3714 1978 occursum.

2106 2009 2254 2064 Dicit
2287 2009 2432 2065 enim
2460 2026 2473 2066 :
2514 2009 2661 2070 Venit
2683 2011 2926 2082 princeps
2953 2012 3139 2067 mundi
3157 2011 3336 2081 hujus,
3359 2012 3483 2068 etin
3511 2028 3592 2066 me
3610 2027 3720 2066 non

2106 2098 2257 2154 habet
2283 2099 2578 2170 quidquam
2614 2101 2793 2172 (Joan.
2845 2117 2966 2170 xiv,
3003 2101 3118 2174 30).
3167 2101 3358 2158 Gallus
3398 2101 3718 2158 succinctus

2108 2187 2346 2258 lumbos,
2388 2188 2446 2245 id
2495 2198 2577 2246 est
2634 2190 3022 2263 praedicatores
3070 2191 3245 2248 sancti
3285 2190 3433 2247 inter
3473 2191 3496 2227 ⁸
3547 2188 3719 2262 hujus

2106 2279 2286 2335 noctis
2314 2279 2569 2337 tenebras
2598 2296 2791 2338 verum
2841 2297 3000 2338 mane
3037 2282 3382 2338 nuntiantes.
3425 2279 3534 2349 Qui
3576 2295 3719 2338 suc-

2106 2369 2278 2427 cincti
2311 2370 2529 2428 lumbos
2572 2380 2722 2442 sunt,
2764 2373 2892 2446 quia
2935 2388 2967 2428 a
3011 2371 3277 2429 membris
3319 2371 3435 2428 suis
3477 2371 3719 2428 luxuriat

2107 2459 2280 2516 ﬂuxia
2327 2463 2686 2536 restringunt.
2736 2465 2799 2520 In
2847 2463 3052 2520 lumbis
3092 2465 3298 2537 quippe
3346 2463 3572 2520 luxuria
3611 2472 3716 2522 est.

2108 2551 2262 2608 Unde
2292 2561 2346 2609 et
2374 2553 2579 2610 eisdem
2609 2571 2642 2610 a
2669 2555 2907 2611 Domino
2935 2554 3145 2612 dicitur
3176 2571 3189 2610 :
3227 2555 3347 2611 Sint
3368 2555 3535 2610 lumbi
3553 2555 3722 2611 vestri

2077 2644 2376 2715 'pra-cincti
2403 2645 2562 2717 (Luc.
2608 2660 2710 2713 ιη,
2757 2644 2872 2717 35).
2919 2645 2992 2700 Et
3021 2645 3184 2713 aries,
3230 2661 3332 2702 nec
3373 2653 3456 2702 est
3492 2661 3590 2702 rex
3620 2645 3719 2719 qui

2109 2733 2325 2790 resistat
2353 2734 2424 2790 ei.
2456 2734 2630 2802 Quem
2659 2734 2831 2791 alium
2859 2734 2966 2792 hoc
2991 2736 3113 2792 loco
3143 2735 3374 2791 arietem
3405 2734 3716 2808 accipimus

2110 2823 2217 2878 nisi
2248 2825 2490 2896 primum
2521 2825 2668 2882 intra
2698 2825 3004 2882 Ecclesiam
3033 2825 3287 2882 ordinem
3317 2825 3670 2883 sacerdotum
3689 2824 3722 2884 τ

2109 2913 2188 2968 De
2221 2913 2422 2987 quibus
2451 2914 2719 2987 scriptum
2738 2921 2848 2970 est:
2868 2917 3069 2986 Afferte
3088 2915 3316 2971 Domino
3332 2915 3474 2987 ﬁlios
3487 2915 3720 2969 arietum

2114 3003 2287 3073 (Psal.
2320 3020 2526 3073 xxvm,
2562 3006 2616 3078 i)
2653 3023 2670 3073 ;
2707 3005 2803 3078 qui
2833 3020 2930 3077 per
2965 3005 3220 3076 exempla
3245 3019 3345 3060 sua
3373 3003 3718 3077 gradientem

2113 3096 2257 3156 960
2286 3104 2572 3176 populum,
2614 3103 2772 3176 quasi
2809 3102 3234 3175 subsequentem
3277 3102 3468 3159 ovium
3497 3118 3719 3176 gregem

398 3177 788 3280 Ῡίδθτθῇθθιξω
833 3179 1210 3280 ξηάθείηθηίθτ
1266 3181 1488 3280 sulm“:
1521 3181 1676 3255 (Πιθεῖ
1706 3179 2004 3280 de“???
2039 3219 2082 3280 Ο
2113 3191 2362 3248 trahunt.
2396 3192 2609 3260 Quibus
2637 3192 2964 3264 spiritaliter
2983 3199 3238 3264 recteque
3255 3191 3573 3249 viventibus
3593 3192 3719 3250 nul-

399 3267 547 3323 foras
572 3267 804 3326 ﬁumina
832 3269 984 3326 intus
1018 3283 1234 3342 semper
1275 3271 1553 3340 oriuntur,
1587 3280 1863 3344 quatenus
1886 3271 2004 3326 illic

399 3359 638 3415 amando
665 3368 888 3418 sumant
918 3361 1065 3418 unde
1093 3363 1164 3419 ad
1197 3379 1298 3420 nos
1341 3362 1695 3435 praedicando
1736 3362 2000 3419 defluant.

399 3448 627 3505 Dicatur
641 3449 963 3521 igiturrecte
988 3452 1274 3523 :Nunquid
1286 3452 1456 3508 mittes
1483 3451 1730 3523 fulgura,
1760 3457 1806 3506 et
1833 3452 2002 3518 ibunt,

401 3543 449 3594 et
475 3539 791 3595 revertentia
819 3540 988 3596 dicent
1012 3541 1129 3608 tibi,
1148 3541 1420 3598 Adsumus
1439 3543 1466 3598 ἲ
1497 3540 1770 3600 Subaudis
1795 3549 1857 3597 ut
1882 3556 2000 3612 ego,

405 3627 504 3700 qui
533 3627 926 3701 praedicatores
955 3646 1107 3687 meos
1125 3647 1253 3689 cum
1273 3632 1504 3688 voluero
1524 3638 1647 3704 post
1674 3630 2004 3702 contempla-

403 3717 576 3774 tionis
595 3718 827 3792 gratiam
848 3719 918 3777 ad
937 3719 1132 3777 activae
1153 3721 1283 3777 vita
1303 3720 1676 3778 ministerium
1697 3735 2001 3792 compono;

401 3823 542 3880 quos
567 3815 755 3865 tamen
771 3823 986 3882 semper
1001 3825 1033 3866 a
1046 3808 1210 3866 bonis
1224 3809 1594 3866 exterioribus
1623 3809 1693 3866 ad
1721 3809 2004 3865 internum

401 3897 622 3956 culmen
664 3898 1150 3971 contemplationis
1183 3915 1403 3969 revoco,
1456 3908 1519 3956 ut
1561 3898 1727 3956 modo
1758 3897 1900 3971 jussi
1935 3896 2005 3954 ad

400 3987 706 4046 exercenda
735 4004 900 4062 opera
929 3998 1148 4060 exeant,
1179 3989 1346 4046 modo
1376 3991 1620 4047 revocati
1649 3988 1718 4045 ad
1747 3987 2006 4062 specula-

401 4077 572 4134 tionis
591 4077 838 4135 studium
860 4080 1006 4152 apud
1025 4095 1111 4136 me
1125 4079 1458 4136 familiarius
1478 4081 1690 4136 vivant.
1711 4079 2004 4136 Reverten-

401 4173 485 4223 tes
513 4167 698 4240 itaque
715 4167 912 4224 dicunt
941 4169 1242 4238 Adsumus,
1274 4169 1404 4244 quia
1433 4168 1690 4242 quamvis
1719 4184 1813 4240 per
1841 4175 2006 4223 exte-

403 4255 551 4312 riora
578 4264 700 4313 acta
717 4272 912 4328 parum
943 4257 1077 4331 quid
1097 4258 1555 4330 contemplationi
1577 4257 1762 4314 deesse
1783 4256 2005 4312 videan-

404 4360 519 4422 tur,
545 4369 639 4426 per
659 4353 910 4410 ardorem
937 4361 1122 4411 tamen
1137 4355 1420 4424 desiderii,
1445 4370 1608 4428 quem
1626 4355 1682 4410 in
1710 4360 1890 4410 mente
1909 4369 2008 4409 sua

405 4443 670 4501 continue
692 4443 1019 4512 accendunt,
1054 4445 1414 4517 obsequentes
1442 4446 1556 4501 Deo
1585 4460 1738 4500 suam
1775 4457 2006 4516 praesen-

2114 3282 2199 3337 lus
2227 3297 2324 3336 rex
2352 3281 2558 3354 suﬂicit
2577 3283 2807 3338 omnino
2838 3283 3110 3353 resistere,
3134 3283 3263 3357 quia
3282 3281 3520 3356 quilibet
3537 3297 3720 3354 perae.

2112 3380 2272 3430 cutor
2286 3372 2494 3441 obviet,
2520 3372 2886 3430 intentionem
2902 3389 3092 3430 eorum
3109 3389 3220 3429 non
3233 3373 3379 3428 valet
3391 3371 3716 3446 praepedire.

2112 3465 2308 3522 Sciunt
2335 3464 2483 3520 enim
2512 3461 2581 3519 ad
2606 3479 2734 3519 eum
2763 3478 2927 3536 quem
2955 3462 3294 3530 desiderant,
3320 3467 3376 3516 et
3404 3460 3570 3518 anxie
3594 3477 3718 3519 cur-

2113 3572 2251 3626 rere,
2283 3565 2338 3612 et
2374 3555 2665 3612 moriendo
2701 3553 3008 3626 pervenire.
3057 3552 3290 3609 Ponitur
3335 3567 3466 3625 ergo
3503 3551 3720 3625 primus

2113 3647 2218 3714 leo,
2249 3645 2521 3702 secundus
2569 3643 2765 3717 gallus,
2809 3641 3006 3699 tertius
3045 3641 3208 3699 aries.
3265 3641 3538 3715 Apparuit
3565 3643 3718 3700 enim

2113 3738 2393 3808 Christus,
2409 3736 2609 3794 deinde
2633 3736 2809 3794 sancti
2831 3733 3214 3810 praedicatores
3231 3734 3488 3808 apostoli,
3505 3741 3562 3792 et
3581 3741 3721 3794 tunc

2113 3827 2334 3884 demum
2393 3825 2667 3900 spiritales
2728 3834 2909 3899 patres
2968 3823 3347 3882 Ecclesiarum
3409 3824 3717 3897 praepositi,

2113 3916 2370 3974 videlicet
2399 3915 2564 3973 duces
2602 3931 2846 3988 gregum,
2891 3913 3022 3988 quia
3065 3913 3320 3972 doctores
3361 3915 3718 3989 sequentium

2114 4006 2442 4079 populorum
2453 4049 2464 4062 .

2187 4095 2272 4153 10.
2305 4095 2667 4152 Antichristus
2686 4095 2914 4151 elevatus
2933 4094 2986 4149 in
3008 4094 3250 4164 sublime,
3275 4095 3470 4151 stultus
3489 4112 3718 4168 appare-

2113 4187 2208 4243 bit.
2240 4187 2307 4243 In
2335 4186 2432 4242 hac
2459 4185 2569 4241 vita
2596 4201 2704 4240 non
2731 4201 2880 4241 omne
2907 4185 3048 4258 quod
3067 4185 3210 4252 bene,
3229 4185 3478 4256 feliciter,
3499 4203 3591 4242 nec
3608 4202 3721 4242 om-

2112 4293 2175 4332 ne
2202 4274 2342 4347 quod
2369 4273 2617 4346 feliciter,
2647 4275 2785 4330 bene.
2817 4305 2888 4316 —
2917 4274 3022 4332 Sed
3053 4273 3170 4333 haec
3197 4274 3381 4334 adhuc
3410 4275 3612 4332 melius
3639 4273 3719 4330 af-

2114 4365 2418 4433 ﬁrmamus,
2451 4365 2498 4421 si
2527 4362 2773 4435 ejusdem
2803 4364 2914 4422 loci
2947 4365 3113 4422 etiam
3145 4366 3359 4440 reliqua
3383 4365 3721 4440 exponendo

2115 4454 2493 4526 subjiciamus.
2533 4455 2670 4511 Nam
2719 4453 2848 4526 quia
2896 4463 3018 4527 post
3073 4454 3190 4513 haec
3235 4465 3289 4513 et
3335 4455 3722 4514 Antichristus

403 4533 541 4590 tiam
570 4534 889 4643 ostendunt.
907 4534 1190 4592 Adsumus
1204 4552 1440 4643 namque
1469 4534 1651 4594 dicere
1671 4541 1751 4592 est
1771 4551 2007 4607 praesen-
2035 4581 2086 4643 Β
2115 4545 2418 4618 apparebit,
2481 4543 2587 4601 hoc
2643 4543 2760 4600 illic
2814 4551 3072 4617 quartum
3123 4543 3393 4615 subdidit,
3451 4545 3645 4604 dicens
3702 4565 3716 4602 :

404 4632 486 4684 tes
513 4641 571 4683 se
600 4626 837 4684 amando
865 4634 1190 4684 monstrare.
1220 4626 1482 4701 Sequitur
1512 4645 1524 4684 :

861 4725 1089 4784 CAPUT
1117 4728 1192 4784 1n
1224 4725 1368 4802 [Rea
1407 4726 1548 4802 III].

475 4823 647 4885 Vnus.
686 4825 774 4884 36.
805 4857 877 4870 —
903 4827 1035 4896 Quis
1057 4828 1238 4900 posuit
1267 4827 1323 4882 in
1351 4827 1639 4883 visceribus
1668 4825 1896 4882 hominis
1924 4842 2010 4881 sa-

401 4917 662 4990 pientiam
681 4918 709 4973 ?
742 4918 820 4974 vel
848 4918 968 4988 quis
997 4918 1139 4972 dedit
1165 4919 1307 4990 gallo
1335 4917 1734 4988 intelligentiam
1762 4917 1791 4971 i’

473 5006 526 5062 9.
559 5006 1010 5063 Prcedicatoribus
1034 5023 1136 5077 per
1167 5008 1371 5078 gallum
1395 5006 1534 5061 diem
1554 5011 1710 5061 cantu
1743 5021 2012 5076 primun-

407 5098 620 5155 tiantem
639 5099 945 5172 ﬁgura-ntis,
966 5099 1095 5155 data
1113 5118 1150 5156 a
1166 5099 1275 5155 Deo
1295 5097 1660 5169 intelligentia.
1689 5095 1835 5152 Galli
1853 5095 2012 5166 hujus

405 5204 500 5246 cur
527 5189 692 5246 lumbi
717 5190 990 5252 succincti.
1007 5220 1081 5234 —
1099 5189 1207 5260 Qui
1228 5187 1334 5246 hoc
1356 5188 1480 5245 loco
1505 5185 1602 5243 alii
1633 5185 1764 5258 galli
1782 5184 2009 5242 nomine

417 5481 428 5496 .
482 5412 498 5448 ί
530 5410 694 5470 Corb.
727 5412 934 5484 Germ.,
983 5415 1183 5485 Laud,
1233 5413 1356 5472 Val.
1389 5411 1496 5480 Cl.,
1535 5413 1673 5486 pler.
1704 5413 1921 5478 Norm.,
1949 5411 2008 5467 in

406 5501 622 5638 ipsiaSic
811 5573 1019 5638 omnes.
1053 5559 1125 5612 At
1155 5557 1304 5613 Editi
1337 5559 1520 5638 :_qu_ia_
1540 5558 1790 5638 enim...“
1821 5555 2005 5638 rigant

405 5627 630 5698 flumina
648 5627 898 5682 dicuntur
909 5628 1037 5698 quia
1052 5645 1172 5683 vero
1185 5627 1470 5685 accendunt
1488 5629 1708 5702 fulgura
1726 5627 2004 5685 vocantur.

480 5699 502 5734 ³
534 5698 653 5758 ΑΙ..
691 5713 863 5754 vocem
896 5705 1064 5758 tuam.
1093 5706 1155 5756 ut
1183 5700 1286 5758 lea.
1311 5701 1370 5756 in
1398 5701 1572 5758 Laud.
1606 5708 1661 5758 et
1689 5701 1814 5758 Val.
1847 5699 1930 5758 Cl.

482 5717 502 5734 ο
534 5717 653 5766 AL,
691 5717 863 5754 vocem
896 5717 1064 5768 tuam,
1093 5717 1155 5756 ut
1183 5717 1286 5773 leg.
1311 5717 1370 5756 ιιι
1398 5717 1572 5758 ωηο.
1606 5717 1661 5758 et
1699 5717 1814 5758 val.
1847 5717 1930 5758 ω.

482 5771 504 5806 ⁴
546 5767 804 5852 Mendose
825 5769 896 5852 .in
925 5769 1120 5852 Corb.“
1141 5771 1354 5852 Germ.,
1389 5779 1443 5828 et
1473 5772 1532 5828 in
1559 5772 1819 5852 omnibus
1849 5770 2000 5852 Ediﬁt.

410 5857 548 5914 quos
585 5841 968 5900 consuluimus
995 5843 1197 5913 legitur
1233 5842 1444 5899 interna
1478 5844 1700 5900 ascitas.
1732 5842 2002 5914 Corrupto

2113 4638 2188 4694 Et
2219 4636 2312 4708 qui
2340 4637 2532 4693 stultus
2581 4635 2857 4708 apparuit,
2917 4641 3202 4708 postquam
3257 4637 3487 4692 elevatus
3541 4642 3620 4691 est
3660 4636 3720 4691 in

2116 4727 2351 4783 sublime.
2384 4726 2442 4782 Si
2464 4725 2600 4781 enim
2628 4725 2988 4793 intellexisset,
3029 4726 3115 4780 ori
3141 4725 3471 4797 imposuisset
3498 4743 3721 4783 manum

2120 4818 2307 4891 (Prov.
2341 4832 2480 4886 xxx,
2511 4815 2625 4889 32).
2675 4816 2794 4888 Ipse
2837 4817 3039 4890 quippe
3075 4816 3134 4872 in
3181 4815 3418 4874 sublime
3463 4816 3720 4874 elevabi—

2118 4915 2230 4977 tur,
2259 4923 2386 4964 cum
2422 4908 2596 4963 Deum
2653 4921 2710 4962 se
2764 4923 2879 4964 esse
2932 4908 3248 4964 mentietur.
3309 4907 3416 4964 Sed
3471 4907 3721 4964 elevatus

2121 5000 2178 5056 in
2215 4999 2455 5055 sublime
2502 4998 2704 5056 stultus
2745 4998 3048 5070 apparebit,
3098 4999 3229 5071 quia
3276 4997 3334 5053 in
3365 4998 3484 5070 ipsa
3531 4999 3721 5054 eleva-

2120 5091 2271 5146 tione
2353 5106 2450 5146 sua
2532 5105 2628 5162 per
2681 5089 2981 5147 adventum
3046 5087 3164 5144 veri
3209 5087 3418 5160 jndicis
3472 5088 3718 5147 deﬁciet.

2121 5182 2279 5251 Quod
2299 5182 2346 5239 si
2365 5180 2744 5248 intellexisset,
2763 5180 2846 5236 ori
2868 5179 3220 5252 imposuisset
3234 5195 3462 5237 manum
3483 5197 3497 5248 ;
3531 5177 3594 5236 id
3611 5185 3720 5248 est,

2115 5408 2247 5467 huic
2276 5409 2396 5464 loco
2427 5405 2692 5464 medelam
2713 5403 3002 5461 attulimus
3020 5417 3090 5459 ex
3108 5401 3238 5461 Mss.
3255 5400 3480 5459 Ebroic.
3508 5407 3564 5458 et
3589 5399 3721 5458 aliis

2112 5483 2466 5624 No5r$§lngatu
2484 5565 2834 5624 somnum..._..
2853 5549 3082 5624 exciunt.
3097 5545 3448 5624 OmnesMss:
3469 5545 3718 5624 Anglic.,

2113 5616 2611 5692 Norm.,'Turon.,
2659 5621 2917 5690 Vindoc.,
2966 5617 3163 5692 Laud.,
3216 5617 3339 5692 Va_l.
3389 5617 3496 5692 Cl.,
3541 5616 3718 5675 Corb.

2114 5689 2324 5764 Germ.,
2367 5689 2635 5768 Longipi
2667 5692 2903 5768 habent,
2935 5690 3223 5748 excutiunt.
3279 5689 3364 5746 Ita
3403 5691 3568 5746 etiam
3600 5697 3715 5746 vet.

2112 5767 2263 5825 Edit.
2296 5764 2578 5835 Paris.,'e't
2607 5764 2955 5823 Basileensis.

2185 5842 2207 5876 ⁸
2237 5839 2466 5908 Turon.,
2497 5837 2660 5908 hujus
2683 5836 2888 5893 mundi.
