3920 6374
182 363 283 422 529

889 368 1266 430 MORALIUM
1305 372 1441 434 LIB.
1484 375 1667 436 XXX.
1711 406 1776 419 -
1814 379 1889 437 IN
1923 378 2155 441 CAPUT
2192 383 2485 443 XXXVIII
2522 388 2587 443 B.
2626 390 2769 446 JOB.

3381 396 3491 453 530

168 488 225 546 'si
249 488 588 561 supplicium
616 505 781 550 suum
809 509 937 551 cum
965 497 1247 570 superbire
1275 515 1506 559 exorsus
1534 511 1616 560 est
1638 519 1770 577 prae-
1801 508 1853 569 A
1881 505 2038 565 Gallo
2068 508 2251 581 itaque
2278 508 2645 583 intelligentia
2671 510 2906 588 desuper
2922 517 3210 593 tribuitur,
3234 522 3366 598 quia
3393 522 3489 584 do-

178 576 425 648 vidisset,
452 580 593 638 bene
610 581 912 656 aliquando
932 586 1191 645 conditus
1215 590 1231 625 ¹
1262 588 1321 646 in
1345 598 1513 650 tantae
1526 576 1776 667 jactatio-

176 685 291 726 nem
322 671 596 744 superbia
627 688 741 731 non
769 676 966 734 fuisset
984 679 1179 737 elatus.
1202 683 1281 738 De
1301 699 1410 757 quo
1431 702 1775 760 nequaquam

176 769 387 818 moveat
431 762 581 836 quod
625 767 877 837 superius
912 768 1121 826 dictum
1153 781 1235 829 est
1267 790 1279 828 :
1336 775 1598 841 Quartum
1637 777 1779 847 quod

173 852 359 907 incedit
375 852 608 923 feliciter
638 854 828 926 (Ibid.,
844 859 961 932 29).
997 860 1123 917 Tria
1143 862 1346 936 quippe
1367 866 1619 922 incedere
1638 866 1776 925 bene

172 939 331 1009 dixit,
365 949 424 997 et
452 949 714 1016 quartum
764 943 1022 1005 feliciter.
1066 950 1188 1007 Non
1237 953 1387 1009 enim
1437 971 1598 1011 omne
1628 957 1776 1030 quod

170 1028 424 1100 feliciter,
457 1031 628 1101 bene;
672 1049 850 1107 neque
880 1036 937 1092 in
968 1037 1074 1096 hac
1108 1041 1219 1097 vita
1246 1060 1410 1100 omne
1439 1046 1585 1118 quod
1614 1028 1773 1116 bene,

168 1117 421 1177 feliciter.
446 1122 582 1178 Nam
608 1122 716 1192 leo,
739 1124 937 1196 gallus,
959 1135 1013 1183 et
1031 1130 1175 1185 aries
1203 1131 1342 1189 bene
1363 1117 1648 1203 incedunt,
1679 1136 1773 1194 sed

168 1223 273 1265 non
291 1208 386 1267 hic
404 1210 667 1282 feliciter,
685 1215 816 1287 quia
834 1220 1269 1287 persecutionem
1299 1222 1443 1279 bella
1464 1225 1768 1297 patiuntur.

166 1298 428 1368 Quartum
461 1318 597 1360 vero
625 1303 885 1375 feliciter,
916 1315 970 1363 et
998 1325 1109 1365 non
1138 1310 1277 1369 bene
1307 1312 1534 1383 incedit,
1557 1316 1686 1388 quia
1712 1317 1783 1373 in

163 1389 373 1449 fallacia
401 1408 507 1450 sua
532 1394 919 1453 Antichristus
948 1399 1250 1472 gradietur,
1294 1405 1387 1461 sed
1413 1402 1577 1477 juxta
1604 1406 1772 1465 breve

163 1487 372 1554 tempus
388 1483 525 1540 vita
548 1486 836 1555 praesentis
860 1487 979 1559 ipsa
994 1487 1078 1545 illi
1100 1490 1318 1548 fallacia
1337 1496 1768 1568 prosperabitur,

160 1569 299 1626 sicut
316 1571 384 1629 de
408 1589 480 1631 eo
498 1575 602 1632 sub
625 1577 891 1635 Antiochi
922 1579 1101 1651 specie
1130 1597 1226 1654 per
1247 1584 1527 1640 Danielem
1556 1585 1769 1644 dictum

159 1666 268 1715 est:
298 1661 493 1718 Robur
521 1664 707 1721 datum
734 1673 812 1722 est
837 1667 886 1723 ei
912 1674 1096 1725 contra
1114 1670 1243 1743 juge
1270 1674 1613 1746 sacriﬁcium,
1642 1694 1769 1748 pro-

151 1756 268 1823 pter
289 1759 533 1823 peccata,
563 1761 615 1811 et
631 1765 1003 1829 prosternetur
1029 1761 1228 1817 veritas
1256 1762 1313 1817 in
1343 1769 1509 1829 terra,
1539 1770 1588 1818 et
1607 1763 1771 1835 faciet

1886 599 2024 655 ctori
2057 600 2328 669 veritatis,
2373 600 2554 658 virtus
2583 602 2958 675 discretionis,
2987 616 3052 667 ut
3078 613 3320 683 noverit,
3352 615 3490 688 qui—

1885 686 2009 758 bus,
2040 689 2194 763 quid,
2227 689 2467 766 quando,
2511 692 2600 749 vel
2631 694 2909 768 quomodo
2950 697 3172 769 inferat,
3211 686 3488 761 divinitus

1886 778 2255 837 ministratur.

1960 866 2098 941 [Vat
2139 868 2256 943 VL]
2291 870 2374 927 i2.
2422 872 2748 929 Exhortatio
2776 890 2893 945 qua:
2919 874 3238 947 quibusdam
3270 883 3491 954 prodest

1884 955 2010 1011 aliis
2023 959 2383 1016 nocet.—Non
2400 962 2549 1017 enim
2581 978 2692 1018 una
2718 961 3019 1040 eademque
3046 969 3265 1028 cunctis
3290 973 3486 1032 exhor-

1883 1048 2020 1102 tatio
2040 1049 2322 1118 convenit,
2355 1049 2484 1124 quia
2513 1067 2614 1109 nec
2633 1060 2861 1111 cunctos
2882 1071 2979 1129 par
3009 1073 3224 1117 morum
3252 1063 3487 1135 qualitas

1883 1135 2160 1209 astringit.
2192 1138 2213 1172 ⁴
2245 1137 2396 1211 Saepe
2425 1140 2573 1196 enim
2605 1143 2733 1199 aliis
2761 1143 3012 1203 ofﬁciunt
3045 1165 3167 1221 quas
3196 1150 3322 1208 aliis
3350 1168 3489 1225 pro—

1881 1235 2030 1282 sunt.
2081 1227 2216 1283 Nam
2245 1236 2300 1285 et
2330 1229 2651 1305 plerumque
2693 1231 2877 1292 herbae
2921 1252 3042 1311 quae
3071 1237 3190 1297 haec
3226 1242 3489 1300 animalia

1882 1316 2157 1387 reﬁciunt,
2190 1320 2299 1376 alia
2329 1321 2626 1390 occidunt;
2659 1333 2714 1381 et
2741 1324 2881 1382 lenis
2915 1327 3112 1386 sibilus
3141 1347 3310 1406 equos
3341 1335 3487 1392 miti-

1880 1413 1989 1480 gat,
2037 1409 2247 1466 catulos
2284 1409 2544 1483 instigat;
2579 1420 2633 1469 et
2662 1414 3125 1476 medicamentum
3159 1423 3307 1495 quod
3337 1423 3489 1484 hunc

1877 1497 2132 1554 morbum
2165 1499 2470 1568 imminuit,
2504 1503 2665 1560 alteri
2696 1504 2842 1562 vires
2864 1504 3089 1580 jungit;
3122 1517 3178 1566 et
3203 1512 3363 1584 panis
3388 1514 3487 1589 qui

1876 1587 2049 1644 vitam
2080 1589 2311 1647 fortium
2348 1591 2587 1661 roborat,
2620 1596 2979 1667 parvulorum
3011 1607 3189 1657 necat.
3223 1602 3326 1659 Pro
3356 1587 3484 1676 qua-

1876 1679 2031 1735 litate
2061 1678 2233 1752 igitur
2260 1679 2608 1740 audientium
2638 1684 2867 1742 formari
2895 1685 3059 1745 debet
3090 1706 3271 1748 sermo
3300 1691 3484 1751 doctO'

1877 1785 2020 1838 rum,
2054 1779 2108 1827 et
2136 1770 2205 1826 ad
2234 1787 2335 1827 sua
2372 1770 2606 1841 singulis
2635 1783 2921 1847 congruat,
2970 1784 3025 1832 et
3053 1787 3238 1835 tamen
3265 1797 3295 1838 a
3324 1797 3488 1840 com-

156 1844 202 1894 et
214 1843 636 1914 prosperabitur
665 1846 833 1917 (Dan.
865 1865 989 1917 VIII,
1022 1849 1136 1920 i2).
1171 1851 1331 1918 Quod
1360 1852 1620 1909 Salomon
1647 1854 1724 1911 ait
1748 1874 1760 1912 :
1797 1874 1844 1936 Β
1880 1853 2063 1936 munis
2080 1853 2464 1914 aedificationis
2476 1866 2591 1914 arte
2610 1843 2894 1933 nunquam
2907 1843 3151 1921 recedat.
3171 1864 3318 1935 Quid
3337 1869 3487 1926 enim

157 1927 355 1984 Incedit
370 1928 629 2001 feliciter,
649 1931 758 1991 hoc
774 1935 969 1993 Daniel
991 1936 1129 1995 dicit
1141 1940 1573 2011 prosperabitur.
1597 1942 1766 1998 Juxta
1797 1927 1842 1936 ”
1876 1952 2009 2001 sunt
2027 1929 2262 2002 intentae
2292 1955 2502 2004 mentes
2529 1927 2869 2019 auditorum,
2912 1951 3022 2009 nisi
3049 1927 3214 2027 quasi
3235 1956 3486 2029 quadam

155 2014 256 2074 hoc
274 2018 460 2094 itaque
476 2022 864 2083 testimonium
886 2028 1034 2101 quod
1056 2045 1152 2101 per
1170 2030 1518 2088 Salomonem
1535 2031 1760 2089 dicitur:

82 2125 89 2135 ’
159 2108 339 2166 Gallus
363 2114 664 2172 succinctus
695 2117 897 2175 lumbos
920 2118 1107 2191 (Prov.
1132 2136 1274 2190 xxx,
1295 2121 1414 2195 3i),
1446 2130 1570 2195 apte
1597 2123 1763 2180 etiam

155 2198 253 2258 hoc
264 2201 386 2260 loco
402 2204 615 2276 gallum
631 2216 850 2266 sanctos
863 2210 1253 2282 praedicatores
1263 2213 1589 2286 accipimus.
1607 2214 1694 2273 Ad
1706 2231 1763 2272 se

152 2307 269 2366 ergo
299 2304 509 2355 cuncta
537 2300 780 2360 referens
808 2304 1080 2362 Dominus
1106 2305 1249 2365 dicit
1279 2324 1293 2363 :
1346 2309 1479 2377 Quis
1497 2310 1678 2381 posuit
1706 2312 1763 2366 in

150 2382 426 2472 uisceribus
474 2390 707 2448 hominis
748 2395 1114 2465 sapientiam?
1150 2399 1234 2454 uel
1272 2398 1393 2469 quis
1438 2399 1581 2455 dedit
1617 2402 1761 2472 gallo

156 2469 555 2547 intelligentiam
567 2481 596 2537 ἵ
616 2481 700 2538 Ac
721 2481 770 2539 si
790 2482 998 2541 diceret
1017 2501 1028 2539 :
1057 2485 1120 2541 In
1140 2501 1237 2542 cor
1255 2486 1503 2544 hominis
1519 2469 1763 2546 humana

152 2564 409 2637 sapientis
455 2584 712 2641 supernas
749 2572 1032 2643 sapientiae
1079 2576 1311 2646 gratiam
1348 2577 1474 2650 quis
1504 2578 1760 2637 infudit?

151 2653 229 2710 vel
270 2655 410 2728 ipsis
457 2659 666 2717 sanctis
708 2661 1167 2733 praedicatoribus
1208 2666 1354 2739 quis,
1414 2667 1523 2724 nisi
1580 2684 1699 2741 ego,
1736 2669 1759 2705 ³

153 2741 578 2832 intelligentiam
634 2750 809 2820 dedit,
860 2760 922 2808 ut
967 2756 1145 2811 sciant
1173 2756 1396 2829 quando
1432 2760 1524 2815 vel
1556 2759 1758 2832 quibus

152 2829 378 2893 debeant
425 2845 728 2895 venturum
781 2857 943 2898 mane
998 2844 1308 2902 nuntiare?
1362 2829 1589 2905 Idcirco
1607 2849 1756 2905 enim

150 2927 361 2996 quando
390 2935 449 2984 et
478 2928 613 3000 quid
643 2938 806 3003 agant
834 2932 1103 3003 sentiunt,
1130 2935 1260 3008 quia
1288 2934 1395 2992 hoc
1425 2936 1758 2994 intrinsecus

152 3029 230 3072 me
256 3017 545 3073 revelante
574 3029 935 3091 cognoscunt.
983 3022 1299 3080 Notandum
1332 3041 1465 3081 vero
1496 3033 1578 3082 est
1608 3026 1755 3099 quod

149 3104 415 3177 sapientia
461 3105 738 3165 divinitus
779 3110 1047 3183 inspirata
1086 3112 1146 3169 in
1176 3113 1483 3172 visceribus
1511 3115 1757 3173 hominis

150 3194 386 3266 ponitur,
409 3195 544 3269 quia
563 3197 829 3256 nimirum
862 3208 1130 3273 quantum
1153 3203 1221 3260 ad
1242 3205 1541 3262 electorum
1564 3223 1754 3262 nume-
1784 3242 1829 3304 Ο

147 3300 258 3341 rum
279 3294 515 3360 spectat,
549 3304 663 3345 non
695 3290 751 3346 in
787 3291 920 3349 solis
948 3294 1201 3361 vocibus,
1231 3295 1327 3352 sed
1355 3297 1521 3353 etiam
1552 3296 1610 3352 in
1633 3313 1751 3354 sen-

150 3374 298 3435 sibus
317 3376 507 3447 datur,
537 3385 601 3434 ut
608 3378 770 3451 juxta
790 3381 939 3455 quod
962 3382 1210 3456 loquitur
1228 3384 1417 3458 lingua
1435 3387 1591 3442 vivat
1609 3404 1752 3445 con-

151 3464 393 3535 scientia,
414 3474 475 3523 et
491 3467 589 3522 lux
606 3467 721 3539 ejus
735 3476 891 3527 tanto
904 3472 1109 3529 clarius
1124 3474 1471 3545 resplendeat
1485 3476 1545 3532 in
1564 3493 1748 3550 super-

149 3550 262 3612 ﬁcie
288 3564 505 3628 quanto
536 3556 721 3613 verius
751 3558 1053 3618 inardescit
1077 3562 1137 3618 in
1166 3563 1353 3622 corde.

212 3642 350 3718 [Rec.
376 3645 509 3722 IV.]
544 3647 629 3704 11.
665 3650 935 3716 Quantum
962 3652 1275 3707 animarum
1301 3660 1529 3711 rectores
1557 3657 1748 3713 discre-

148 3731 272 3789 tione
299 3736 599 3809 indigeant.
617 3738 889 3810 —Magni
919 3746 1103 3795 autem
1134 3739 1337 3798 laboris
1357 3750 1439 3799 est
1467 3743 1573 3801 hoc
1601 3746 1750 3818 quod

145 3820 389 3881 additur:
432 3826 525 3884 Vel
552 3826 673 3897 quis
698 3827 841 3883 dedit
865 3829 1008 3899 gallo
1029 3828 1452 3903 intelligentiam,
1468 3833 1748 3892 subtiliori

145 3910 315 4000 adhuc
367 3915 725 3991 expositione
775 3918 1069 3977 discutere.
1120 3923 1493 3997 Intelligentia
1544 3927 1748 4000 quippe

146 3998 420 4062 doctorum
486 4012 645 4065 tanto
672 4023 790 4066 esse
834 4008 1098 4066 subtilior
1124 4010 1308 4082 debet,
1350 3998 1573 4087 quanto,
1592 3998 1745 4073 sevad

147 4096 478 4161 penetranda
504 4095 814 4156 invisibilia
839 4108 1078 4170 exercet,
1118 4111 1325 4175 quanto
1353 4105 1432 4160 nil
1464 4108 1743 4165 materiale

147 4176 381 4255 discutit,
406 4194 622 4261 quanto
642 4195 698 4245 et
717 4204 815 4262 per
835 4207 1026 4248 vocem
1045 4194 1294 4266 corporis
1314 4194 1565 4268 loquens,
1597 4203 1737 4261 961

147 4291 298 4337 omne
325 4283 478 4355 quod
506 4291 589 4340 est
617 4285 863 4358 corporis
890 4290 1109 4347 transit.
1131 4289 1263 4359 Quae
1293 4292 1538 4363 profecto
1566 4296 1742 4352 nulla-

150 4369 299 4425 leuus
326 4373 566 4430 summis
592 4384 939 4448 congrueret,
962 4378 1068 4435 nisi
1086 4382 1331 4438 cantanti
1353 4397 1467 4439 eam
1495 4384 1660 4455 gallo,
1683 4383 1741 4441 id

145 4462 218 4511 est
254 4460 575 4529 praedicanti
617 4462 853 4534 doctori,
911 4466 1026 4540 ipse
1082 4485 1428 4528 summorum
1485 4474 1743 4532 conditor

146 4542 493 4608 ministraret.
539 4552 971 4625 lntelligentiam
1025 4573 1245 4633 quoque
1291 4561 1467 4633 gallus
1504 4564 1736 4636 accepit,

145 4639 201 4719 ut
227 4637 374 4707 prius
415 4642 678 4698 nocturni
724 4646 990 4716 temporis
1024 4645 1187 4704 horas
1215 4648 1496 4719 discutiat,
1526 4659 1581 4708 et
1606 4660 1741 4710 tunc

146 4717 352 4785 domum
392 4745 591 4787 vocem
631 4731 988 4791 excitationis
1015 4736 1258 4806 emittat,
1303 4739 1434 4811 quia
1479 4717 1740 4799 videlicet

147 4822 353 4875 sanctus
373 4821 610 4894 quisque
636 4822 968 4893 praedicator
986 4824 1044 4881 in
1063 4826 1417 4886 auditoribus
1444 4830 1559 4887 suis
1589 4832 1742 4904 prius

147 4904 451 4971 qualitatem
481 4910 612 4966 vita:
643 4912 974 4983 considerat,
1010 4923 1065 4971 et
1089 4924 1223 4975 tunc
1252 4917 1475 4975 demum
1506 4920 1575 4977 ad
1603 4937 1742 4978 eru-

147 4986 391 5077 diendum
444 5016 747 5073 congruam
803 5019 996 5061 vocem
1054 5004 1462 5077 praedicationis
1514 5009 1735 5068 format.

147 5072 299 5144 Quasi
330 5090 479 5146 enim
508 5072 675 5148 horas
705 5091 885 5150 noctis
904 5091 1214 5151 discernere
1235 5096 1257 5131 ³
1275 5105 1359 5153 est
1386 5105 1736 5169 peccatorum

148 5172 326 5231 merita
351 5178 681 5253 dijudicare,
726 5182 882 5257 quasi
912 5183 1077 5241 horas
1105 5185 1287 5243 noctis
1315 5185 1627 5244 discernere
1655 5197 1739 5246 est

148 5259 409 5324 actionum
438 5270 693 5328 tenebras
712 5279 838 5345 apta
862 5273 1257 5347 increpationis
1276 5292 1413 5332 voce
1437 5276 1730 5350 corripere.

213 5435 232 5525 ξ
264 5438 532 5525 ξοςωλ-θῐ
559 5445 826 5525 γᾳιεριη
856 5449 927 5525 in
956 5455 1106 5525 tanta
1136 5450 1428 5521 jactatione
1453 5453 1730 5525 superbire.

212 5503 232 5591 ζ
266 5508 383 5591 Xa]:
416 5514 524 5591 CL,
554 5503 1123 5591 enuticusunus.

211 5576 231 5668 ξ
255 5576 561 5668 νγίῑὶρεθῃῖη
583 5576 780 5668 ϐἱιοζ,
801 5576 1323 5668 Vatic.,f_§1iizsanv.,
1350 5605 1480 5666 etc.,
1506 5597 1729 5668 legitur,

148 5651 215 5726 εξί
244 5657 673 5723 pmdicatorum.
720 5651 978 5719 Errorem
992 5651 1007 5661 ’
1025 5651 1369 5725 detexerunt
1385 5651 1519 5725 iisti
1535 5651 1727 5726 ﬁeri):

148 5712 338 5802 Germ.,
368 5712 1010 5803 Αῆέῐίδζζ’1ίῖοῖιίἱ.ζ’ἰίέι.
1027 5712 1542 5807 ἴιῖζῖέέἑίὀιῗῧέὶ.
1566 5712 1727 5798 Eii?

148 5782 304 5850 Paris.
335 5806 386 5854 et
413 5802 580 5859 Basil.

241 5809 304 5850 IS.
335 5809 386 5854 et
414 5809 580 5858 Basil.

213 5862 232 5896 "
267 5865 386 5927 Val.
417 5872 501 5931 Cl.
534 5881 589 5931 et
616 5874 778 5934 Corb.
809 5878 1019 5947 Germ.,
1044 5895 1177 5952 stejie
1202 5888 1396 5938 autem.

1875 2033 1933 2090 in
1963 2031 2178 2090 cithara
2223 2035 2502 2093 tensiones
2535 2044 2717 2095 strata
2755 2038 3091 2098 chordarum
3112 2042 3142 2099 ‘l
3191 2060 3326 2118 quas
3353 2054 3487 2104 tan-

1874 2122 2036 2195 gendi
2057 2123 2282 2194 artifex,
2309 2134 2371 2183 ut
2391 2141 2505 2182 non
2526 2125 2892 2201 sibimetipsis
2910 2128 3185 2189 dissimile
3203 2136 3485 2194 canticum

1872 2212 2101 2282 faciant,
2131 2212 2480 2274 dissimiliter
2508 2218 2711 2290 pulsat.
2747 2218 2835 2277 Ed
2863 2218 3073 2279 idcirco
3104 2221 3323 2282 chordas
3355 2243 3484 2285 con-

1871 2318 2063 2359 sonam
2115 2303 2552 2364 modulationem
2599 2307 2863 2379 reddunt,
2907 2311 3039 2383 quia
3092 2328 3205 2370 uno
3257 2315 3483 2389 quidem

1871 2392 2100 2466 plectro,
2153 2393 2248 2451 sed
2294 2410 2407 2452 non
2451 2413 2563 2454 uno
2611 2397 2858 2472 impulsu
2895 2398 3196 2460 feriuntur.
3246 2404 3401 2462 Unde
3428 2413 3484 2463 et

1871 2481 2064 2539 doctor
2093 2482 2345 2558 quisque,
2378 2493 2441 2542 ut
2468 2486 2527 2542 in
2559 2503 2671 2544 una
2698 2495 2929 2547 cunctos
2958 2491 3166 2549 virtute
3194 2491 3482 2552 charitatis

1870 2574 2126 2644 aediﬁcet,
2167 2592 2236 2631 ex
2266 2592 2377 2633 una
2405 2575 2680 2647 doctrina,
2730 2578 2825 2635 sed
2868 2596 2981 2636 non
3030 2596 3142 2638 una
3181 2581 3482 2659 eademque

1869 2664 2258 2724 exhortatione
2286 2673 2509 2739 tangere
2538 2667 2703 2725 corda
2733 2668 3084 2727 audientium
3116 2667 3299 2731 debet.

1941 2754 2027 2811 13.
2067 2757 2179 2812 Pro
2210 2757 2543 2830 singulorum
2585 2760 2867 2831 qualitate,
2908 2762 3071 2818 varia
3112 2763 3316 2821 monita
3343 2765 3481 2822 den-

1870 2849 1977 2900 tur.
1994 2846 2101 2887 -δ
2124 2846 2306 2902 Aliter
2330 2863 2571 2920 namque
2603 2850 2734 2917 viri,
2768 2851 2930 2908 aliter
2957 2852 3320 2912 admouenda;
3348 2865 3479 2913 sunt

1865 2932 2124 3002 femina;
2174 2935 2334 2992 aliter
2355 2934 2609 3007 juvenes,
2638 2938 2801 2995 aliter
2827 2956 3020 3007 senes;
3070 2943 3233 3001 aliter
3262 2944 3484 3018 inopes,

1864 3024 2027 3080 aliter
2073 3024 2410 3097 locupletes;
2466 3026 2629 3084 aliter
2672 3028 2805 3096 laeti,
2838 3030 3004 3087 aliter
3037 3032 3259 3102 tristes;
3316 3034 3477 3091 aliter

1864 3113 2095 3184 subditi,
2141 3115 2304 3173 aliter
2330 3117 2576 3189 praelati;
2616 3118 2780 3176 aliter
2808 3121 2977 3189 servi,
3028 3123 3189 3180 aliter
3217 3123 3470 3193 domini;

1863 3205 2025 3262 aliter
2052 3204 2221 3277 hujus
2253 3206 2448 3263 mundi
2490 3208 2787 3279 sapientes,
2832 3208 2994 3267 aliter
3023 3210 3279 3282 hebetes;
3313 3214 3474 3272 aliter

1863 3294 2235 3368 impudentes,
2268 3295 2431 3354 aliter
2454 3298 2790 3367 verecundi;
2818 3299 2980 3358 aliter
3017 3304 3281 3373 protervi,
3314 3304 3474 3361 aliter

1863 3386 2278 3457 pusillanimes;
2333 3386 2495 3445 aliter
2540 3386 2912 3461 impatientes,
2960 3390 3122 3447 aliter
3162 3392 3468 3466 patientes;

1861 3475 2023 3533 aliter
2050 3475 2330 3545 benevoli,
2361 3477 2521 3533 aliter
2550 3477 2765 3547 invidi;
2797 3479 2961 3537 aliter
2987 3480 3284 3555 simplices,
3313 3483 3473 3542 aliter

1860 3562 2069 3637 impuri
2092 3582 2106 3631 ;
2139 3564 2301 3621 aliter
2330 3565 2657 3636 incolumes,
2678 3567 2843 3625 aliter
2868 3571 3028 3642 aegri;
3064 3572 3227 3627 aliter
3253 3572 3347 3646 qui
3376 3572 3471 3630 ila-

1861 3652 2001 3726 gella
2021 3662 2294 3722 metuunt,
2319 3663 2373 3712 et
2394 3664 2682 3728 propterea
2702 3656 3027 3716 innocenter
3046 3659 3249 3716 vivunt
3269 3678 3282 3728 ;
3307 3662 3469 3720 aliter

1860 3741 1955 3814 qui
2003 3741 2085 3800 sic
2130 3742 2189 3798 in
2218 3742 2513 3816 iniquitate
2542 3744 2873 3814 duruerunt,
2908 3754 2970 3803 ut
2999 3763 3101 3805 nec
3128 3764 3226 3822 per
3253 3747 3468 3823 ﬂagella

1859 3832 2241 3905 corrigantur;
2289 3834 2453 3889 aliter
2482 3834 2654 3891 nimis
2684 3835 2868 3903 taciti,
2918 3835 3082 3892 aliter
3108 3837 3466 3911 multiloquio

1858 3932 2152 3990 vacantes;
2185 3922 2347 3979 aliter
2373 3924 2581 3993 timidi,
2611 3924 2775 3980 aliter
2804 3924 3039 3982 audaces
3063 3942 3077 3992 ;
3109 3925 3270 3983 aliter
3298 3927 3461 3999 pigri,

1857 4011 2018 4068 aliter
2039 4012 2380 4085 praecipites;
2414 4013 2574 4068 aliter
2604 4014 2899 4083 mansueti,
2929 4013 3093 4069 aliter
3121 4015 3143 4050 ⁸
3173 4014 3457 4081 iracundi;

1854 4101 2016 4158 aliter
2044 4100 2304 4168 humiles,
2344 4102 2507 4157 aliter
2534 4100 2700 4169 elati;
2752 4102 2915 4158 aliter
2944 4100 3272 4175 pertinaces,
3303 4103 3463 4161 aliter

1855 4191 2261 4258 inconstantes;
2314 4190 2476 4247 aliter
2504 4191 2644 4264 gulae
2674 4190 2873 4259 dediti,
2907 4192 3066 4248 aliter
3092 4192 3457 4251 abstinentes:

1851 4282 2014 4337 aliter
2058 4281 2154 4354 qui
2199 4296 2299 4337 sua
2345 4281 2779 4339 misericorditer
2834 4281 3109 4351 tribuunt,
3166 4283 3329 4341 aliter
3365 4283 3462 4358 qui

1852 4371 2035 4427 aliena
2063 4386 2254 4444 rapere
2280 4372 2659 4439 contendunt;
2710 4372 2875 4429 aliter
2902 4374 2999 4446 qui
3029 4389 3130 4431 nec
3156 4375 3335 4431 aliena
3363 4390 3461 4430 ra-

1851 4464 2034 4538 piunt,
2054 4478 2158 4519 nec
2183 4478 2282 4518 sua
2302 4462 2354 4518 la
2386 4462 2633 4534 giuntur,
2655 4463 2818 4519 aliter
2840 4464 2936 4537 qui
2958 4471 3012 4519 et
3033 4479 3095 4520 ea
3114 4480 3236 4539 quas
3256 4464 3461 4521 habent

1850 4570 1949 4611 sua
1976 4553 2253 4623 tribuunt,
2298 4561 2353 4609 et
2382 4554 2562 4610 aliena
2590 4568 2778 4626 rapere
2806 4569 2920 4610 non
2961 4552 3268 4622 desistunt;
3301 4555 3460 4613 aliter

1848 4643 2150 4711 discordes,
2198 4644 2358 4700 aliter
2404 4643 2619 4716 pacati;
2672 4643 2836 4699 aliter
2880 4643 3216 4701 seminantes
3251 4642 3455 4717 jurgia,

1848 4735 2009 4791 aliter
2040 4732 2289 4806 paciﬁci;
2324 4734 2373 4789 al
2403 4742 2485 4789 ter
2503 4731 2837 4789 admonendi
2861 4740 2991 4790 sunt
3009 4734 3106 4806 qui
3131 4750 3297 4791 sacras
3323 4735 3459 4807 legis

1848 4824 2018 4880 verba
2043 4839 2156 4879 non
2186 4831 2333 4880 recte
2370 4821 2707 4893 Intelligunt,
2738 4821 2903 4878 aliter
2930 4822 3026 4895 qui
3054 4831 3203 4880 recte
3230 4820 3452 4894 quidem

1849 4914 2187 4987 intelligunt,
2218 4911 2314 4970 sed
2344 4913 2461 4969 haec
2486 4911 2777 4969 humiliter
2808 4914 2954 4973 962
2985 4925 3097 4967 non
3126 4912 3450 4984 loquuntur;

1847 5009 2010 5065 aliter
2028 5009 2148 5082 qui,
2170 5025 2297 5066 cum
2319 5007 2619 5080 medicare
2638 5007 2807 5080 digna
2826 5006 3065 5073 valeant,
3089 5021 3199 5079 prae
3228 5007 3249 5041 ⁷
3279 5003 3455 5061 nimia

1846 5096 2160 5154 humilitate
2179 5097 2500 5167 formidant,
2524 5097 2685 5153 aliter
2711 5113 2848 5170 quos
2867 5111 2899 5151 a
2924 5094 3312 5168 praedicatione
3334 5093 3452 5151 im—

1845 5186 2110 5260 perfectio
2157 5187 2245 5242 vel
2294 5193 2423 5243 aetas
2470 5184 2747 5261 prohibet,
2788 5194 2843 5241 et
2870 5191 3055 5240 tamen
3087 5182 3452 5256 pmcipitatio

1844 5274 2114 5348 impellit;
2146 5274 2308 5332 aliter
2336 5275 2433 5348 qui
2462 5274 2521 5330 in
2551 5274 2659 5331 hoc
2688 5272 2840 5346 quod
2870 5272 3248 5346 temporaliter
3275 5288 3452 5346 appe-

1915 5453 1937 5488 δ
1977 5453 2056 5523 De
2094 5450 2184 5508 his
2230 5449 2509 5523 fusissime
2556 5450 2613 5523 in
2653 5448 2951 5506 Pastoralis
3004 5448 3226 5523 Regulae
3281 5448 3447 5519 libro,

1842 5538 2002 5597 quem
2037 5522 2152 5606 jam
2195 5530 2330 5581 tunc
2376 5520 2744 5579 meditabatur
2784 5529 3008 5579 sanctus
3034 5520 3259 5592 Doctor,
3291 5530 3355 5579 ut
3379 5537 3450 5579 ex

1842 5596 2198 5704 sequentibus
2226 5603 2392 5724 patet.
3065 5667 3075 5677 .
3186 5667 3197 5678 υ
3415 5665 3426 5676 .

1974 5668 2182 5747 Pratel.
2197 5683 2229 5724 a
2253 5684 2402 5741 nque
2422 5668 2691 5747 Norm._et
2717 5666 2841 5725 Val.
2866 5666 2973 5747 CL,
2995 5668 3158 5747 aliter
3175 5666 3445 5747 iracundi,

1839 5740 1999 5813 aliter
2041 5739 2354 5813 pertinaces,
2403 5740 2564 5797 aliter
2606 5740 2979 5808 inconstantes,
3012 5739 3175 5796 aliter
3217 5739 3312 5808 qui
3348 5753 3445 5791 sua

1830 5810 1970 5881 jam,
1998 5810 2101 5869 etc.

1911 5886 1930 5919 ⁷
1956 5878 2136 5941 Βεθεῐ
2164 5884 2329 5941 nimia
2361 5883 2418 5939 in
2446 5882 2643 5941 iisdem
2668 5881 2803 5941 Cod.
2898 5878 2905 5881 ’
