3920 6376
415 333 518 392 531

1619 332 1870 389 SANCTI
1921 333 2264 390 GBEGORH
2301 335 2499 392 MAGN
2505 337 2527 391 Ι

3628 339 3740 397 532

417 467 544 515 tunt
589 464 998 530 prosperantur,
1044 456 1204 514 aliter
1238 457 1333 530 qui
1380 455 1602 530 quidem
1649 473 1771 530 qua
1818 455 2013 512 mundi
2041 459 2093 520 Α
2121 457 2202 529 2).
2233 459 2305 515 Et
2333 459 2496 530 paulo
2525 468 2681 533 post:
2712 460 2846 517 Cum
2872 460 3108 517 concisus
3140 462 3359 533 clangor
3387 462 3741 536 increpuerit,

417 556 548 605 sunt
593 547 1014 618 concupiscunt,
1071 545 1166 604 sed
1214 556 1396 605 tamen
1441 545 1789 604 adversitatis
1835 545 2020 603 labore

417 638 761 709 fatigantur;
793 636 956 692 aliter
984 635 1258 710 conjugiis
1287 637 1535 708 obligati,
1571 636 1731 692 aliter
1759 651 1787 689 a
1817 633 2023 706 conju-

418 727 494 802 gii
528 723 767 782 nexibus
797 723 958 781 liberi
983 743 996 793 ;
1039 726 1204 782 aliter
1231 725 1671 782 commistionem
1706 723 1888 780 carnis
1913 740 2024 779 ex-

418 816 584 891 perti,
617 815 780 871 aliter
809 813 1157 886 ignorantes;
1189 816 1351 871 aliter
1370 814 1464 887 qui
1490 821 1708 883 peccata
1736 812 2023 885 deplorant

417 921 670 979 operum,
718 903 882 959 aliter
917 903 1014 977 qui
1063 903 1496 976 cogitationum;
1546 902 1708 957 aliter
1736 901 1830 975 qui
1862 919 2026 958 com—

417 995 588 1052 missa
634 992 922 1064 plangunt,
977 1009 1079 1049 nec
1125 1001 1310 1048 tamen
1365 991 1660 1057 deserunt;
1723 991 1884 1046 aliter
1929 991 2024 1064 qui

417 1084 698 1150 deserunt,
747 1097 850 1138 nec
886 1091 1069 1138 tamen
1117 1083 1417 1154 plangunt;
1476 1080 1639 1137 aliter
1688 1079 1783 1153 qui
1831 1080 2028 1135 illicita

420 1189 542 1247 qua
563 1171 778 1229 faciunt
796 1171 962 1228 etiam
995 1170 1244 1240 laudant,
1278 1171 1440 1228 aliter
1459 1170 1553 1243 qui
1583 1177 1840 1226 accusant
1862 1185 2028 1241 prava

421 1279 526 1320 nec
553 1269 739 1318 tamen
781 1259 1069 1329 devitant;
1121 1261 1284 1318 aliter
1312 1260 1408 1334 qui
1451 1259 1739 1332 repentina
1770 1261 1787 1294 ¹
1816 1275 2030 1314 concu-

420 1352 692 1427 piscentia
719 1360 1072 1425 superantur,
1101 1352 1264 1410 aliter
1292 1351 1387 1426 qui
1418 1351 1476 1408 in
1505 1352 1668 1423 culpa
1695 1366 1765 1406 ex
1794 1349 2030 1406 consilio

421 1441 697 1515 ligantur;
719 1439 882 1498 aliter
910 1440 1006 1514 qui
1035 1441 1165 1498 licet
1198 1441 1454 1509 minima,
1483 1438 1676 1496 crebro
1709 1446 1891 1495 tamen
1923 1437 2029 1494 illi-

420 1533 535 1590 cita
561 1532 795 1601 faciunt,
827 1540 991 1606 atque
1017 1531 1179 1589 aliter
1207 1531 1304 1605 qui
1331 1546 1389 1588 se
1417 1547 1448 1586 a
1472 1531 1656 1603 parvis
1685 1529 2027 1599 custodiunt,

423 1621 520 1678 sed
547 1620 846 1695 aliquando
879 1621 936 1678 in
967 1620 1227 1694 gravibus
1254 1619 1688 1692 demerguntur;
1743 1619 1906 1675 aliter
1933 1618 2031 1691 qui

420 1709 568 1767 bona
598 1725 701 1768 nec
725 1709 1010 1778 inchoent,
1042 1709 1204 1765 aliter
1232 1707 1328 1782 qui
1359 1707 1618 1765 inchoata
1645 1707 1875 1764 minime
1904 1723 2031 1763 con-

423 1804 736 1863 summant;
767 1797 929 1854 aliter
947 1796 1043 1870 qui
1065 1796 1206 1853 mala
1227 1796 1439 1852 occulte
1459 1805 1648 1870 agunt,
1682 1805 1735 1854 et
1756 1797 1901 1853 bona
1921 1813 2031 1869 pu—
2060 1817 2108 1878 Β

422 1884 590 1954 blice,
625 1884 787 1941 aliter
824 1884 922 1959 qui
961 1884 1108 1941 bona
1153 1901 1275 1958 qua
1321 1884 1533 1942 faciunt
1579 1885 1946 1952 abscondunt,
1983 1895 2036 1941 et

425 1982 610 2032 tamen
637 1973 968 2048 quibusdam
1016 1973 1178 2048 factis
1206 1973 1425 2046 publice
1460 1975 1606 2032 mala
1633 1975 1702 2032 de
1733 1990 1790 2030 se
1819 1974 2036 2047 opinari

426 2045 778 2138 permittunt.
813 2063 886 2120 Et
914 2045 1139 2136 quidem
1169 2045 1238 2120 de
1266 2063 1502 2136 singulis
1530 2063 1656 2137 quis
1687 2061 1760 2120 sit
1787 2045 2036 2118 admoni-

427 2151 600 2209 tionis
619 2150 756 2210 ordo
775 2150 1058 2208 subtiliter
1078 2151 1361 2208 insinuare
1381 2151 1697 2220 debuimus,
1719 2150 1816 2208 sed
1847 2151 2038 2208 formi-

427 2240 557 2299 data
583 2240 882 2298 locutionis
912 2241 1233 2314 prolixitate
1262 2240 1652 2315 prapedimur.
1677 2241 1917 2298 Auctore
1945 2256 2037 2296 au-

427 2339 540 2388 tem
581 2331 697 2388 Deo
726 2331 750 2367 ³
778 2331 839 2388 in
873 2331 985 2388 alio
1015 2349 1177 2405 opere
1208 2331 1266 2388 id
1292 2332 1516 2404 explere
1560 2329 1769 2404 appetit
1797 2329 2036 2398 animus,

429 2419 476 2478 si
503 2428 688 2478 tamen
714 2419 1002 2478 laboriosa
1030 2420 1200 2495 hujus
1228 2421 1359 2478 vita
1378 2422 1400 2457 ³
1421 2418 1605 2476 adhuc
1625 2419 2036 2492 aliquantulum

430 2517 653 2586 tempus
681 2511 704 2546 ‘
735 2511 1046 2568 restaverit.

503 2658 644 2734 [γει.
684 2661 834 2736 VII.]
871 2661 958 2720 14.
998 2663 1183 2734 Iniqui
1215 2662 1344 2719 altis
1370 2669 1419 2718 et
1458 2663 1665 2735 magnis
1708 2662 1918 2718 vocibus
1945 2662 2040 2716 in-

401 2817 413 2827 .
431 2750 705 2824 crepandi,
737 2751 938 2806 lenibus
968 2756 1016 2807 et
1043 2751 1253 2807 blandis
1279 2752 1597 2808 admonendi
1623 2752 1716 2823 qui
1737 2753 1803 2807 ab
1833 2750 2042 2822 iniqui—

435 2847 538 2898 tate
555 2847 894 2896 recesserunt.
916 2871 986 2882 —
1005 2840 1283 2898 Habemus
1310 2859 1442 2898 vero
1461 2842 1614 2898 aliud
1636 2841 1784 2914 quod
1812 2841 1880 2897 de
1911 2840 2041 2910 galli

433 2929 602 3002 hujus
637 2930 1004 3003 intelligentia
1031 2930 1379 2988 considerare
1408 2931 1727 2997 debeamus,
1761 2930 1890 3003 quia
1921 2946 2041 3002 pro-

432 3019 787 3078 fundioribus
807 3021 960 3077 boris
979 3020 1159 3077 noctis
1179 3022 1512 3078 valentiores
1534 3023 1555 3057 ⁵
1577 3039 1640 3079 ac
1660 3021 2044 3094 productiores

433 3110 593 3169 edere
621 3119 814 3167 cantus
847 3110 1007 3179 solet,
1037 3127 1166 3168 cum
1197 3128 1329 3168 vero
1371 3112 1706 3169 matutinum
1743 3110 1858 3184 jam
1889 3118 2041 3166 tem-

435 3216 536 3272 pus
554 3199 978 3273 appropinquat,
1010 3199 1247 3257 leniores
1275 3209 1330 3256 et
1360 3201 1690 3259 minutiores
1718 3200 2040 3257 omnimodo

435 3304 598 3344 voces
617 3287 838 3344 format.
862 3289 925 3344 In
947 3289 1150 3361 quibus
1170 3289 1299 3361 galli
1322 3289 1490 3362 hujus
1511 3291 1878 3363 intelligentia
1906 3290 2042 3364 quid

434 3374 596 3430 nobis
622 3375 820 3432 innuat
845 3376 1194 3433 considerata
1213 3377 1636 3449 praedicatorum
1663 3379 1925 3436 discretio
1953 3379 2043 3435 de-

435 3469 724 3520 monstrat.
775 3463 883 3532 Qui
911 3480 1038 3520 cum
1068 3464 1279 3538 iniquis
1309 3465 1493 3524 adhuc
1520 3468 1804 3524 mentibus
1836 3468 2046 3540 pradi-

435 3558 586 3620 cant,
614 3551 742 3609 altis
769 3560 828 3608 et
855 3553 1072 3626 magnis
1101 3554 1334 3611 vocibus
1364 3557 1558 3612 aterni
1581 3555 1782 3628 judicii
1811 3563 2046 3613 terrores

437 3639 720 3710 intimant,
751 3641 883 3715 quia
906 3641 1167 3700 videlicet
1186 3644 1342 3716 quasi
1364 3644 1424 3700 in
1444 3645 1731 3718 profunda
1761 3646 1943 3703 noctis
1966 3655 2044 3703 te.

436 3729 624 3788 nebris
666 3731 926 3788 clamant.
974 3731 1112 3790 Cum
1157 3749 1289 3790 vero
1324 3733 1441 3806 jam
1469 3734 1788 3792 auditorum
1819 3752 2044 3793 suorum

438 3817 701 3876 cordibus
728 3820 979 3877 veritatis
1002 3822 1179 3878 lucem
1201 3821 1390 3880 adesse
1410 3831 1770 3896 cognoscunt,
1788 3824 2046 3882 clamoris

437 3909 526 3965 sui
553 3909 995 3982 magnitudinem
1035 3911 1094 3966 in
1124 3911 1405 3968 lenitatem
1455 3912 1769 3970 dulcedinis
1797 3921 2044 3981 vertunt,

437 4005 493 4055 et
509 4015 622 4055 non
643 4006 752 4054 tam
775 3999 874 4056 illa
893 4016 1015 4074 qua
1043 4007 1175 4056 sunt
1203 4000 1270 4058 de
1301 4003 1482 4075 panis
1502 4002 1777 4059 terribilia
1797 4019 1961 4075 quam
1983 4018 2047 4058 ea

436 4103 560 4162 qua
603 4097 734 4146 sunt
773 4089 976 4146 blanda
1009 4088 1078 4146 de
1112 4091 1354 4163 pramiis
1383 4091 1692 4164 proferunt.
1739 4092 1848 4160 Qui
1877 4092 2044 4147 etiam

437 4176 674 4234 minutis
702 4185 839 4235 tunc
871 4179 1107 4236 vocibus
1137 4187 1383 4248 cantant,
1415 4180 1545 4252 quia
1571 4181 2046 4254 appropinquante

439 4281 602 4322 mane
618 4267 848 4324 subtilia
875 4283 1108 4340 quaque
1133 4268 1204 4325 de
1231 4269 1515 4341 mysteriis
1544 4269 1864 4340 pradicant,
1887 4278 1948 4326 ut
1965 4285 2045 4324 se-

440 4372 640 4430 quaces
666 4357 754 4413 sui
787 4371 852 4414 eo
882 4357 1186 4415 minutiora
1213 4374 1442 4431 quaque
1480 4358 1548 4414 de
1593 4358 1910 4416 caelestibus
1938 4375 2048 4414 au—

440 4443 618 4512 diant,
641 4460 751 4518 quo
778 4445 891 4502 luci
912 4444 1163 4502 veritatis
1189 4447 1652 4520 appropinquant,
1677 4455 1730 4502 et
1757 4464 1894 4520 quos
1922 4447 2046 4504 dor-

2129 549 2475 604 movebuntur
2518 557 2696 606 castra
2741 551 2938 622 (Ibid,
2968 550 3048 620 5).
3095 549 3198 606 Per
3225 550 3364 607 duas
3393 552 3542 608 enim
3576 553 3744 611 tubas

2131 640 2405 694 exercitus
2433 638 2676 707 ducitur,
2708 641 2836 712 quia
2866 657 2961 712 per
2989 638 3100 694 duo
3129 649 3398 713 praecepta
3446 642 3746 700 charitatis

2132 727 2199 783 ad
2228 729 2572 801 procinctum
2623 730 2750 786 fidei
2798 732 3034 804 populus
3065 739 3313 788 vocatur.
3365 733 3498 800 Qua
3531 733 3748 792 idcirco

2132 826 2398 889 argentea
2431 819 2548 875 ﬁeri
2581 819 2997 892 pracipiuntur,
3026 828 3089 876 ut
3110 821 3539 893 pradicatorum
3573 823 3751 879 verba

2134 909 2274 965 lucis
2328 910 2507 966 nitore
2565 919 2802 982 pateant,
2845 914 2990 972 963
3025 917 3079 966 et
3124 911 3444 968 auditorum
3496 921 3746 969 mentem

2135 1007 2288 1062 nulla
2335 1007 2420 1062 sui
2474 1007 2806 1064 obscuritate
2862 1008 3225 1065 confundant.
3286 1009 3500 1067 Idcirco
3556 1019 3747 1068 autem

2135 1095 2391 1164 ductiles,
2425 1096 2556 1170 quia
2582 1113 2801 1153 necesse
2830 1105 2913 1153 est
2940 1106 3002 1153 ut
3031 1097 3089 1152 hi
3120 1099 3214 1170 qui
3245 1107 3537 1155 venturam
3569 1101 3750 1156 vitam

2138 1186 2436 1257 pradicant
2491 1186 2913 1242 tribulationum
2972 1188 3324 1260 prasentium
3386 1191 3752 1248 tunsionibus

2139 1283 2404 1332 crescant.
2438 1277 2583 1333 Bene
2611 1286 2792 1333 autem
2822 1277 3061 1334 dicitur:
3097 1278 3232 1334 Cum
3261 1278 3500 1332 concisus
3526 1281 3754 1350 clangor

2137 1363 2476 1436 increpuerit,
2507 1367 2850 1420 movebuntur
2877 1372 3055 1422 castra
3087 1366 3273 1437 (Num.
3306 1383 3362 1434 x,
3393 1367 3474 1437 5),
3506 1369 3640 1440 quia
3667 1369 3753 1425 ni-

2141 1455 2345 1510 mirum
2377 1455 2784 1528 pradicationis
2813 1473 2994 1513 sermo
3021 1474 3150 1513 cum
3180 1456 3446 1514 subtilius
3473 1475 3539 1515 ac
3567 1459 3756 1514 minu-

2141 1544 2252 1600 tius
2277 1546 2478 1618 agitur,
2502 1545 2818 1602 auditorum
2839 1546 3006 1602 corda
3025 1554 3217 1602 contra
3237 1547 3614 1604 tentationum
3636 1565 3755 1605 cer-

2140 1635 2350 1690 tamina
2378 1634 2660 1691 ardentius
2689 1635 3022 1691 excitantur.

2215 1755 2300 1811 l5.
2341 1755 2444 1822 Qui
2471 1755 2608 1809 alios
2635 1771 2701 1808 ea:
2719 1755 2884 1826 oﬂicio
2913 1755 3290 1822 adhortantur,
3309 1755 3470 1826 prius
3498 1771 3552 1810 se
3579 1755 3639 1808 in
3670 1753 3756 1810 bo-

2141 1845 2226 1900 nis
2257 1846 2502 1918 operibus
2546 1851 2838 1900 exerceant.
2869 1874 2941 1885 —
2968 1845 3068 1900 Est
3101 1844 3286 1901 adhuc
3329 1844 3484 1900 aliud
3519 1845 3576 1900 in
3609 1843 3758 1916 gallo

2146 1935 2374 1990 solerter
2395 1933 2746 1999 intuendum,
2767 1934 2896 2006 quia
2907 1949 3033 1989 cum
3042 1931 3156 2004 jam
3176 1932 3340 1989 edere
3356 1940 3552 1990 cantus
3575 1939 3755 2005 parat,

2146 2025 2299 2096 prius
2327 2025 2441 2079 alas
2460 2022 2694 2092 excutit,
2717 2031 2770 2080 et
2790 2023 3145 2095 semetipsum
3175 2024 3402 2092 feriens,
3434 2023 3759 2095 vigilantio-

2147 2129 2262 2169 rem
2304 2112 2507 2169 reddit.
2539 2114 2699 2182 Quod
2731 2122 2982 2186 patenter
3011 2114 3314 2183 cernimus,
3364 2113 3411 2170 si
3437 2121 3758 2170 sanctorum

2146 2202 2568 2274 pradicatorum
2589 2204 2762 2259 vitam
2785 2204 3081 2276 vigilanter
3100 2204 3406 2260 videamus.
3421 2203 3529 2276 Ipsi
3553 2201 3761 2276 quippe

2146 2309 2273 2348 cum
2301 2293 2468 2349 verba
2497 2293 2904 2366 pradicationis
2928 2295 2949 2329 ³
2980 2302 3228 2363 movent,
3261 2295 3414 2366 prius
3442 2310 3500 2349 se
3531 2294 3590 2348 in
3621 2310 3760 2350 san-

2145 2382 2251 2440 ctis
2279 2382 2591 2439 actionibus
2619 2391 2898 2451 exercent,
2949 2399 3018 2438 ne
3045 2383 3099 2438 in
3136 2383 3448 2455 semetipsis
3478 2389 3761 2454 torpentes

2147 2488 2330 2544 opere,
2361 2471 2498 2528 alios
2527 2473 2772 2529 excitent
2800 2488 2968 2539 voce;
3004 2471 3099 2528 sed
3128 2479 3256 2528 ante
3284 2488 3341 2527 se
3369 2488 3466 2542 per
3492 2471 3762 2528 sublimia

2147 2561 2290 2617 facta
2318 2561 2630 2628 excutiunt,
2653 2569 2707 2616 et
2736 2570 2869 2618 tunc
2889 2561 2958 2616 ad
2980 2561 3121 2616 bene
3141 2560 3413 2632 agendum
3445 2560 3584 2616 alios
3606 2561 3759 2615 solli-

2147 2651 2288 2706 citos
2339 2650 2594 2706 reddunt.
2642 2651 2800 2706 Prius
2839 2651 3238 2723 cogitationum
3288 2651 3391 2707 alis
3433 2651 3762 2722 semetipsos

2149 2742 2374 2808 feriunt,
2395 2742 2522 2814 quia
2543 2740 2814 2815 quidquid
2836 2741 2891 2795 in
2912 2758 2968 2797 se
3000 2741 3273 2798 inutiliter
3292 2748 3492 2813 torpet,
3519 2740 3764 2797 sollicita

2151 2833 2575 2903 investigatione
2617 2831 3057 2903 deprehendunt,
3106 2831 3359 2888 districta
3394 2830 3762 2886 animadver-

2152 2921 2305 2978 sione
2343 2923 2647 2993 corrigunt.
2698 2922 2858 2977 Prius
2904 2937 3003 2978 sua
3047 2922 3243 2993 punire
3285 2919 3506 2976 ﬂetibus
3533 2926 3756 2987 curant,

2151 3020 2208 3068 et
2247 3019 2380 3068 tunc
2434 3028 2555 3084 qua
2611 3010 2847 3066 aliorum
2897 3019 3026 3066 sunt
3070 3009 3350 3082 punienda
3402 3009 3756 3064 denuntiant.

2154 3101 2314 3156 Prius
2353 3115 2482 3171 ergo
2502 3100 2606 3155 alis
2628 3100 2886 3154 insonant
2914 3115 3078 3172 quam
3107 3106 3303 3154 cantus
3323 3098 3603 3165 emittant,
3631 3097 3765 3170 quia

2077 3169 2120 3230 C
2154 3169 2446 3262 antequam
2479 3189 2645 3244 verba
2671 3169 3077 3244 exhortationis
3111 3187 3391 3260 proferant
3418 3202 3582 3242 omne
3609 3169 3764 3258 quod

2155 3277 2396 3334 locuturi
2439 3285 2568 3333 sunt
2595 3277 2855 3350 operibus
2883 3277 3158 3344 clamant;
3189 3285 3244 3332 et
3278 3293 3402 3334 cum
3431 3275 3674 3348 perfecte
3703 3275 3762 3329 in

2155 3368 2464 3440 semetipsis
2485 3367 2735 3439 vigilant,
2757 3374 2890 3424 tunc
2910 3365 3246 3422 dormientes
3273 3365 3413 3422 alios
3441 3365 3510 3421 ad
3541 3364 3762 3437 vigilias

2157 3463 2378 3514 vocant.

2231 3547 2315 3602 l6.
2353 3550 2419 3604 Ut
2437 3552 2570 3603 recte
2589 3563 2682 3601 suo
2703 3563 2917 3602 munere
2934 3547 3295 3617 defungantur
3308 3545 3690 3616 pradicatores
3717 3551 3766 3599 et

2156 3635 2410 3704 doctores,
2441 3638 2631 3691 habent
2657 3655 2690 3692 a
2718 3637 2848 3693 Deo.
2879 3667 2952 3678 —
2979 3636 3085 3694 Sed
3112 3635 3259 3692 unde
3297 3643 3452 3692 tanta
3478 3635 3599 3692 hac
3626 3635 3763 3692 doc-

2156 3727 2265 3783 tori
2297 3727 2682 3798 intelligentia,
2723 3734 2786 3784 ut
2814 3735 2868 3782 et
2899 3727 3004 3783 sibi
3037 3727 3274 3800 perfecte
3307 3727 3522 3798 vigilet,
3553 3733 3610 3783 et
3637 3725 3762 3783 dor-

2157 3817 2388 3874 mientes
2418 3815 2486 3873 ad
2516 3816 2735 3888 vigilias
2763 3817 2866 3872 sub
2889 3816 3220 3889 quibusdam
3248 3816 3508 3874 clamoris
3536 3833 3764 3889 provec-

2157 3905 2306 3962 tibus
2334 3913 2514 3974 vocet,
2547 3913 2609 3961 ut
2636 3915 2691 3962 et
2719 3913 3069 3978 peccatorum
3120 3904 3374 3961 tenebras
3421 3905 3576 3977 prius
3603 3915 3765 3962 caute

2157 3995 2439 4065 discutiat,
2457 4003 2511 4052 et
2524 3995 2761 4053 discrete
2784 4004 2903 4068 post
2912 3996 3136 4053 modum
3154 3995 3765 4070 lucempradicationis

2157 4085 2428 4154 ostendat,
2458 4093 2523 4141 ut
2550 4085 2783 4158 singulis
2808 4084 2971 4158 juxta
3001 4085 3228 4142 modum
3255 4093 3310 4142 et
3337 4093 3588 4158 tempora
3620 4101 3767 4142 con-

2158 4185 2334 4248 gruat,
2361 4184 2416 4232 et
2444 4175 2609 4231 simul
2639 4174 2901 4232 omnibus
2931 4193 3051 4248 qua
3078 4176 3202 4232 illos
3236 4183 3539 4249 sequantur
3568 4183 3769 4232 osten-

2156 4267 2288 4323 dat?
2316 4266 2470 4324 Unde
2498 4265 2566 4322 ad
2596 4273 2748 4322 tanta
2775 4268 2790 4301 ¹
2825 4273 2881 4322 et
2903 4273 3014 4322 tam
3046 4266 3326 4322 subtiliter
3349 4265 3622 4333 tenditur,
3655 4266 3768 4322 nisi

2157 4357 2488 4414 intrinsecus
2515 4359 2584 4412 ab
2604 4372 2669 4412 eo
2697 4373 2730 4412 a
2757 4372 2868 4429 quo
2891 4363 2974 4412 est
3001 4355 3259 4413 conditus
3287 4355 3549 4412 doceatur
3565 4356 3594 4410 ?
3623 4354 3774 4422 Quia

2155 4463 2284 4520 ergo
2347 4446 2466 4502 laus
2529 4453 2695 4502 tanta
2760 4445 3140 4517 intelligentia
3206 4461 3320 4501 non
3387 4443 3772 4516 pradicatoris

441 4533 674 4590 mientes
702 4534 900 4607 longus
929 4535 1060 4608 galli
1091 4535 1301 4591 clamor
1330 4536 1687 4605 excitaverat,
1733 4537 1754 4572 ⁶
1784 4537 2049 4593 succisior
2076 4529 2126 4588 D
2157 4537 2335 4592 virtus
2377 4543 2478 4604 est,
2519 4535 2614 4592 sed
2656 4535 2916 4603 auctoris,
2963 4542 3108 4592 recte
3143 4549 3238 4607 per
3279 4533 3534 4591 eumdem
3577 4541 3770 4589 aucto-

441 4620 734 4694 vigilantes
775 4621 1045 4690 delectet;
1105 4631 1375 4696 quatenus
1421 4635 1666 4681 correcto
1715 4624 1946 4683 cuilibet
1980 4623 2048 4679 de

441 4727 608 4785 regno
637 4729 963 4784 cognoscere
991 4711 1272 4769 subtiliter
1290 4713 1476 4770 dulcia
1497 4715 1686 4784 libeat,
1717 4717 1738 4751 7
1771 4715 1866 4788 qui
1897 4715 2051 4787 prius

439 4801 670 4858 adversa
723 4801 792 4858 de
840 4800 1058 4874 judicio
1113 4801 1470 4859 formidabat.
1549 4804 1709 4872 Quod
1758 4804 1898 4859 bene
1951 4819 2050 4875 per

439 4893 664 4965 Moysen
685 4891 1038 4964 exprimitur,
1068 4909 1194 4949 cum
1215 4892 1284 4949 ad
1302 4893 1717 4965 producendum
1740 4893 2046 4950 exercitum

440 4981 586 5040 tuba
606 4983 857 5056 clangere
885 4983 1162 5040 concisius
1184 4982 1474 5056 jubentur.
1507 4983 1788 5056 Scriptum
1809 4998 2046 5056 namque

439 5081 521 5129 est
548 5090 560 5129 :
593 5073 700 5129 Fac
733 5072 828 5131 tibi
853 5072 988 5128 duas
1019 5073 1170 5129 tubas
1211 5078 1486 5144 argenteas
1514 5073 1734 5129 ductile:
1765 5073 1952 5145 (Num.
1984 5088 2042 5141 x,

515 5297 534 5368 ξ
565 5293 832 5368 Qorrupte
862 5296 920 5352 in
949 5297 1178 5362 Turon.,
1204 5295 1538 5351 conscientia.

515 5365 538 5398 ²
566 5365 842 5439 Nimirum
865 5369 921 5423 in
947 5369 1090 5424 libro
1116 5369 1334 5439 Regula
1360 5365 1676 5434 Pastoralis,
1708 5381 1802 5423 seu
1821 5365 1889 5422 de
1910 5382 2043 5422 cura

440 5435 707 5508 Pastorali
737 5438 896 5508 plane
925 5456 1111 5496 aureo.

515 5507 1007 5591 fecestadhuc
1032 5510 1343 5591 pluribus._
1561 5590 1564 5591 ν
1625 5583 1677 5591 __
1799 5583 1816 5591 _
1887 5561 2011 5591 ωε,

517 5577 782 5648 fMallem
821 5577 1091 5648 restiterit,
1143 5582 1252 5636 nisi
1293 5582 1574 5638 obstarent
1624 5583 1752 5638 Mss.
1793 5583 1854 5638 In
1885 5581 2036 5638 Edit.

443 5645 1010 5723 Gilot._et_nonnullis
1050 5645 1250 5723 legitur
1291 5655 1562 5721 restiterit,
1613 5670 1724 5709 non
1766 5663 1949 5710 tamen
1980 5654 2038 5708 in

443 5717 860 5847 gtustipriltius,
892 5737 1011 5794 qua
1037 5717 1166 5778 Mss.
1199 5723 1333 5780 Cod.
1368 5717 1564 5796 majori
1595 5725 1704 5781 ﬁde
1735 5740 2036 5796 reprasen-

501 5805 558 5844 re
589 5807 648 5844 so
675 5805 742 5845 en
775 5833 787 5846 .

501 5805 558 5844 1'8
589 5805 787 5846 δοιθηῑ.

2160 4643 2276 4684 rem
2323 4627 2574 4684 dicitur:
2639 4627 2726 4684 Vel
2767 4626 2886 4696 quis
2933 4626 3075 4681 dedit
3117 4627 3263 4696 gallo
3312 4625 3770 4696 intelligentiam?

2159 4719 2242 4773 Ac
2269 4717 2314 4772 si
2344 4715 2552 4772 diceret
2580 4733 2592 4771 :
2625 4715 2741 4772 Nisi
2765 4731 2913 4786 ergo,
2947 4715 3043 4786 qui
3073 4714 3362 4770 doctorum
3387 4721 3602 4769 mentes
3630 4729 3770 4786 quas

2158 4805 2298 4860 mire
2328 4821 2397 4861 ex
2427 4804 2607 4860 nihilo
2647 4802 2870 4860 condidi
2899 4801 2968 4858 ad
2997 4801 3356 4874 intelligenda
3397 4818 3520 4874 qua
3547 4802 3768 4858 occulta

2157 4901 2287 4951 sunt
2307 4893 2617 4950 mirabilius
2638 4893 2898 4950 instruxi.
2925 4892 3080 4950 Unde
3108 4891 3245 4948 bene
3267 4899 3327 4948 ut
3348 4891 3408 4947 in
3435 4891 3604 4948 dictis
3634 4909 3768 4965 pra-

2156 4982 2462 5040 dicantium
2491 5000 2603 5040 non
2633 4984 2812 5040 solum
2852 4983 3240 5054 inspiratorem
3270 4997 3328 5037 se
3356 4980 3767 5052 intelligentia,

2156 5073 2252 5130 sed
2276 5074 2443 5130 etiam
2471 5081 2754 5131 auctorem
2796 5070 3094 5129 locutionis
3131 5069 3408 5138 ostendat,
3458 5068 3722 5143 adjungit
3753 5087 3765 5125 :

2224 5296 2244 5329 δ
2277 5295 2512 5351 Vindoc.
2547 5301 2602 5349 et
2631 5293 2845 5356 Norm.,
2871 5289 3272 5361 pro/undiores.
3307 5287 3504 5356 Laud.,
3532 5290 3768 5360 produc-

2154 5368 2315 5440 tiores,
2339 5367 2551 5422 educere
2580 5371 2784 5440 tantus.
2801 5434 2829 5440 -
3162 5433 3172 5440 _
3248 5431 3279 5440 Α

2223 5441 2246 5472 ⁶
2276 5439 2480 5493 Turon.
2513 5446 2569 5493 et
2596 5436 2758 5494 Corb.
2791 5434 3002 5502 Germ.,
3032 5433 3367 5487 succinctior.

2221 5511 2242 5543 ⁷
2273 5509 2416 5580 Alii,
2438 5511 2531 5580 qui
2555 5506 2962 5580 prittsgadcersa
2985 5504 3204 5580 judicii.

2223 5581 2244 5616 ⁸
2275 5574 2531 5636 Ιλειιιᾶἶθῐ
2551 5574 2670 5636 Val.
2698 5577 2803 5642 CL,
2833 5583 3054 5630 monent.
3092 5575 3252 5632 Corb.
3280 5574 3489 5640 Germ.,
3524 5575 3767 5631 verba...

2148 5659 2376 5707 monent.

2155 5773 2194 5850 ιτ
2219 5726 2239 5759 θ
2272 5723 2492 5780 Ebroic.
2516 5722 2720 5795 aliique
2751 5722 2964 5790 Norm.,
2993 5735 3056 5774 ac
3087 5717 3348 5786 Vindoc.,
3380 5724 3429 5773 et
3459 5724 3568 5772 tam
3600 5718 3794 5785 subtig

2178 5813 2248 5850 ta.

2178 5813 2248 5851 ια.
