3920 6366
158 383 254 442 533

886 374 1260 434 MORALIUM
1300 377 1435 434 LIB.
1477 375 1662 433 XXX.
1702 405 1773 417 —
1810 375 1883 433 IN
1917 375 2149 434 CAPUT
2188 378 2479 436 XXXVIII
2518 381 2579 435 B.
2621 381 2763 438 JOB.

3355 385 3462 444 534

221 507 387 564 Vens.
421 503 507 560 37.
539 534 610 545 —
642 503 772 571 Quis
802 503 819 536 ¹
850 502 1126 558 enarrabit
1154 503 1403 559 caelorum
1432 503 1691 559 rationem
1711 504 1740 558 ?
1768 502 1821 563 Λ
1845 502 2488 577 speciem,etquomodo"
2508 505 2613 577 ipsi
2629 506 2874 580 gignenti
2893 525 3006 567 non
3022 513 3204 585 impar
3216 513 3456 582 oriatur,

222 595 360 671 [Rea
395 592 482 669 V.]
502 591 748 661 Quorum
768 599 953 647 tamen
978 592 1148 648 verba
1169 592 1298 666 quia
1310 609 1435 649 cum
1455 609 1570 649 sese
1584 592 1748 649 nobis

157 702 244 760 per
268 682 503 758 speciem
529 681 833 739 ostenderit
863 681 1165 749 subtrahit,
1194 683 1447 755 protinus
1475 682 1742 739 subdidit:

682 800 689 803 ⁷
766 824 997 883 CAPUT
1037 825 1132 882 1v.

218 946 351 1001 Iam.
381 971 453 984 —
482 942 558 998 Et
582 947 884 998 concentum
911 941 1027 997 cwli
1055 942 1175 1013 quis
1200 940 1435 997 dormire
1462 941 1660 1011 faciet?

219 1052 299 1108 17.
323 1051 432 1108 Deo
462 1050 521 1105 in
552 1050 824 1121 majestate
850 1066 951 1105 sua
977 1051 1228 1117 revelato,
1242 1050 1554 1121 preedicatio
1583 1067 1743 1107 cessa-

152 1142 234 1198 bit.
268 1141 501 1214 Spiritus
529 1147 740 1196 sanctus
768 1138 951 1196 Patris
972 1145 1021 1194 et
1038 1139 1170 1195 Filii
1196 1146 1288 1208 est,
1312 1140 1522 1211 utrique
1541 1147 1744 1195 coaeter-

150 1248 261 1288 nus.
282 1231 432 1287 —In
460 1230 564 1286 bac
592 1230 739 1287 enim
771 1228 887 1284 vita
906 1229 1217 1299 infirmitati
1247 1238 1445 1286 nostra;
1476 1229 1746 1285 Dominus

149 1338 252 1379 non
284 1329 472 1394 aperta
500 1319 681 1393 specie
701 1319 1002 1392 majestatis
1028 1336 1161 1388 sum,
1193 1318 1287 1375 sed
1323 1318 1744 1390 praedicatorum

148 1427 363 1468 suorum
395 1426 534 1467 voce
566 1409 787 1466 locutus
834 1416 937 1477 est,
981 1417 1044 1465 ut
1091 1407 1256 1465 corda
1297 1408 1479 1466 adhuc
1506 1409 1746 1466 carnalia

148 1499 372 1558 carnalis
415 1498 610 1572 lingua
649 1499 916 1571 pulsaret,
956 1505 1011 1554 et
1056 1505 1214 1554 tanto
1259 1497 1479 1554 facilius
1530 1499 1746 1555 insueta

146 1588 505 1662 perciperent,
539 1595 748 1662 quanto
779 1603 843 1643 ea
872 1603 970 1659 per
1012 1587 1255 1643 sonitum
1289 1594 1564 1643 consuetae
1593 1587 1746 1643 vocis

76 1700 83 1709 ι
146 1676 411 1735 audirent.
464 1677 541 1733 At
588 1685 878 1750 postquam
926 1692 1026 1748 per
1068 1684 1302 1732 mortem
1353 1676 1412 1731 in
1459 1678 1744 1749 pulverem

148 1767 169 1801 ³
191 1782 312 1823 caro
341 1766 666 1834 resolvitur,
699 1774 752 1821 et
780 1780 876 1837 per
905 1763 1362 1821 resurrectionem
1396 1765 1581 1837 pulvis
1615 1764 1745 1820 ani-

1856 599 1910 647 et
1952 592 2228 666 quomodo
2266 602 2630 669 utrorumque
2682 596 2920 668 Spiritus
2956 600 3182 674 utrique
3223 612 3460 660 coater-

1856 698 1962 738 nus
1989 683 2248 757 procedat
2275 684 2536 742 ostendit.
2556 685 2772 757 Aperte
2799 703 3037 762 namque
3065 698 3199 749 tunc
3232 691 3461 750 videbi-

1857 788 1981 829 mus
2009 773 2284 847 quomodo
2314 772 2420 832 hoc
2450 776 2470 810 ⁸
2501 774 2648 848 quod
2672 775 2903 833 oriendo
2932 788 3015 835 est
3042 778 3092 834 ei
3112 779 3180 836 de
3209 797 3319 853 quo
3351 781 3459 838 ori-

1856 867 1949 917 tur
1976 862 2315 935 subsequens
2338 881 2449 920 non
2480 874 2581 933 est,
2613 865 2892 938 quomodo
2922 866 2970 924 is
2998 867 3094 941 qui
3126 884 3221 940 per
3252 886 3461 940 proces-

1856 950 2065 1007 sionem
2111 953 2436 1025 producitur
2490 971 2521 1010 a
2563 956 2973 1027 proferentibus
3028 974 3141 1013 non
3207 959 3457 1031 praeitur.

1854 1041 2057 1113 Aperte
2099 1050 2232 1100 tunc
2264 1044 2580 1101 videbimus
2601 1045 2881 1118 quomodo
2911 1056 2965 1104 et
2993 1063 3168 1103 unum
3202 1047 3462 1105 divisibi-

1855 1129 1981 1188 liter
2010 1133 2116 1189 tria
2144 1133 2277 1203 sint,
2310 1144 2365 1192 et
2397 1135 2821 1193 indivisibiliter
2869 1138 2973 1195 tria
3012 1156 3207 1195 unum.
3247 1139 3463 1211 Lingua

1855 1237 1982 1294 ergo
2011 1230 2147 1281 tunc
2176 1227 2452 1283 narrantis
2474 1227 2573 1283 Dei
2599 1235 2683 1283 est
2704 1227 2821 1284 visa
2849 1229 3072 1287 claritas
3091 1228 3455 1286 sublevantis.

1853 1312 1925 1368 Et
1953 1323 2252 1370 concentus
2282 1315 2405 1370 coeli
2440 1317 2460 1350 θ
2492 1322 2629 1371 tunc
2650 1315 2907 1385 dormiet,
2926 1317 3054 1391 quia
3087 1326 3383 1389 apparente
3403 1317 3460 1372 in

1849 1398 2063 1473 judicio
2079 1402 2409 1459 retributore
2430 1419 2681 1476 operum,
2699 1404 3147 1462 exbortationum
3157 1404 3276 1478 jam
3296 1405 3462 1461 verba

1854 1492 2162 1550 cessabunt.
2198 1494 2351 1551 Unde
2380 1504 2433 1552 et
2462 1504 2646 1568 aperte
2675 1496 2855 1568 ipsum
2886 1495 3307 1554 resurrectionis
3325 1504 3459 1552 tem-

1856 1598 1957 1654 pus
1985 1581 2328 1656 adjungitur,
2356 1602 2482 1642 cum
2516 1585 2667 1642 illico
2689 1586 2991 1658 profertur:

2494 1673 2721 1731 CAPUT
2762 1675 2830 1731 V.

1926 1758 2098 1816 Vnus.
2132 1759 2219 1817 38.
2239 1793 2310 1803 —
2341 1763 2565 1830 Quando
2585 1762 2920 1832 fundabatur
2942 1764 3121 1835 pulvis
3150 1763 3208 1818 in
3235 1768 3458 1826 terram,

146 1864 337 1927 matur,
352 1864 494 1913 tunc
518 1856 586 1913 de
612 1857 726 1913 Deo
751 1856 943 1912 audire
958 1856 1128 1911 verba
1147 1872 1259 1911 non
1281 1855 1599 1928 quaerimus,
1616 1855 1746 1929 quia
1773 1866 1819 1927 Β
1852 1855 1903 1904 et
1934 1850 2093 1921 gleba!
2120 1851 2604 1923 compingebantur.

145 1963 308 2004 unum
347 1948 532 2021 ipsum
568 1947 718 2021 quod
760 1947 952 2020 implet
987 1948 1177 2003 omnia
1216 1946 1331 2019 jam
1376 1963 1470 2019 per
1502 1947 1739 2019 speciem

144 2037 235 2095 Dei
262 2038 498 2095 verbum
530 2037 805 2096 videmus.
839 2036 998 2106 Quod
1024 2037 1186 2093 nobis
1216 2042 1364 2100 964
1391 2044 1547 2092 tanto
1576 2037 1742 2094 altius

144 2143 290 2191 sonat
308 2142 522 2208 quanto
551 2142 605 2191 et
633 2141 844 2191 mentes
875 2143 1091 2191 nostras
1122 2136 1143 2171 ³
1167 2135 1222 2190 vi
1258 2135 1470 2191 intimae
1501 2135 1741 2191 illustra-

145 2225 301 2283 tionis
327 2232 603 2299 penetrat.
636 2224 882 2283 Sublatis
910 2242 1149 2299 namque
1179 2226 1200 2262 ⁸
1224 2225 1384 2281 fortis
1410 2235 1463 2282 et
1491 2226 1741 2283 occiden-

145 2313 283 2371 tibus
311 2315 524 2383 verbis,
547 2316 568 2350 ⁵
601 2315 756 2389 quasi
774 2314 998 2389 quidam
1027 2332 1199 2372 sonus
1229 2325 1446 2372 eterna:
1484 2316 1743 2387 praedica-

144 2403 301 2461 tionis
326 2404 392 2462 fit
422 2404 546 2478 ipsa
575 2403 755 2477 imago
786 2404 1016 2461 internas
1047 2404 1300 2461 visionis.
1334 2405 1491 2462 Unde
1516 2413 1569 2461 et
1600 2414 1745 2463 recte

145 2509 282 2551 nunc
314 2494 384 2551 ad
420 2494 649 2551 beatum
678 2494 780 2551 Job
805 2494 1077 2550 Dominus
1105 2494 1244 2552 dicit
1269 2512 1280 2550 :
1319 2495 1450 2564 Quis
1469 2495 1747 2551 enarrabit

143 2584 381 2640 calorum
409 2584 695 2652 rationem,
726 2590 774 2639 et
802 2591 1104 2640 concentum
1125 2584 1240 2640 caeli
1260 2585 1379 2656 quis
1408 2585 1644 2640 dormire
1662 2584 1744 2656 fa-

143 2673 231 2729 ciet
246 2676 274 2731 ἲ
303 2673 453 2743 Quid
486 2674 635 2731 enim
657 2674 923 2731 omlorum
946 2673 1087 2730 ratio
1104 2675 1398 2746 accipitur,
1421 2675 1529 2731 nisi
1551 2675 1637 2731 vis
1657 2692 1744 2731 su-

143 2778 296 2835 perna
342 2763 730 2821 secretorum?
760 2762 906 2830 Quid
953 2779 1050 2836 per
1097 2764 1222 2820 coeli
1260 2774 1591 2821 concentum
1635 2763 1745 2820 nisi

143 2868 357 2911 concors
388 2852 815 2926 praedicantium
840 2868 1022 2909 sermo
1051 2853 1332 2925 signatur?
1353 2853 1623 2911 Conditor
1647 2844 1745 2925 igi-

144 2948 223 2998 tur
248 2952 439 2998 noster
469 2958 596 2998 cum
634 2944 899 2999 caelorum
930 2943 1200 2999 rationem
1240 2959 1461 2999 narrare
1497 2942 1742 3016 coeperit,

143 3029 372 3088 dormire
403 3030 535 3087 coeli
568 3040 902 3087 concentum
933 3032 1087 3099 facit,
1121 3031 1251 3105 quia
1276 3049 1403 3089 cum
1439 3031 1551 3105 jam
1585 3033 1745 3090 nobis

144 3134 228 3191 per
246 3120 490 3193 speciem
507 3119 837 3186 ostenditur,
853 3120 1118 3176 nimirum
1138 3122 1558 3193 praedicantium
1578 3122 1747 3178 verba

145 3209 560 3267 subtrahuntur.
597 3208 740 3266 Hinc
758 3209 905 3265 enim
931 3226 1027 3282 per
1046 3210 1341 3266 Jeremiam
1374 3211 1645 3268 Dominus
1664 3211 1743 3267 di-
1780 3230 1825 3291 α

144 3299 244 3356 cit:
272 3301 393 3358 Non
422 3299 624 3355 docebit
642 3301 789 3356 ultra
808 3301 895 3355 vir
908 3301 1219 3372 proximum
1245 3318 1420 3369 suum,
1452 3309 1497 3357 et
1517 3302 1744 3373 fratrem

146 3404 316 3455 suum,
337 3390 554 3445 dicens:
603 3389 860 3461 Cognosce
886 3391 1189 3447 Dominum.
1244 3393 1433 3448 Omnes
1472 3392 1610 3447 enim
1647 3409 1744 3447 co-

144 3484 373 3548 gnoscent
418 3494 503 3533 me
548 3496 584 3533 a
629 3479 847 3535 minimo
894 3497 1075 3535 eorum
1120 3498 1284 3553 usque
1327 3482 1400 3537 ad
1426 3482 1741 3547 niaximum,

146 3566 260 3623 dicit
276 3567 539 3623 Dominus
558 3568 776 3639 (Jerem.
799 3584 960 3636 xxxr,
983 3568 1101 3639 3b).
1118 3569 1261 3624 Hinc
1278 3570 1482 3627 Paulus
1502 3569 1598 3626 ait:
1626 3570 1744 3626 Sive

138 3658 415 3730 prophetia:
457 3657 877 3724 evacuabuntur,
918 3658 1026 3713 sive
1070 3659 1262 3731 linguw
1302 3660 1594 3725 cessabunt,
1636 3661 1743 3714 sive

146 3746 348 3803 scientia
387 3748 694 3803 destruetur
728 3747 785 3812 (Ι
809 3746 937 3803 Cor.
970 3762 1095 3813 xm,
1126 3746 1208 3818 8).
1244 3746 1384 3820 [Vet.
1430 3746 1608 3820 VIII.]
1641 3748 1739 3803 Vel

146 3844 279 3892 certe
296 3836 568 3892 caelorum
591 3834 732 3891 ratio
753 3844 835 3891 est
872 3834 990 3906 ipsa
1010 3834 1349 3891 viviﬁcatrix
1387 3836 1587 3905 virtus,
1621 3852 1743 3909 quae

146 3923 358 3996 spiritus
376 3926 586 3981 format
605 3924 950 3997 angelorum.
975 3926 1122 3981 Deus
1142 3925 1291 3981 enim
1314 3924 1460 3981 sicut
1480 3935 1563 3983 est
1580 3943 1744 3983 causa

146 4028 443 4082 causarum,
483 4014 627 4070 sicut
650 4013 763 4069 vita
787 4013 1119 4082 viventium,
1137 4015 1215 4070 ita
1229 4015 1394 4072 etiam
1418 4015 1558 4071 ratio
1578 4016 1740 4073 ratio-

146 4099 407 4159 nabilium
434 4111 838 4160 creaturarum.
864 4102 1022 4158 Tunc
1038 4119 1165 4174 ergo
1187 4103 1449 4159 caelorum
1472 4103 1741 4160 rationem

146 4188 399 4247 Dominus
435 4199 651 4261 narrat,
694 4207 820 4248 cum
856 4192 1213 4264 semetipsum
1258 4191 1418 4248 nobis
1465 4192 1741 4265 quomodo

146 4276 321 4336 electis
341 4279 638 4353 spiritibus
663 4280 850 4353 praesit
878 4280 1149 4339 insinuat.
1182 4281 1339 4337 Tunc
1364 4281 1628 4338 caelorum
1659 4298 1740 4337 ra-

146 4365 338 4425 tionem
367 4378 582 4438 narrat,
607 4386 755 4438 cum,
779 4369 991 4426 detersa
1020 4370 1224 4427 mentis
1253 4377 1454 4427 nostras
1482 4370 1736 4443 caligine,

147 4453 279 4513 clara
321 4475 378 4515 se
423 4457 645 4516 visione
686 4459 1021 4517 manifestat.
1056 4459 1211 4517 Unde
1246 4460 1389 4517 etin
1434 4461 1740 4533 Evangelio

148 4545 401 4606 Dominus
427 4549 600 4607 dicit:
644 4549 793 4608 Venit
820 4549 954 4605 hora
976 4566 1093 4604 cum
1101 4550 1223 4619 jam
1251 4567 1358 4604 non
1388 4552 1410 4586 ⁸
1440 4550 1498 4605 in
1520 4567 1739 4623 prover-

151 4631 239 4689 biis
260 4636 447 4708 loquar
476 4637 645 4703 vobis,
660 4638 750 4693 sed
763 4638 951 4710 palam
971 4637 1034 4693 de
1057 4639 1221 4694 Patre
1244 4639 1576 4695 annuntiabo
1596 4639 1740 4695 vobis

151 4721 324 4791 (Joan.
357 4743 479 4797 xvr,
511 4726 629 4799 25).
658 4726 844 4782 Palam
877 4726 1083 4799 quippe
1111 4726 1179 4782 de
1220 4727 1380 4783 Patre
1408 4728 1737 4785 annuntiare

154 4826 204 4866 se
229 4814 438 4883 asserit,
479 4813 611 4889 quia
641 4830 737 4887 per
765 4813 1090 4887 patefactam
1134 4823 1269 4872 tunc
1299 4814 1601 4887 majestatis
1627 4832 1738 4872 suae

226 4993 239 5064 ξ
275 4993 395 5051 Val.
439 4994 547 5064 Cl.,
579 4994 744 5053 Corb.
778 4995 987 5063 Germ.,
1027 5011 1091 5051 ac
1134 5002 1245 5050 vet.
1294 4995 1399 5051 Ed.
1442 4996 1614 5053 Paris.
1648 5012 1737 5052 an.

158 5060 306 5139 1518,
333 5076 387 5122 et
424 5060 673 5123 Barthol.
705 5083 796 5123 an.
832 5060 990 5135 149b,
1019 5066 1314 5134 enarravit,
1338 5075 1392 5123 et
1422 5066 1499 5122 ita
1528 5084 1744 5139 semper

157 5132 439 5264 lnf’niiaud.
471 5217 524 5264 et
552 5209 677 5267 Val.
717 5208 825 5278 Cl.,
858 5226 982 5267 caro
1020 5208 1322 5264 revertitur.

223 5277 242 5308 ³
295 5278 544 5351 Plerique
593 5281 724 5337 Mss.
1008 5286 1268 5351 penetrat.
1316 5278 1480 5337 Corb.
1531 5279 1741 5348 Germ.,

158 5355 342 5471 quatnto
370 5356 559 5405 mentes
585 5358 799 5407 nostras
827 5369 926 5408 sua
970 5353 1161 5407 intima
1196 5352 1555 5407 illustrations
1592 5369 1744 5424 pene-

179 5432 241 5470 ra
267 5461 279 5473 .

225 5489 245 5521 ‘
272 5489 351 5545 Ita
378 5490 574 5567 Pratel.
607 5493 811 5567 aliique
838 5495 1051 5561 Norm.,
1084 5494 1316 5567 Tur-om,
1346 5492 1544 5567 Laud,
1578 5492 1743 5567 Corb.

161 5555 333 5637 Germ.
366 5569 420 5617 et
452 5563 572 5620 Val.
596 5555 951 5637 Cl.,‘necnon
983 5555 1091 5620 vet.
1125 5555 1364 5637 Editi,'a
1410 5555 1614 5637 quibus
1638 5563 1747 5637 de-

1926 1936 2011 1992 18.
2054 1939 2472 1995 Resurrectionis
2513 1946 2711 2013 tempus
2738 1958 2775 1996 a
2814 1940 2911 1997 Iob
2936 1941 3228 2013 praevisum
3256 1945 3304 1996 et
3324 1957 3461 2014 pra:-

1850 2028 2174 2084 nuntiatum.
2207 2058 2278 2069 —
2320 2029 2471 2086 More
2500 2030 2649 2086 enim
2693 2047 2793 2087 suo
2842 2032 2889 2067 ¹⁰
2917 2047 3039 2106 quae
3065 2031 3249 2091 adhuc
3275 2034 3465 2092 futura

1851 2127 1981 2177 sunt
2013 2120 2169 2194 quasi
2205 2120 2320 2193 jam
2353 2123 2629 2194 praeterita
2674 2122 2903 2180 divinus
2940 2139 3122 2181 sermo
3173 2123 3459 2194 describit,

1853 2207 1960 2265 hoc
1980 2208 2037 2264 in
2053 2225 2110 2265 se
2131 2208 2394 2266 videlicet
2416 2227 2641 2268 servans
2663 2211 2812 2287 quod
2827 2230 2925 2287 per
2948 2228 3076 2270 eum
3105 2213 3330 2272 dicitur:
3360 2216 3463 2284 Qui

1852 2297 1978 2369 fecit
1999 2315 2117 2370 qua:
2143 2298 2335 2370 futura
2360 2307 2483 2356 sunt
2499 2302 2527 2371 (
2532 2302 2663 2359 Isai.
2698 2319 2828 2372 xav,
2869 2304 2955 2372 11,
2988 2321 3085 2361 sec.
3119 2304 3313 2376 LXX).
3337 2305 3463 2361 Pul-

1854 2387 1942 2443 vis
1979 2387 2165 2461 itaque
2193 2396 2329 2446 tunc
2358 2389 2417 2445 in
2463 2399 2663 2448 terram
2697 2391 2981 2462 fundatur,
3015 2393 3145 2468 quia
3179 2393 3238 2450 in
3284 2394 3461 2451 solida

1854 2480 2107 2537 membra
2126 2481 2432 2540 reducitur.
2462 2484 2535 2541 Et
2555 2484 2725 2556 gleba)
2744 2485 3197 2559 compinguntur,
3225 2487 3357 2561 quia
3375 2487 3458 2542 ni-

1856 2570 2062 2627 mirum
2085 2570 2247 2629 ﬁrma
2264 2589 2499 2646 corpora
2517 2591 2587 2631 ex
2604 2576 2832 2647 pulvere
2850 2577 3083 2634 collecta
3097 2584 3458 2650 consurgunt.

1855 2660 1960 2717 Sed
1992 2671 2285 2736 postquam
2316 2664 2487 2720 verba
2510 2664 2627 2723 haec
2657 2664 2938 2725 dominica
2966 2666 3244 2741 quomodo
3273 2667 3342 2725 de
3360 2667 3463 2724 fu-

1854 2756 1982 2806 turo
2010 2751 2371 2824 intelligenda
2398 2755 2510 2811 sint
2538 2756 2810 2827 diximus,
2839 2774 2991 2815 nunc
3031 2758 3196 2815 etiam
3225 2757 3362 2831 quid
3392 2756 3461 2814 de

1854 2839 2112 2913 praesenti
2143 2841 2426 2899 insinuent
2457 2845 2788 2903 indicemus.

1928 2926 1951 3001 [
1963 2930 2068 2988 Vel.
2101 2930 2228 3006 IX.]
2264 2933 2347 2988 19.
2382 2935 2636 3005 Reprobis
2664 2936 3060 2992 abscondantur
3087 2938 3333 3005 crelestia,
3365 2953 3463 2992 re-

1854 3019 2101 3073 velantur
2128 3020 2318 3076 electis.
2339 3022 2554 3090 —Quis
2582 3024 2861 3079 enarrabit
2888 3026 3144 3081 caelorum
3172 3027 3456 3095 rationem,

1855 3113 1904 3164 et
1929 3115 2230 3164 concentum
2269 3111 2383 3167 cwli
2414 3112 2532 3182 quis
2560 3112 2797 3168 dormire
2824 3112 3030 3184 faciet?
3069 3114 3346 3172 Coelorum
3377 3131 3458 3172 ra-

1854 3196 2063 3254 tionem
2094 3199 2364 3255 Dominus
2408 3210 2614 3270 narrat,
2666 3200 2800 3258 dum
2831 3219 2979 3260 nunc
3010 3203 3343 3263 insinuando
3371 3221 3460 3261 su-

1852 3302 2023 3359 perna
2043 3291 2187 3350 965
2211 3298 2421 3347 secreta
2444 3292 2744 3348 electorum
2766 3308 2992 3349 suorum
3023 3300 3234 3351 mentes
3253 3293 3460 3350 illumi-

1852 3390 1971 3439 nat.
1988 3383 2330 3442 Concentum
2348 3402 2479 3441 vero
2498 3387 2623 3443 coeli
2644 3386 2887 3443 dormire
2908 3387 3060 3456 facit,
3079 3387 3212 3445 dum
3233 3404 3457 3447 concor-

1852 3470 1947 3527 des
1976 3475 2294 3545 angelorum
2328 3473 2569 3546 bymnos
2606 3482 2770 3549 atque
2800 3476 2899 3532 illa
2925 3476 3234 3533 cmlestium
3282 3477 3457 3533 virtu-

1851 3568 1970 3616 tum
2000 3562 2199 3633 gaudia
2228 3563 2589 3634 reproborum
2619 3563 2879 3621 cordibus
2918 3565 3072 3637 justo
3095 3563 3312 3637 judicio
3340 3565 3459 3624 abs-

1852 3649 2061 3705 condit.
2095 3650 2202 3718 Qui
2232 3659 2533 3708 concentus
2561 3652 2709 3721 coeli,
2742 3654 3000 3727 quamvis
3026 3655 3086 3711 in
3115 3671 3173 3711 se
3201 3655 3456 3713 intrinse-

1851 3754 1949 3794 cus
1987 3738 2198 3811 vigilet,
2257 3739 2316 3795 in
2355 3742 2473 3812 ipsa
2520 3748 2703 3797 tamen
2753 3743 3116 3816 reproborum
3144 3744 3459 3816 ignorantia

1852 3828 2198 3885 extrinsecus
2223 3829 2449 3886 dormit.
2486 3832 2792 3887 Enarratur
2831 3847 2962 3903 ergo
2992 3833 3189 3891 secreti
3218 3834 3458 3890 calcatis

1851 3917 2014 3985 ratio,
2044 3925 2099 3972 et
2125 3926 2312 3974 tamen
2344 3926 2647 3975 concentus
2675 3920 2799 3976 cmli
2831 3919 3075 3976 dormire
3090 3921 3452 3992 permittitur,

1852 4006 1982 4077 quia
2005 4014 2060 4062 et
2081 4005 2206 4061 aliis
2236 4022 2332 4077 per
2360 4006 2784 4079 inspirationem
2802 4023 3053 4080 supernae
3073 4007 3456 4065 retributionis

1850 4093 2079 4151 scientia
2126 4093 2407 4166 panditur,
2450 4102 2505 4151 et
2542 4095 2669 4152 aliis
2713 4112 2836 4170 quas
2883 4096 2956 4152 sit
2999 4096 3232 4153 interna
3276 4095 3457 4154 laudis

1850 4185 2093 4242 suavitas
2117 4186 2450 4244 occultatur.

1921 4274 2009 4331 20.
2051 4275 2293 4333 Visibilia
2319 4275 2577 4347 reprobos
2612 4276 2693 4331 hic
2721 4282 3028 4347 morantur,
3050 4283 3256 4333 sanctos
3282 4283 3458 4334 autem

1848 4365 1922 4423 ad
1948 4366 2172 4423 meliora
2200 4370 2534 4439 compellunt.
2565 4397 2637 4409 —
2680 4367 2948 4425 Narratur
2993 4368 3262 4426 caelorum
3292 4368 3453 4437 ratio,

1848 4455 1981 4529 quia
2007 4456 2309 4514 electorum
2339 4455 2618 4513 mentibus
2651 4472 2773 4530 quae
2800 4457 2873 4514 sit
2901 4474 3267 4531 supernorum
3300 4458 3455 4515 retri-

1849 4544 2007 4603 butio
2044 4546 2422 4603 indesinenter
2462 4546 2728 4619 aperitur,
2779 4556 2844 4604 ut
2870 4547 3142 4605 nimirum
3181 4548 3303 4605 sine
3345 4564 3458 4605 ces-

1846 4635 2059 4692 satione
2089 4635 2402 4709 proﬁciant,
2434 4643 2487 4692 et
2508 4643 2951 4695 transcurrentes
2980 4636 3225 4695 visibilia
3243 4652 3360 4695 sese
3388 4636 3458 4693 ad

1846 4723 2155 4782 invisibilia
2184 4725 2503 4783 extendant.
2537 4725 2716 4784 Omne
2759 4726 2913 4783 enim
2944 4726 3170 4785 visibile
3199 4726 3349 4801 quod
3395 4724 3458 4782 in

1846 4814 1952 4871 hac
1975 4815 2091 4871 vita
2109 4815 2370 4889 reprobos
2400 4816 2540 4890 ﬁgit,
2566 4815 2675 4874 hoc
2694 4817 2901 4875 electos
2934 4819 2979 4853 ¹¹
3010 4816 3080 4874 ad
3110 4816 3220 4873 alia
3248 4814 3457 4887 impel-

1921 4998 1941 5031 ⁷
1972 4996 2063 5054 Sic
2091 4996 2351 5068 Vindoc.,
2388 4997 2588 5064 Laud.,
2618 4998 2742 5055 Val.
2792 4996 2898 5065 αι,
2948 4996 3196 5064 Ebroic.,
3243 4994 3457 5068 aliique

1851 5068 2038 5141 No‘rm.
2074 5067 2179 5124 Ubi
2204 5069 2377 5141 Editi,
2403 5086 2529 5126 cum
2561 5068 2724 5126 Corb.
2752 5068 2969 5141 Germ.,
3001 5068 3110 5141 ipse
3130 5066 3381 5141 genitori:

1925 5139 1947 5173 ⁸
1973 5139 2195 5221 Decem.
2445 5147 2705 5221 corrupte
2751 5139 2967 5221 habent.
3004 5137 3149 5209 quod
3173 5137 3455 5221 oriendum

1853 5216 1945 5267 est.
1978 5210 2176 5266 Melius
2217 5220 2328 5283 vet.
2361 5212 2463 5283 Ep.
2513 5209 2686 5267 Paris.
2725 5219 2779 5283 et
2822 5210 3024 5283 B_asil.,_
3061 5210 3202 5283 quod
3232 5209 3453 5283 oriende

1854 5288 1946 5363 est,
1998 5288 2061 5337 ut
2097 5288 2179 5363 est
2212 5281 2271 5338 in
2313 5279 2441 5363 Mss.
2473 5283 2688 5363 Norm.,
2733 5280 2931 5350 Laud.,
2973 5279 3100 5338 Val.
3145 5280 3254 5351 CL,
3286 5279 3453 5339 Corb.

1854 5353 2068 5421 Germ.,
2096 5361 2228 5421 etc.,
2250 5353 2453 5426 quibus
2480 5352 2846 5410 adhaeremus.

1925 5424 2199 5505 fhligbroic.
2231 5432 2285 5479 et
2315 5424 2477 5481 Corb.
2498 5425 2722 5505 _Cerm.,
2748 5430 2877 5505 tunc
2913 5423 3206 5481 domiunt.

1931 5495 1976 5530 ¹⁰
2008 5495 2267 5562 Vindoc.,

1931 5568 1974 5600 “
2006 5567 2230 5635 Pratel.,

2336 5513 2415 5551 ure
2440 5496 2612 5551 adhuc
2640 5502 2884 5551 ventura.

2312 5567 2407 5624 tic.
2436 5575 2491 5623 et
2518 5567 2635 5637 alii,
2669 5568 2741 5623 ad
2786 5568 2975 5636 aliam,
3002 5566 3217 5626 scilicet
3259 5566 3456 5624 vitam.

160 5625 394 5720 {incientes
434 5625 763 5693 recentiores
803 5636 1026 5704 habent,
1071 5625 1358 5691 orientibus
1410 5625 1457 5690 ὁι
1504 5636 1749 5691 occiden-
1857 5636 2021 5719 Corb:
2051 5625 2260 5720 ρει-ηιξ,
2284 5656 2433 5720 omne
2459 5656 2539 5694 en.
2576 5625 2881 5720 ..'r_eprobis
2898 5625 3023 5720 fecit
3047 5641 3127 5711 (et
3138 5625 3460 5720 inmargine

160 5699 306 5757 tibus.
1010 5699 1021 5704 ’

225 5772 249 5879 ἒ
277 5772 595 5879 ἔρεξανλῇ
620 5779 698 5879 pl:
719 5779 933 5879 N‘orm”
961 5779 1115 5860 quasi
1141 5779 1361 5879 quidam
1388 5779 1537 5834 nobis
1565 5795 1743 5834 sonus.

275 5843 445 5902 Laud.
478 5855 531 5904 et
556 5843 720 5907 Cdrb.
751 5843 1047 5919 Germ.,—in
1069 5843 1367 5923 parabolis.

2041 5709 2260 5766 diversa
2287 5711 2472 5782 lectio,
2508 5709 2756 5784 reprobos
2776 5709 3153 5785 reﬁcit)....ad
3174 5709 3457 5767 aliamiim-

1856 5796 1917 5836 ne
1964 5798 1981 5835 ι
2009 5823 2025 5836 .

1850 5796 2025 5852 petiit.
