3920 6378
443 307 554 366 535

1649 319 1899 378 SANCTI
1939 322 2278 384 GREGORII
2315 330 2542 391 MAGNI

3651 347 3764 405 536

444 429 529 501 tit,
559 428 691 548 quia
716 429 850 489 dum
878 431 1170 548 δορα.ῃὲ
1181 434 1326 494 facta
1345 445 1476 496 sunt
1501 441 1826 514 respiciunt,
1840 444 1898 501 in
1914 460 2041 503 eum
2073 451 2124 510 A
2151 455 2406 512 charitate
2431 447 2856 533 compinguntur.
2887 493 2960 507 —
2987 464 3123 534 Quis
3150 463 3209 524 in
3238 467 3466 539 pulvere
3492 470 3606 530 nisi
3636 489 3772 548 pec-

441 535 476 576 a
501 535 611 608 quo
653 519 797 577 facta
840 528 972 578 sunt
1014 521 1400 596 inardescunt;
1451 537 1712 607 tantoque
1741 549 1865 591 eum
1896 549 2048 608 prae-

441 607 678 665 stantius
703 613 912 678 amant,
934 620 1140 684 quanto
1169 614 1330 673 illum
1370 615 1476 676 hoc
1511 621 1659 694 quod
1688 621 1804 694 ipse
1833 621 2042 682 bonum

440 694 691 754 condidit
725 699 920 770 praeire
965 703 1338 762 considerant.
1385 706 1502 782 Loq
1528 708 1658 766 .itur
1691 709 1894 784 quippe
1937 712 2044 772 hoc

437 785 520 843 eis
563 785 942 846 intrinsecus'
985 791 1215 850 silenter
1257 811 1460 854 sonans
1510 797 1810 858 invisibilis
1858 801 2046 875 lingua

437 877 902 950 compunctionis.
931 880 1107 948 Quam
1136 890 1291 940 tanto
1313 885 1335 920 ²
1362 885 1582 958 plenius
1606 887 1760 948 intus
1787 891 2041 963 audiunt,

438 975 647 1042 quanto
665 969 736 1027 ab
755 971 1094 1030 exteriorum
1123 973 1523 1034 desideriorum
1556 979 1791 1052 strepitu
1820 982 2046 1054 perfec-

437 1055 553 1115 tius
577 1065 922 1119 avertuntur.
955 1061 1054 1120 His
1082 1063 1269 1139 itaque
1293 1077 1596 1126 concentus
1621 1069 1748 1128 caeli
1779 1087 1890 1127 non
1921 1071 2043 1129 dor-

437 1146 563 1217 mit,
593 1147 726 1222 quia
751 1164 941 1208 eorum
975 1167 1132 1210 mens
1149 1168 1270 1228 quae
1290 1153 1363 1212 sit
1385 1156 1562 1215 laudis
1589 1175 1840 1232 supernae
1862 1161 2042 1218 suavi-

435 1244 542 1308 tas,
562 1239 810 1312 apposita
826 1242 1030 1300 amoris
1047 1259 1200 1314 aure,
1216 1247 1520 1318 cognoscit.
1543 1248 1699 1306 Intus
1723 1249 1871 1306 enim
1895 1251 2043 1325 quod

435 1335 701 1400 appetunt
718 1329 972 1401 audiunt,
989 1341 1044 1392 et
1071 1331 1138 1390 de
1156 1335 1464 1395 ccelestium
1491 1337 1764 1398 bonorum
1796 1341 2042 1415 praemiis

434 1417 557 1492 ipso
584 1417 859 1480 desiderio
888 1421 1213 1483 Divinitatis
1241 1427 1614 1488 instruuntur.
1640 1429 1795 1489 Unde
1826 1441 1880 1490 et
1908 1448 2040 1506 prai-

434 1516 644 1566 sentem
675 1507 848 1568 vitam
883 1527 995 1570 non
1015 1514 1197 1573 solum
1225 1515 1632 1590 adversantem,
1651 1519 1748 1578 sed
1776 1521 1940 1578 etiam
1964 1521 2042 1578 fa-

435 1606 655 1656 ventem
678 1599 920 1674 graviter
937 1601 1196 1675 tolerant,
1217 1606 1349 1684 quia
1376 1607 1456 1666 eis
1482 1624 1777 1668 onerosum
1800 1620 1882 1669 est
1911 1627 2044 1668 om-

432 1703 504 1746 ne
541 1687 692 1762 quod
728 1690 996 1762 cernitur,
1040 1692 1177 1752 dum
1215 1693 1286 1752 ab
1320 1713 1387 1754 eo
1427 1698 1579 1771 quod
1620 1699 1775 1756 intus
1807 1699 2043 1758 audiunt

433 1777 792 1844 differuntur.
824 1779 1001 1837 Omne
1029 1781 1178 1856 quod
1204 1783 1313 1841 sibi
1355 1796 1555 1858 praesto
1583 1797 1666 1845 est
1691 1805 1854 1860 grave
1884 1791 2044 1848 aesti-

434 1872 614 1935 mant,
645 1866 776 1940 quia
799 1865 944 1925 illud
971 1884 1084 1926 non
1113 1877 1196 1928 est
1223 1871 1293 1930 ad
1324 1873 1474 1947 quod
1502 1874 1802 1945 anhelant;
1837 1877 2040 1937 indesi-

431 1962 629 2012 nenter
653 1961 838 2013 autem
868 1971 1060 2015 eorum
1091 1975 1246 2018 mens
1274 1961 1408 2035 ipsis
1438 1965 1860 2038 temporalitatis
1886 1969 2042 2034 labo-

431 2041 588 2101 ribus
614 2043 758 2103 fessa
787 2045 848 2104 in
877 2045 1017 2106 illud
1045 2049 1266 2108 sceleste
1293 2051 1556 2124 gaudium
1576 2057 1906 2114 resumenda
1923 2075 2040 2116 sus-

431 2131 713 2206 penditur,
769 2133 926 2206 dum,
986 2135 1045 2193 in
1098 2153 1230 2196 aure
1281 2140 1464 2199 cordis
1519 2141 1668 2202 intro
1716 2155 2038 2220 erumpente

431 2231 704 2281 concentu
728 2223 879 2294 cteli,
907 2224 1222 2286 societatem
1252 2228 1360 2286 sibi
1391 2231 1640 2306 quotidie
1669 2251 2034 2308 supernorum

431 2309 641 2370 civium
671 2313 1076 2388 praestolamur.
1109 2318 1216 2375 Iste
1244 2329 1550 2380 concentus
1575 2339 1827 2398 supernae
1856 2326 2039 2384 laudis

434 2401 457 2436 ³
486 2401 548 2459 in
580 2402 734 2462 illius
760 2420 894 2462 aure
939 2416 1214 2481 eruperat,
1259 2410 1354 2484 qui
1385 2411 1634 2470 dicebat:
1668 2415 1954 2487 Ingrediar
1981 2417 2040 2472 in

434 2491 605 2548 locum
631 2494 962 2574 tabernaculi
985 2497 1344 2568 admirabilis,
1363 2516 1526 2573 usque
1541 2503 1614 2558 ad
1628 2504 1842 2560 domum
1860 2507 1960 2562 Dei
1981 2507 2036 2562 in

429 2599 548 2640 voce
575 2583 950 2642 multationis
974 2593 1025 2643 et
1061 2587 1422 2660 confessionis,
1453 2607 1613 2650 sonus
1640 2593 1869 2651 civitatis
1897 2613 2036 2668 epu-

433 2670 594 2728 lantis
625 2671 798 2744 (Psal.
829 2690 946 2746 xu,
968 2675 1050 2750 ὅ).
1084 2677 1189 2746 Qui
1209 2675 1380 2752 igitur
1402 2681 1556 2739 intus
1583 2699 1776 2740 vocem
1796 2685 2034 2744 exsulta-

427 2759 601 2820 tionis
627 2771 684 2820 et
735 2765 1101 2824 confessionis
1141 2783 1204 2826 ac
1245 2785 1444 2828 sonum
1487 2772 1729 2830 civitatis
1756 2775 2036 2848 epulantis

428 2851 698 2924 audierat,
728 2854 864 2929 quid
892 2856 1053 2914 illum
1088 2857 1242 2914 aliud
1268 2859 1378 2917 nisi
1406 2861 1531 2918 coeli
1560 2873 1861 2922 concentus
1889 2868 2036 2924 exci-

427 2941 624 3000 tabat?
720 2993 732 3003 .

497 3031 586 3090 21.
625 3031 917 3092 Concentus
956 3035 1207 3092 calorum
1249 3053 1284 3094 a
1307 3039 1500 3110 pravis
1542 3057 1651 3098 non
1686 3044 1931 3102 auditur.
1963 3076 2036 3089 —

423 3123 532 3194 Qui
560 3131 744 3182 tamen
789 3137 1095 3187 concentus
1129 3129 1381 3202 reprobis
1421 3130 1650 3202 dormit,
1681 3134 1811 3208 quia
1839 3151 2030 3193 eorum

2155 552 2366 602 catores
2409 548 2734 622 accipimus,
2779 552 2877 626 qui
2919 553 3076 610 nullo
3123 555 3355 614 rationis
3386 561 3634 631 pondere
3663 579 3769 620 so—

2155 632 2311 690 lidati
2328 637 2623 710 cujuslibet
2641 641 2959 700 tentationis
2973 643 3105 702 ﬂatu
3125 645 3452 718 rapiuntur?
3466 651 3547 707 De
3561 651 3770 725 quibus

2153 729 2418 801 scriptum
2449 739 2565 788 est:
2618 734 2738 788 Non
2766 734 2841 789 sic
2884 735 3038 806 impii
3091 753 3198 792 non
3239 738 3336 804 sic,
3379 740 3469 796 sed
3505 748 3770 815 tanquam

2147 818 2328 887 pulvis
2355 836 2507 890 quem
2531 821 2751 892 projicit
2771 829 2951 878 ventus
2977 842 3014 880 a
3040 823 3178 896 facie
3208 833 3366 884 terra;
3399 828 3576 901 (Psal.
3609 849 3652 900 ι,
3683 833 3768 907 5).

2153 906 2342 966 Pulvis
2370 926 2497 982 ergo
2527 909 2586 968 in
2615 919 2812 969 terram
2847 913 3110 972 fundatus
3139 925 3241 986 est,
3273 934 3400 976 cum
3439 906 3766 993 peccatores

2154 998 2335 1055 vocati
2366 999 2424 1056 in
2453 1001 2702 1058 Ecclesia
2727 1002 2943 1060 traditae
2962 1004 3092 1064 ﬁdei
3124 1017 3257 1064 sunt
3276 1008 3490 1066 ratione
3513 1011 3770 1083 solidati,

2155 1087 2176 1123 ⁸
2205 1095 2265 1142 ut
2295 1089 2388 1162 qui
2418 1089 2572 1163 prius
2601 1091 2976 1152 inconstantia
3006 1095 3238 1155 mobiles
3270 1099 3602 1158 tentationis
3632 1119 3773 1161 aura

2153 1175 2495 1247 levabantur,
2515 1181 2827 1240 immobiles
2845 1185 3198 1257 postmodum
3218 1196 3410 1245 contra
3425 1198 3774 1250 tentamenta

2152 1268 2532 1339 consisterent,
2556 1281 2610 1329 et
2628 1275 2742 1330 Deo
2762 1285 3178 1346 perseveranter
3201 1277 3558 1349 inhaerentes,
3585 1280 3770 1340 ﬁxum

2151 1357 2291 1418 bene
2320 1360 2548 1420 vivendi
2565 1363 2780 1436 pondus
2805 1373 3075 1424 tenerent.
3106 1367 3294 1428 Glebae
3316 1385 3449 1428 vero
3469 1387 3542 1431 ex
3560 1371 3772 1432 humo-

2152 1466 2210 1506 re
2239 1452 2599 1525 coagulantur
2623 1464 2677 1512 et
2695 1456 2942 1528 pulvere.
2975 1457 3037 1514 In
3068 1457 3172 1516 hac
3200 1459 3386 1534 itaque
3413 1469 3564 1518 terra
3590 1463 3771 1537 glebae

2151 1543 2174 1579 ⁸
2205 1553 2500 1618 compactae
2531 1553 2682 1615 sunt,
2713 1547 2842 1620 quia
2871 1547 3054 1606 vocati
3083 1559 3399 1622 peccatores
3427 1561 3484 1610 et
3512 1569 3612 1627 per
3641 1554 3764 1628 Spi-

2151 1634 2292 1692 ritus
2318 1635 2496 1692 sancti
2525 1637 2756 1710 gratiam
2785 1637 2958 1694 infusi
2991 1639 3049 1694 in
3078 1640 3405 1698 collectione
3431 1651 3564 1702 sunt
3582 1643 3770 1702 chari-

2151 1724 2279 1783 tatis
2310 1723 2474 1782 uniti.
2499 1726 2620 1784 Ista:
2643 1725 2811 1800 gleba:
2832 1726 2892 1784 in
2911 1735 3060 1787 terra
3087 1740 3386 1803 compactae
3413 1742 3569 1802 sunt,
3591 1749 3768 1808 quan-

2075 1819 2122 1883 B
2153 1812 2224 1870 do
2252 1815 2442 1888 populi
2473 1815 2567 1890 qui
2597 1817 2751 1890 prius
2772 1818 2929 1892 quasi
2951 1819 3009 1875 in
3037 1819 3382 1894 dispersione
3402 1823 3656 1896 pulveris
3683 1822 3772 1880 di-

2151 1920 2310 1961 versa
2337 1905 2672 1976 sentiebant,
2705 1909 3082 1980 postmodum,
3113 1910 3293 1968 sancti
3323 1911 3564 1984 Spiritus
3583 1913 3771 1984 gratia

2151 2002 2392 2067 accepta,
2423 1994 2482 2051 in
2531 1995 2626 2052 illa
2655 1996 3003 2069 pacatissima
3031 1999 3418 2058 unanimitatis
3460 2001 3770 2060 concordia

2149 2095 2548 2154 convenerunt,
2589 2093 2652 2142 ut
2680 2103 2806 2143 cum
2837 2097 3018 2145 essent
3045 2089 3153 2146 tria
3180 2090 3379 2160 millia,
3413 2092 3502 2147 vel
3536 2107 3767 2150 rursum

2151 2174 2396 2249 quinque
2441 2175 2640 2246 millia,
2684 2176 2967 2249 Scriptura
3008 2185 3262 2248 testante,
3311 2177 3592 2238 diceretur
3631 2181 3770 2254 quia

2149 2271 2267 2320 erat
2295 2265 2352 2319 in
2377 2265 2452 2320 eis
2479 2282 2570 2320 cor
2597 2282 2763 2321 unum
2790 2273 2838 2322 et
2855 2266 3039 2323 anima
3069 2286 3178 2326 una
3207 2269 3356 2339 (Act.
3389 2287 3470 2340 1v,
3501 2269 3619 2338 32).
3655 2271 3768 2328 Has

2149 2352 2334 2425 glebas
2379 2369 2451 2410 ex
2497 2370 2607 2410 uno
2653 2355 2875 2428 quidem
2923 2357 3172 2429 pulvere,
3203 2358 3297 2416 sed
3345 2359 3502 2433 quasi
3541 2356 3769 2416 diversa

2149 2443 2294 2499 mole
2313 2441 2602 2501 distinctas
2619 2443 2866 2518 quotidie
2894 2446 3167 2504 Dominus
3188 2449 3248 2504 in
3266 2457 3410 2505 terra
3425 2465 3547 2506 corn
3555 2447 3764 2522 pingit,

2148 2534 2298 2607 quia,
2345 2543 2563 2592 servata
2608 2534 2819 2591 unitate
2849 2538 3201 2606 sacramenti,
3239 2537 3404 2612 juxta
3433 2538 3764 2596 varietatem

2147 2639 2365 2680 morum
2395 2632 2557 2698 atque
2588 2623 2900 2697 linguarum
2931 2625 3122 2683 ﬁdeles
3155 2626 3215 2684 in
3245 2627 3497 2686 Ecclesia
3525 2628 3765 2702 populos

2146 2714 2377 2786 colligit.
2412 2714 2521 2770 Has
2551 2713 2732 2787 glebas
2769 2714 2884 2788 jam
2928 2721 3061 2772 tunc
3108 2717 3380 2774 Dominus
3417 2717 3759 2790 designavit,

2147 2805 2366 2880 quando
2394 2805 2464 2862 ad
2491 2821 2643 2863 esum
2677 2806 2832 2880 panis
2861 2816 2914 2864 et
2931 2807 3166 2880 piscium
3198 2808 3618 2884 quinquagenos
3649 2807 3764 2865 dis-

2144 2896 2402 2952 cumbere
2435 2896 2526 2954 vel
2553 2903 2814 2954 centenos
2837 2896 3005 2969 jussit
3037 2899 3251 2970 (Matth.
3285 2915 3410 2970 xiv,
3443 2899 3532 2968 l9,
3563 2898 3686 2970 20).

2213 3037 2304 3094 23.
2332 3038 2399 3094 In
2425 3037 2664 3095 Ecclesia
2683 3037 2882 3094 diversi
2899 3044 3026 3094 sunt
3043 3037 3278 3096 ordines.
3295 3068 3368 3082 —
3393 3038 3541 3107 Quas
3567 3049 3760 3098 tamen

2144 3126 2328 3199 glebas
2355 3127 2403 3183 si
2432 3127 2492 3182 in
2512 3127 2761 3184 Ecclesia
2779 3143 2849 3182 ex
2869 3126 3191 3184 diversitate
3221 3128 3545 3186 meritorum
3578 3137 3760 3188 atten-

423 3189 688 3272 cbrdibus
713 3231 1062 3290 nequaquam
1097 3189 1210 3290 per.
1221 3234 1414 3276 vocem
1443 3189 2030 3295 οοωριίῃᾷιίοῇίε
2063 3189 2108 3250 c
2141 3189 2347 3288 dimus,
2367 3218 2597 3274 fortasse
2625 3215 2808 3274 adhuc
2827 3216 3172 3290 distinguere
3191 3217 3454 3276 subtilius
3473 3220 3755 3278 valemus.

423 3304 680 3362 notescit.
710 3304 833 3361 Non
862 3304 1012 3362 enim
1045 3305 1394 3366 considerare
1421 3309 1576 3367 illam
1604 3311 2026 3372 desiderabilem

423 3405 790 3463 supernorum
807 3392 1016 3449 civium
1034 3391 1406 3467 frequentiam
1432 3399 1676 3470 student,
1695 3403 1852 3459 nullo
1871 3403 2028 3460 ardo-

424 3477 504 3537 ris
529 3478 686 3538 radio
713 3479 812 3538 illa
837 3481 1206 3540 solemnitatis
1235 3484 1466 3544 interna
1494 3487 1632 3546 festa
1655 3491 2024 3564 conspiciunt,

423 3567 581 3625 nulla
605 3567 666 3625 in
694 3567 910 3628 intimis
936 3572 1426 3648 contemplationis
1446 3592 1626 3649 penna
1643 3577 2022 3638 sublevantur.

422 3657 568 3716 Solis
594 3673 834 3734 namque
852 3660 1172 3720 visibilibus
1191 3664 1461 3736 serviunt,
1479 3675 1535 3725 et
1552 3667 1761 3727 idcirco
1782 3669 1924 3726 nihil
1939 3687 2027 3728 su-

422 3763 607 3822 perna
633 3748 926 3808 suavitatis
957 3749 1294 3812 intrinsecus
1321 3754 1576 3827 audiunt,
1597 3757 1729 3832 quia
1755 3774 1868 3828 eos,
1885 3759 2029 3817 sicut

420 3835 676 3910 superius
701 3836 972 3910 diximus,
1020 3841 1081 3898 in
1123 3857 1253 3899 aure
1295 3843 1477 3903 cordis
1503 3863 1762 3904 curarum
1792 3847 2033 3905 saecula-

419 3925 568 3984 rium
601 3926 756 3984 surdi
796 3930 1070 3988 tumultus
1097 3940 1377 4004 premunt.
1421 3933 1562 4002 Quia
1605 3935 1778 4008 igitur
1821 3936 2026 3994 occulti

419 4015 832 4090 dispensatione
863 4017 1066 4092 judicii
1107 4021 1256 4096 quod
1283 4023 1408 4080 aliis
1435 4025 1680 4098 aperitur
1705 4026 1834 4084 aliis
1861 4027 2026 4084 clau—

419 4103 594 4178 ditur,
620 4106 769 4182 quod
796 4107 924 4167 aliis
957 4109 1234 4183 detegitur
1277 4111 1404 4170 aliis
1451 4115 1782 4186 occultatur,
1809 4115 2028 4172 dicatur

419 4202 596 4252 recte:
629 4195 761 4264 Quis
779 4199 1057 4255 enarrabit
1081 4202 1335 4257 calorum
1356 4203 1638 4273 rationem,
1662 4211 1714 4261 et
1727 4212 2027 4262 concentum

420 4283 538 4340 cali
562 4283 684 4355 quis
710 4285 948 4344 dormire
975 4287 1176 4359 faciet?
1205 4289 1364 4358 Quod
1392 4297 1580 4348 tamen
1601 4301 1735 4350 tunc
1763 4294 1926 4350 nobis
1953 4295 2025 4350 la-

419 4373 535 4432 tius
563 4373 832 4448 innotuit,
861 4393 987 4434 cum
1014 4377 1348 4452 Redemptor
1393 4391 1580 4440 noster
1607 4400 1705 4458 per
1730 4384 2026 4459 dispensa-

418 4461 593 4522 tionis
621 4469 766 4530 966
803 4465 1134 4539 mysterium
1165 4483 1454 4542 apparens,
1483 4481 1538 4531 et
1566 4472 1812 4547 indignis
1850 4475 2056 4532 mise-'

416 4561 716 4622 ricordiam
745 4563 1004 4639 praebuit,
1035 4573 1091 4624 et
1119 4583 1211 4626 eos
1239 4585 1272 4626 a
1299 4585 1356 4628 se
1381 4571 1478 4646 qui
1506 4571 1661 4646 digni
1691 4573 2024 4634 videbantur
2053 4551 2104 4612 D

415 4651 675 4712 exclusit.
708 4653 864 4713 Unde
891 4654 986 4714 hic
1013 4671 1232 4733 quoque
1258 4667 1382 4733 apte
1411 4660 1798 4737 subjungitur:

755 4790 986 4852 CAPUT
1015 4793 1092 4851 VI
1121 4790 1261 4870 [Vet.
1292 4797 1365 4865 X,
1399 4798 1521 4856 Rev.
1561 4797 1680 4874 Vl].

433 4962 440 4967 0
481 4897 654 4957 Vsus.
685 4899 775 4959 38.
807 4930 878 4945 -
908 4903 1131 4972 Quando
1159 4904 1495 4978 fundabatur
1516 4908 1698 4982 pulvis
1717 4908 1775 4966 in
1795 4915 2015 4981 terram,

409 4992 458 5043 et
479 4988 640 5061 glebae
664 4991 1149 5066 compingebantur.

477 5095 568 5153 22.
605 5097 910 5157 Peccatores
942 5101 1162 5174 pulveri
1189 5101 1412 5169 similes,
1449 5103 1683 5174 quolibet
1713 5107 2014 5164 tentationis

405 5185 542 5254 ﬂatu
567 5187 878 5260 rapiuntur.
911 5191 1149 5262 Spiritus
1194 5192 1364 5248 sancti
1389 5192 1570 5264 gratia
1609 5193 1937 5263 solidantur,
1967 5203 2017 5254 et

485 5375 926 5458 1‘Corb.Ggr;m.,
947 5382 1172 5458 Pratel.,
1196 5384 1367 5458 Illic,
1387 5385 1512 5446 Val.
1537 5385 1644 5454 CL,
1662 5385 1860 5457 Laud.,
1879 5398 2008 5458 etc.,

409 5445 742 5528 ita_h_aber_1t.
770 5451 876 5528 Ubi
906 5445 1192 5528 legiturqin
1219 5445 1421 5525 Editis,
1445 5445 1586 5528 quod
1604 5445 1820 5514 silenter
1833 5445 2007 5518 sonat:

483 5517 506 5593 ξ
533 5517 706 5593 baud.
735 5529 791 5578 et
819 5522 943 5578 Val.
961 5517 1077 5593 CL,
1112 5527 1302 5584 lenius.

481 5588 505 5674 ξ
535 5587 1133 5674 (ἓὶιρξ.νβῐ“δθᾳιιθηὶθ-ξ
1161 5597 1583 5674 Ed.,_inﬁillius
1628 5619 1766 5658 vom.
1811 5603 2010 5660 Melius

408 5665 618 5748 veteres
637 5658 791 5748 Edit.‘
815 5658 988 5722 Paris.
1011 5675 1070 5748 et
1092 5658 1355 5748 Basil.,in
1374 5671 1523 5728 illius
1551 5691 1724 5748 aure;
1753 5658 2008 5748 quasina;

409 5729 492 5820 gis
521 5729 798 5820 gemerent
825 5751 952 5820 cum
982 5729 1452 5810 antecedentibus,
1481 5759 1546 5801 ac
1566 5745 1626 5801 in
1655 5729 1787 5804 Mss:
1806 5729 2006 5820 legiti-

409 5801 501 5856 tur
525 5801 714 5859 Norm.
747 5813 801 5862 et
827 5805 973 5863 aliis.

2135 3309 2271 3366 Nam
2293 3307 2426 3364 dum
2449 3306 2590 3364 alius
2613 3315 2695 3363 est
2715 3306 2850 3362 ordo
2869 3306 3312 3380 praedicantium,
3345 3309 3488 3365 alius
3518 3309 3763 3368 audito-

2138 3414 2283 3466 rum;
2314 3396 2456 3453 alius
2484 3397 2814 3470 regentium,
2847 3406 3010 3470 atque
3029 3397 3173 3454 alius
3193 3397 3544 3455 subditorum
3571 3418 3586 3468 ;
3611 3402 3760 3459 alius

2135 3487 2599 3562 conjugum,alius
2611 3487 3184 3556 continentium,alius
3195 3487 3754 3560 pmnitentium,alius

2135 3578 2594 3652 virginum;quasi
2608 3593 2678 3634 ex
2696 3593 2803 3634 una
2815 3584 2955 3634 terra
2966 3578 3268 3636 estdiversa
3280 3579 3562 3652 glebarum
3575 3582 3756 3639 forma

2135 3668 2552 3738 distincta,dum
2574 3669 2630 3724 in
2651 3683 2762 3725 una
2775 3667 2967 3736 ﬁde,in
2984 3685 3094 3726 una
3106 3668 3374 3728 cbaritate
3395 3670 3641 3745 disparia
3654 3672 3748 3732 de-

2135 3767 2514 3817 monstrantur
2531 3757 2670 3815 bene
2692 3757 3038 3830 operantium
3063 3759 3278 3816 merita.
3304 3761 3414 3818 Has
3435 3761 3622 3834 glebas
3641 3781 3753 3838 po-

2093 3839 2104 3846 ’
2135 3847 2298 3920 pulus
2309 3847 2404 3902 ille
2423 3845 2779 3918 signiﬁcavit,
2801 3846 2898 3920 qui
2915 3844 2987 3902 ad
3007 3849 3480 3908 constructionem
3496 3850 3750 3910 taberna-

2134 3937 2246 3994 culi
2263 3935 2366 3992 sub
2377 3951 2489 3992 uno
2503 3934 2688 3992 studio
2699 3934 2918 3992 diversa
2927 3934 3158 3994 donaria
3172 3937 3472 4009 obtulit,de
3484 3957 3596 4016 quo
3613 3943 3751 4001 scri-

2135 4035 2289 4100 ptum
2309 4035 2391 4084 est
2415 4041 2428 4080 :
2464 4024 2737 4096 Quidquid
2763 4025 2822 4080 in
2847 4026 3050 4081 cultum
3069 4028 3092 4064 ⁶
3120 4028 3452 4086 tabernaculi
3479 4037 3527 4087 et
3544 4031 3620 4088 ad
3640 4049 3751 4088 ves-

2136 4120 2207 4172 tes
2233 4122 2442 4172 sanctas
2469 4116 2821 4172 necessarium
2849 4123 2986 4188 erat,
3006 4117 3114 4174 viri
3138 4135 3257 4174 cum
3280 4121 3594 4177 mulieribus
3607 4139 3754 4194 prae-

2135 4205 2381 4276 buerunt,
2411 4206 2662 4262 armillas
2680 4211 2730 4262 et
2754 4206 2989 4271 inaures,
3007 4208 3236 4264 annulos
3259 4214 3310 4263 et
3327 4209 3622 4281 dextralia,
3639 4228 3750 4267 om-

2133 4311 2198 4352 ne
2224 4312 2317 4352 vas
2355 4311 2582 4352 aureum
2607 4296 2666 4351 in
2695 4295 2925 4353 donaria
2953 4297 3172 4354 Domini
3193 4305 3502 4371 separatum
3539 4307 3635 4358 est.
3692 4303 3756 4360 Si

2133 4385 2252 4458 quis
2266 4385 2822 4458 habuithyacinthum,
2835 4404 3162 4460 purpuram,
3184 4404 3493 4462 caecumque
3517 4390 3598 4448 bis
3616 4392 3748 4448 tinc-

2134 4481 2264 4544 tum,
2283 4475 2492 4546 byssum
2505 4481 2554 4532 et
2567 4476 2711 4549 pilos
2737 4493 3036 4550 caprarum
3068 4478 3276 4551 (Exod.
3295 4497 3473 4550 xxxv,
3499 4480 3619 4553 22),
3643 4490 3755 4539 etc.

2202 4563 2292 4622 24.
2335 4565 2566 4637 Singuli,
2595 4567 2667 4622 ad
2696 4568 2945 4624 Ecclesia;
2973 4570 3177 4626 cultum
3212 4569 3560 4642 implendum,
3597 4571 3746 4628 dona

2131 4657 2380 4728 offerunt.
2416 4685 2488 4698 —
2530 4657 2593 4713 In
2623 4663 2946 4714 ornamento
2977 4674 3107 4730 ergo
3137 4657 3486 4716 tabernaculi
3514 4659 3627 4716 viri
3655 4660 3755 4718 do-

2129 4759 2202 4801 na
2230 4759 2356 4802 cum
2388 4744 2716 4802 mulieribus
2745 4745 3004 4815 offerunt,
3029 4746 3159 4822 quia
3189 4747 3246 4803 in
3275 4747 3554 4820 explendo
3585 4749 3747 4808 cultu

2127 4843 2330 4892 sanctae
2375 4835 2655 4905 Ecclesiae,
2706 4843 2761 4893 et
2809 4837 3037 4893 fortium
3088 4837 3236 4894 facta
3266 4839 3550 4909 sublimia,
3582 4847 3638 4898 et
3665 4841 3751 4897 in-

2127 4921 2415 4980 ﬁrmorum
2445 4941 2612 4998 opera
2656 4934 2906 4984 extrema
2951 4935 3334 4984 numerantur.
3375 4927 3523 4998 Quid
3549 4939 3740 4988 autem

2124 5029 2222 5086 per
2247 5013 2492 5072 armillas
2520 5030 2642 5090 qua
2663 5015 2897 5074 lacertos
2916 5016 3233 5091 astringunt
3262 5016 3372 5075 nisi
3400 5019 3742 5092 praposito-

2123 5119 2245 5158 rum
2286 5104 2469 5162 valide
2499 5105 2872 5164 laborantium
2921 5123 3086 5179 opera
3117 5107 3574 5164 demonstrantur
3595 5109 3625 5166 ‘i
3674 5109 3748 5166 Et

2126 5190 2262 5264 quid
2289 5209 2386 5265 per
2415 5193 2636 5250 inaures
2665 5193 2773 5250 nisi
2803 5193 3155 5252 subditorum
3197 5195 3520 5254 obedientia
3552 5197 3740 5270 expri-

2194 5391 2215 5463 4
2242 5390 2708 5463 Longip.,__utqui
2733 5392 2887 5462 prius
2917 5392 2973 5447 in
3001 5393 3318 5449 conscimtia
3350 5393 3589 5449 mobiles.

2194 5407 2215 5426 ν
2242 5407 2359 5446 non
2398 5407 2498 5463 1p.,
2530 5407 2588 5445 ut
2614 5408 2707 5462 qui
2733 5409 2887 5462 prius
2917 5409 2973 5447 in
3001 5407 3318 5449 conscientia
3350 5407 3589 5449 mooues.

2191 5462 2213 5496 ⁵
2243 5407 2440 5543 Laus,
2464 5461 2656 5547 por‘b:
2697 5463 2881 5547 Germ.
2916 5472 2982 5547 e_t_
3017 5464 3140 5521 Val.
3183 5463 3292 5532 CL,
3343 5465 3744 5547 qompinctrma

2117 5533 2428 5606 compingo.
2463 5533 2830 5606 Itadeinceps
2859 5535 3059 5606 legitur
3087 5551 3320 5606 semper.
3352 5536 3412 5592 In
3435 5533 3739 5594 nonnullis

2281 5605 2522 5689 maxime
2551 5605 2607 5660 in
2635 5604 3148 5689 vati_c.,ncorrupte,
3180 5604 3522 5689 compunctus.

2189 5678 2215 5748 ε
2224 5677 2386 5748 Deest
2407 5676 2734 5732 tabernaculi
2755 5677 2812 5732 in
2838 5677 2998 5735 Corb.
3023 5676 3502 5746 Germ.,Vindoc.,
3523 5679 3732 5748 Laud.,

2119 5746 2245 5806 Val.
2277 5745 2361 5806 Cl.
