3920 6374
159 339 258 398 537

864 348 1238 412 MORALIUM
1276 354 1410 413 LIB.
1456 355 1642 418 XXX.
1687 388 1758 405 --
1793 362 1869 422 IN
1906 362 2134 425 CAPUT
2170 369 2463 431 XXXVIII
2505 375 2569 432 B.
2611 377 2751 435 JOB.

3371 391 3478 451 538

130 482 135 489 ·
163 470 330 580 inita:
341 471 562 580 :‘Quid
602 487 701 548 per
728 478 961 536 annulos
993 480 1101 538 nisi
1132 482 1477 557 signaculum
1509 497 1757 547 secreto-
1782 494 1835 555 Α
1860 494 2170 555 animarum
2193 499 2409 557 lucrum
2430 504 2732 562 esurientia
2752 511 3129 580 apostolorum
3153 524 3285 574 vota
3312 521 3478 578 satia-

162 578 279 620 rum
297 561 326 617 Ῡ
341 561 678 638 Plerumque
693 567 840 624 enim
866 571 1117 642 magistri
1137 574 1357 647 signant
1372 578 1514 650 quod
1533 579 1601 635 ab
1614 582 1765 638 audi-

161 650 374 708 toribus
395 653 517 724 capi
539 670 649 710 non
682 672 840 728 posse
860 661 1234 720 considerant.
1265 666 1336 721 Et
1358 667 1490 740 quid
1514 685 1608 739 per
1636 670 1766 727 dex-

164 748 317 806 tralia
336 748 449 804 nisi
472 749 665 821 primm
680 754 1017 825 operationis
1028 770 1353 820 ornamenta
1367 760 1511 820 967
1531 767 1546 801 ¹
1566 783 1768 824 memo-

162 846 349 895 rantur
370 838 399 895 ?
431 838 575 907 Quid
608 857 703 912 per
731 860 826 899 vas
854 861 1079 904 aureum
1104 848 1160 904 in
1186 850 1415 909 donaria
1434 856 1658 912 Domini
1687 874 1765 914 se-

160 938 404 1003 paratum
444 932 553 989 nisi
585 932 902 993 divinitatis
930 939 1303 1014 intelligentia
1334 948 1621 1019 accipitur,
1646 966 1766 1023 qua:

161 1028 309 1078 tanto
336 1021 358 1056 ³
388 1021 460 1078 ab
496 1022 822 1082 inferiorum
855 1043 1040 1086 amore
1070 1030 1432 1107 disjungitur,
1465 1021 1678 1112 quanto
1699 1038 1767 1096 ad

158 1113 270 1169 sola
289 1127 411 1186 quae
432 1121 639 1170 aeterna
657 1123 789 1172 sunt
805 1119 1043 1176 amanda
1066 1121 1471 1184 sublevantur?
1499 1128 1645 1196 Quid
1672 1146 1767 1201 per

158 1200 527 1274 byacinthum
550 1203 660 1260 nisi
680 1221 803 1278 spes
815 1208 1124 1267 caelestium
1145 1212 1173 1267 ‘i
1187 1212 1334 1281 Quid
1355 1232 1452 1288 per
1467 1200 1765 1290 purpuram

159 1293 263 1349 nisi
292 1309 464 1349 cruor
489 1311 556 1353 ac
584 1296 875 1355 tolerantia
907 1301 1225 1372 passionum
1253 1322 1439 1364 amore
1468 1309 1619 1382 regni
1649 1326 1766 1383 per-

160 1383 303 1456 petui
321 1383 585 1442 exhibita
604 1386 633 1443 ?
659 1388 731 1443 Et
750 1388 886 1461 quid
912 1406 1011 1462 per
1031 1390 1118 1448 bis
1138 1394 1376 1453 tinctum
1399 1415 1625 1456 coccum
1656 1401 1765 1458 nisi

158 1472 393 1531 cbaritas
419 1473 853 1549 demonstratur,
890 1496 1012 1554 quae
1046 1499 1145 1556 pro
1174 1487 1513 1559 perfectione
1541 1491 1627 1548 bis
1658 1492 1763 1549 tin-

158 1560 320 1634 gitur,
333 1562 469 1635 quia
488 1564 590 1620 Dei
605 1574 660 1622 et
678 1568 920 1638 proximi
939 1569 1241 1631 dilectione
1265 1576 1559 1636 decoratur
1574 1581 1602 1636 ‘P
1618 1581 1764 1649 Quid

158 1668 251 1726 per
278 1652 513 1727 byssum
540 1655 652 1711 nisi
680 1656 1034 1717 immaculata
1061 1664 1242 1720 carnis
1272 1666 1615 1741 incorruptio
1636 1670 1665 1727 ?
1692 1671 1765 1728 Et

158 1741 286 1814 quid
316 1758 414 1814 per
442 1744 591 1816 pilos
617 1762 929 1818 caprarum,
956 1766 1025 1806 ex
1047 1752 1250 1823 quibus
1274 1756 1588 1815 ciliciorum
1611 1777 1760 1832 aspe-

158 1829 287 1887 ritas
303 1833 542 1901 texitur,
564 1834 672 1891 nisi
697 1835 836 1893 dura
854 1840 1245 1909 pmnitentium
1266 1844 1495 1904 aﬂlictio
1513 1829 1759 1921 designa-
1792 1863 1839 1926 Β

158 1926 243 1976 tur
256 1920 284 1976 ?
300 1921 450 1980 Dum
470 1921 645 1995 igitur
660 1924 758 1981 alii
778 1941 875 1998 per
893 1928 1138 1985 armillas
1160 1940 1213 1988 et
1232 1935 1467 1992 annulos
1486 1937 1628 1995 forte
1644 1920 1758 1996 ma-

158 2009 438 2082 gisterium
460 2021 743 2082 exercent,
762 2015 858 2072 alii
885 2034 981 2090 per
996 2018 1215 2079 inaures
1235 2032 1290 2081 et
1309 2023 1582 2083 dextralia
1596 2029 1760 2085 devo-

157 2105 261 2155 tam
289 2100 673 2159 obedientiam
713 2113 1027 2181 rectamque
1068 2113 1441 2182 operationem
1470 2116 1756 2188 exhibent,

156 2188 246 2245 alii
277 2205 374 2262 per
402 2199 722 2264 separatum
749 2211 847 2251 vas
874 2212 1102 2255 aureum
1144 2203 1461 2274 praeclaram
1492 2207 1760 2263 subtilio—

110 2274 115 2281 ’
157 2293 377 2353 remque
403 2281 513 2338 Dei
539 2282 965 2358 intelligentiam
995 2296 1221 2361 tenent;
1265 2294 1362 2349 alii
1391 2311 1486 2367 per
1515 2296 1760 2370 hyacin-

156 2367 329 2440 thum,
355 2387 664 2445 purpuram
686 2384 739 2433 et
766 2393 1013 2447 coccum,
1033 2380 1222 2438 audita
1251 2383 1492 2441 ocelestia
1521 2367 1756 2459 sperare,

158 2460 393 2531 credere,
421 2479 612 2520 amare
640 2481 751 2522 non
782 2466 1065 2538 desinunt,
1087 2471 1251 2528 etiam
1274 2490 1394 2546 quae
1423 2476 1606 2533 adhuc
1634 2478 1759 2534 sub-

156 2549 322 2606 tiliori
352 2551 648 2611 intellectu
673 2555 904 2612 minime
924 2571 1280 2631 cognoscunt,
1300 2564 1396 2620 alii
1417 2580 1513 2635 per
1530 2565 1758 2637 byssum

156 2638 630 2716 incorruptionem
659 2645 843 2702 carnis
874 2648 1151 2718 offerunt;
1203 2652 1300 2707 alii
1347 2670 1441 2725 per
1470 2671 1757 2727 caprarum

155 2730 286 2803 pilos
321 2733 620 2806 deplorant
655 2750 844 2806 aspere
874 2728 1021 2810 quod
1061 2740 1298 2798 libenter
1326 2745 1753 2816 commiserunt;

156 2823 299 2893 quasi
349 2840 425 2880 ex
471 2839 585 2879 una
624 2833 771 2881 terra
813 2827 1117 2886 innumerae
1160 2832 1333 2902 glebae
1378 2834 1757 2908 proferuntur,

156 2911 273 2983 quia
302 2927 376 2966 ex
407 2928 526 2968 uno
546 2921 602 2968 et
629 2914 749 2985 pari
779 2915 1045 2991 obsequio
1070 2919 1213 2977 facta
1239 2921 1488 2978 ﬁdelium
1519 2923 1761 2997 disparia

156 2999 478 3071 procedunt.
509 3001 641 3067 Quae
666 3002 933 3061 nimirum
961 3008 1130 3078 glebas
1160 3026 1504 3085 nequaquam
1538 3030 1760 3073 concre-

156 3095 216 3145 tis
242 3106 311 3147 ex
338 3091 577 3162 pulvere
596 3101 900 3164 surgerent,
920 3096 1029 3152 nisi
1051 3113 1248 3170 aquam
1278 3101 1432 3172 prius
1461 3104 1646 3175 pulvis
1675 3121 1760 3162 ac-

154 3177 373 3250 ciperet,
407 3187 465 3236 et
496 3189 764 3254 concepto
802 3198 858 3237 se
888 3182 1121 3242 humore
1155 3188 1433 3259 solidaret,
1485 3192 1615 3265 quia
1652 3194 1759 3250 nisi
1789 3220 1834 3281 ρ

155 3278 461 3340 peccatores
485 3287 732 3345 quosque
751 3274 928 3331 sancti
949 3274 1188 3348 Spiritus
1212 3280 1386 3351 gratia
1416 3281 1753 3354 infunderet,

157 3358 479 3417 constrictos
510 3376 604 3416 eos
645 3360 715 3418 ad
758 3362 888 3419 ﬁdei
919 3381 1081 3437 opera
1112 3366 1400 3425 charitatis
1430 3372 1614 3428 unitas
1644 3390 1754 3429 non

157 3453 376 3506 teneret.
402 3449 640 3518 Quando
670 3450 839 3522 igitur
858 3455 1129 3512 Dominus
1151 3459 1171 3493 ³
1195 3459 1471 3517 enarrabit
1490 3463 1754 3521 caelorum

157 3539 438 3610 rationem,
454 3540 549 3596 vel
569 3551 898 3599 concentum
914 3546 1039 3602 coeli
1060 3546 1302 3605 dormire
1323 3549 1504 3620 faciet,
1524 3554 1752 3623 aperiat.

155 3627 244 3688 Ait
268 3632 420 3689 enim
448 3651 462 3689 :
507 3635 730 3701 Quando
759 3634 1097 3705 fundabatur
1132 3641 1313 3712 pulvis
1360 3642 1416 3697 in
1447 3650 1667 3711 terram,
1709 3652 1758 3702 et

156 3721 301 3791 glebas
327 3724 818 3797 compingebantur.
852 3727 933 3783 Ac
960 3727 1007 3783 si
1038 3728 1244 3786 diceret
1276 3749 1286 3785 :
1329 3730 1484 3789 Tunc
1513 3734 1754 3805 primum

158 3812 436 3871 vocatione
456 3822 518 3870 et
545 3813 882 3873 discretione
902 3818 1217 3889 manifesta,
1245 3830 1452 3879 secreta
1483 3823 1757 3896 spiritalia

157 3908 207 3955 et
248 3917 357 3958 non
399 3904 528 3960 sine
575 3904 957 3962 misericordia
994 3907 1120 3964 aliis
1152 3911 1366 3982 aperui,
1405 3920 1459 3968 et
1497 3929 1609 3968 non
1637 3913 1756 3970 sine

154 3985 358 4058 justitia
375 3994 512 4051 aliis
529 3993 724 4063 clausi,
747 4011 874 4053 cum
894 3997 1035 4053 alios
1061 4015 1398 4071 respuerem,
1420 4009 1475 4058 ct
1500 4002 1639 4060 alios
1673 4004 1754 4059 in-

158 4084 235 4134 tra
259 4080 568 4140 Ecclesiam
597 4084 896 4141 concordia
936 4085 1225 4145 cbaritatis
1256 4089 1577 4148 adunarem.
1623 4092 1755 4160 Quae

160 4176 335 4227 sancta
359 4172 617 4231 Ecclesia
658 4172 790 4246 quia
830 4190 863 4229 a
902 4176 1133 4247 perﬁdia
1163 4178 1479 4235 Judmorum
1514 4181 1752 4253 repulsa,

161 4254 222 4311 ad
247 4260 542 4331 rapiendas
569 4269 759 4334 gentes
778 4279 835 4319 se
854 4265 1113 4333 contulit,
1138 4275 1299 4340 atque
1330 4268 1387 4323 in
1408 4285 1507 4325 suo
1528 4286 1755 4343 corpore

162 4350 570 4419 convertendas,
605 4352 752 4425 quod
798 4353 1024 4426 quidem
1069 4372 1182 4413 non
1213 4358 1349 4425 suis,
1394 4358 1490 4416 sed
1529 4360 1755 4417 Domini

163 4433 364 4496 viribus
392 4440 552 4508 fecit,
585 4450 709 4514 apte
735 4442 1127 4517 subjungitur:

437 4557 672 4616 CAPUT
698 4560 799 4618 VII
839 4561 978 4637 [Vet.
1011 4564 1113 4630 XI,
1144 4566 1264 4622 Rec.
1310 4566 1460 4643 VII].

227 4658 390 4721 Vens.
410 4665 841 4740 39.-—Nunquid
877 4672 1049 4743 capies
1081 4673 1253 4729 lewnw
1271 4675 1536 4746 praedam,
1567 4683 1614 4733 et
1640 4678 1756 4733 ani-

164 4764 293 4806 mam
313 4759 610 4816 catulorum
641 4760 755 4832 ejus
792 4762 1029 4834 implebis
1049 4765 1077 4819 Υ

229 4838 311 4898 25.
333 4846 574 4905 Ecclesia
595 4850 760 4907 lecena
779 4858 874 4920 est,
894 4852 1048 4924 cujus
1073 4853 1239 4910 catuli
1261 4854 1484 4925 fuerunt
1502 4858 1753 4930 apostoli.

167 4930 351 4990 -Ista
376 4937 645 4995 nimirum
689 4940 788 4997 illa
829 4942 1000 4999 leaena
1028 4951 1116 4999 est
1154 4942 1222 5000 de
1250 4961 1358 5018 qua
1385 4946 1487 5002 Job
1513 4947 1754 5019 dicebat,

168 5031 284 5108 cum
305 5028 711 5099 superbientem
736 5031 983 5092 Judaam
1013 5042 1262 5092 cerneret
1291 5037 1624 5108 praedicante
1653 5041 1754 5097 Ec-

170 5107 322 5170 clesia
338 5121 790 5188 praetermissam:
820 5126 942 5181 Non
969 5107 1308 5182 calcaverunt
1327 5145 1439 5183 eam
1468 5130 1572 5201 filii
1603 5131 1752 5187 insti-

171 5209 352 5302 ΨΜ,
391 5234 481 5275 nec
494 5222 855 5292 'pertransivit
876 5240 978 5296 per
996 5242 1111 5281 eam
1133 5226 1294 5282 leama
1314 5225 1434 5299 (Job
1449 5243 1651 5297 xxviii,
1666 5229 1747 5302 8).

171 5292 301 5357 Huic
322 5320 446 5380 ergo
465 5311 649 5369 lemnae
668 5314 939 5373 Dominus
966 5316 1204 5389 praedam
1234 5318 1401 5390 capit,
1420 5328 1482 5376 ut
1510 5320 1752 5377 animam

171 5390 462 5484 gatnlorum
492 5401 612 5475 ejus
639 5402 889 5477 impleat,
923 5407 1053 5480 quia
1080 5407 1149 5464 ad
1180 5419 1537 5482 augmentum
1585 5410 1752 5484 hujus

172 5473 414 5545 Ecclesiae
457 5473 779 5552 innumeros
814 5473 883 5553 de
928 5473 1237 5570 gentilitate
1255 5473 1551 5581 vdiripuith
1576 5510 1629 5558 et
1658 5473 1755 5576 per

236 5683 257 5788 ξ
283 5686 537 5788 Υξηιξοοη,
560 5700 790 5788 Eb‘ro’i‘c.
821 5710 876 5758 et
896 5702 982 5788 tal.‘
1007 5704 1221 5788 l‘lorm.,
1252 5713 1641 5763 monstrantur.

238 5758 447 5860 £11389-
477 5758 683 5860 gﬁYal-
715 5771 838 5860 91η,
853 5774 920 5860 ιφ
964 5758 1327 5860 ίῂβὲπιέὶῗαὴέξ
1460 5758 1636 5860 ξ

287 5829 443 5893 Corb.
476 5840 686 5912 Germ.,
717 5829 917 5902 Pratel.
945 5854 999 5904 et
1136 5829 1351 5918 Nisibi,
1382 5851 1750 5910 enarravit...

1875 585 1975 641 vit.
2000 586 2108 659 Ipsi
2131 589 2332 661 quippe
2352 592 2519 647 catuli
2551 609 2651 665 pro
2674 597 2874 653 mentis
2903 604 3280 662 teneritudine
3295 616 3348 665 et
3366 609 3478 668 for-

1875 675 2103 733 midinis
2134 678 2452 738 inﬁrmitate
2468 684 2649 739 vocati
2674 696 2824 752 sunt,
2849 690 3000 761 quia,
3032 708 3190 763 passo
3212 697 3474 770 Domino,

1874 765 2075 822 clausis
2102 767 2316 825 foribus
2345 771 2677 843 residebant,
2729 776 2871 833 sicut
2914 778 2982 834 de
3039 781 3151 837 illis
3206 765 3474 860 scriptum

1874 866 1956 913 est
1979 875 1990 913 :
2029 859 2163 915 Cum
2190 866 2317 915 esset
2344 878 2459 916 sero
2488 862 2573 918 die
2596 862 2692 918 illo
2716 881 2827 921 una
2862 867 3232 939 Sabbatorum,
3258 881 3307 929 et
3329 859 3476 945 fores

1872 955 2039 1004 essent
2066 952 2258 1006 clausa:
2284 952 2375 1008 ubi
2417 960 2571 1009 erant
2619 955 2870 1027 discipuli
2917 963 3213 1032 congregati
3254 972 3479 1036 propter

1872 1046 2066 1095 metum
2097 1042 2427 1111 Iudaeorum,
2456 1045 2598 1099 venit
2623 1046 2796 1113 Jesus,
2831 1053 2881 1102 et
2921 1049 3060 1103 stetit
3086 1049 3145 1105 in
3182 1053 3352 1108 medio
3380 1071 3477 1110 eo-

1872 1146 1996 1184 rum
2020 1129 2201 1201 (Joan.
2224 1149 2321 1201 xx,
2345 1134 2456 1203 19).
2500 1133 2654 1192 Unde
2683 1134 2778 1193 hic
2804 1153 3023 1212 quoque
3050 1138 3117 1196 de
3156 1141 3360 1200 eisdem
3392 1160 3477 1202 ca-

1874 1219 2007 1277 tulis
2035 1228 2159 1294 apte
2188 1220 2549 1293 subjungitur
2578 1241 2591 1279 :

2462 1338 2690 1397 CAPUT
2732 1341 2879 1401 VIII.

1944 1442 2116 1499 Vens.
2144 1460 2312 1500 x1..—
2343 1446 2565 1515 Quando
2594 1448 2785 1517 cubant
2811 1450 2867 1506 in
2895 1451 3088 1519 antris,
3123 1459 3171 1510 et
3201 1454 3255 1510 in
3284 1472 3476 1530 specu-

1873 1533 1967 1588 bus
1997 1534 2345 1592 insidiantur.

1943 1623 2030 1679 26.
2054 1625 2121 1681 In
2148 1625 2322 1681 antris
2336 1627 2493 1697 prius
2516 1628 2796 1699 cubarunt,
2820 1632 2958 1688 unde
2978 1631 3034 1688 in
3053 1634 3312 1691 mundum
3333 1654 3473 1710 pra:-

1870 1712 1968 1768 das
1995 1716 2170 1771 acturi
2198 1717 2767 1778 exsitierunt.—Cum
2798 1723 2947 1779 enim
2971 1740 3319 1798 nequaquam
3352 1744 3472 1784 san-

1870 1804 1944 1859 cti
1976 1805 2209 1876 apostoli
2238 1815 2431 1864 contra
2459 1811 2707 1867 membra
2755 1811 2964 1869 diaboli
3013 1813 3072 1869 in
3103 1831 3237 1871 voce
3287 1815 3475 1875 liberie

1872 1893 2281 1966 praedicationis
2303 1908 2679 1970 exsurgerent,
2694 1908 2747 1957 et
2768 1901 3001 1958 necdum
3020 1910 3142 1975 post
3161 1904 3475 1976 passionem

1872 1990 2097 2049 Domini
2141 1989 2286 2049 968
2323 1995 2501 2053 sancti
2538 1996 2778 2069 Spiritus
2806 1998 3074 2057 effusione
3106 2000 3331 2061 solidati
3360 2003 3477 2061 Re-

1872 2080 2212 2153 demptorem
2242 2101 2404 2142 suum
2435 2085 2597 2142 ﬁrma
2619 2089 2945 2145 auctoritate
2975 2091 3361 2163 praedicarent,
3385 2092 3476 2150 ad-

1873 2170 1983 2228 huc
2010 2181 2202 2230 contra
2229 2175 2573 2233 adversarios
2604 2194 2732 2236 suos
2761 2179 2917 2253 quasi
2951 2180 3009 2237 in
3038 2181 3214 2239 antris
3252 2182 3476 2240 insidia-

1870 2261 2093 2321 bantur.
2143 2264 2356 2323 Clausis
2385 2269 2588 2341 quippe
2616 2269 2831 2327 foribus
2863 2272 3020 2345 quasi
3053 2273 3114 2329 in
3145 2273 3476 2347 quibusdam

1872 2347 2076 2405 abditis
2103 2350 2373 2421 specubus
2402 2352 2517 2408 suis
2544 2354 2713 2410 catuli
2748 2358 2958 2429 rapturi
2991 2357 3266 2416 mundum
3298 2359 3478 2417 cuba-

1870 2436 2026 2507 bant,
2043 2448 2105 2494 ut
2123 2439 2433 2497 animarum
2454 2442 2691 2514 praedam
2710 2446 3062 2523 postmodum
3084 2455 3477 2520 praesumentes

1872 2526 2196 2600 diriperent,
2228 2528 2296 2585 de
2326 2530 2528 2605 quibus
2556 2540 2693 2589 tunc
2731 2544 2943 2592 certum
2987 2544 3068 2593 est
3100 2536 3247 2609 quod
3280 2535 3476 2594 mundi

1871 2616 2138 2689 impetum
2155 2620 2321 2676 etiam
2341 2621 2701 2696 sibimetipsis
2723 2624 2943 2681 latendo
2956 2625 3342 2683 formidarent.
3359 2625 3477 2683 Illis

1871 2706 2085 2764 foribus
2113 2710 2315 2767 clausis
2346 2711 2436 2768 isti
2455 2714 2624 2769 catuli
2646 2721 2880 2771 mortem
2904 2716 3097 2773 mortis
3112 2725 3315 2773 nostrae
3343 2714 3478 2771 insi-

1872 2796 2007 2857 diati
2039 2801 2395 2870 quaesierunt,
2428 2810 2489 2857 ut
2528 2803 2751 2875 culpam
2792 2812 3035 2860 nostram
3076 2805 3475 2875 interﬁcerent,

1873 2905 2201 2962 omnemque
2232 2890 2291 2946 in
2319 2891 2481 2947 nobis
2514 2893 2718 2963 peccati
2751 2893 2926 2951 vitam
2951 2905 3231 2953 necarent.
3264 2897 3476 2952 Horum

1873 2980 2052 3054 primo
2082 2979 2164 3035 illi
2194 2980 2458 3037 esurienti
2490 2984 2694 3051 catulo,
2722 2983 2820 3042 sed
2844 2984 2959 3056 jam
2991 2986 3223 3055 valenti,
3258 2996 3480 3045 ostensa

1873 3085 1968 3142 per
1988 3068 2219 3124 linteum
2240 3070 2569 3141 gentilitate,
2587 3072 2743 3146 quasi
2769 3080 3074 3130 monstrata
3104 3074 3307 3147 praeda,
3340 3075 3476 3133 dici-

1873 3166 1994 3215 tur:
2018 3161 2195 3219 Macta
2217 3167 2265 3215 et
2291 3161 2551 3217 manduca
2580 3162 2723 3233 (Act.
2745 3163 2946 3236 x,~l3).
2972 3164 3071 3220 His
3093 3165 3297 3222 catulis
3317 3167 3473 3224 velut

1867 3248 2050 3306 adhuc
2078 3250 2317 3307 inﬁrmis
2346 3260 2407 3306 ut
2434 3250 2635 3308 cubare
2664 3251 2723 3307 in
2752 3253 2927 3309 antris
2956 3253 3195 3312 debeant
3219 3254 3471 3328 jubetur,

1868 3354 1994 3395 cum
2025 3340 2104 3395 eis
2132 3340 2413 3396 dominica
2427 3356 2561 3396 voce
2589 3341 2820 3398 dicitur:
2858 3342 3036 3399 Sedete
3064 3344 3146 3399 hic
3180 3344 3237 3399 in
3265 3346 3474 3403 civitate

1867 3429 2208 3500 quoadusque
2230 3430 2533 3485 induamini
2562 3431 2758 3487 virtute
2783 3449 2849 3487 ea:
2868 3434 2978 3489 alto
3008 3432 3160 3505 (Luc.
3179 3451 3338 3503 xxxv,
3354 3433 3473 3507 49).

1868 3518 2071 3575 Annon
2100 3528 2246 3576 recte
2274 3519 2459 3577 leaenae
2488 3522 2656 3577 catuli
2687 3530 2982 3591 vocantur,
3012 3525 3108 3598 qui
3139 3526 3197 3581 in
3223 3525 3476 3583 Ecclesia

1868 3609 2003 3665 editi
2032 3609 2414 3666 adversantem
2445 3612 2716 3668 mundum
2748 3622 3050 3685 rapuerunt
3070 3616 3099 3671 ?

1938 3699 2027 3756 27.
2062 3702 2192 3756 Illos
2220 3701 2504 3757 imitantur
2527 3701 2749 3773 perfecti
2788 3703 3039 3759 doctores.
3073 3704 3174 3761 Ille
3207 3704 3307 3760 scit
3340 3711 3475 3761 recte

1869 3788 2059 3855 dicere,
2103 3791 2197 3861 qui
2228 3792 2378 3846 novit
2401 3792 2647 3847 ordinate
2681 3798 2866 3848 tacere.
2898 3823 2970 3835 —
2996 3794 3069 3849 Et
3096 3792 3216 3851 haec
3242 3794 3469 3868 quidem

1868 3876 2013 3933 facta
2036 3894 2068 3933 a
2092 3878 2297 3935 sanctis
2326 3879 2591 3951 apostolis
2634 3880 2916 3948 novimus,
2964 3880 3084 3938 haec
3128 3898 3278 3939 nunc
3304 3882 3471 3939 etiam

1868 3966 1989 4024 ﬁeri
2017 3985 2049 4024 a
2078 3970 2099 4003 ⁴
2128 3968 2388 4040 perfectis
2415 3969 2737 4026 doctoribus
2756 3970 3030 4026 videmus.
3063 3972 3169 4043 Ipsi
3190 3970 3340 4028 enim
3361 3972 3468 4030 etsi

1867 4057 2319 4130 subsequentium
2349 4060 2680 4132 populorum
2713 4070 2895 4132 patres
2924 4068 3076 4129 sunt,
3124 4068 3311 4118 tamen
3340 4069 3473 4119 sunt

1866 4148 2293 4219 praecedentium
2323 4148 2462 4217 ﬁlii;
2495 4148 2642 4206 unde
2666 4156 2720 4206 et
2748 4165 2861 4206 non
2888 4150 2963 4205 im
2975 4150 3170 4208 merito
3199 4151 3371 4209 catuli
3390 4150 3471 4209 di-

1867 4243 2089 4293 cuntur.
2111 4236 2209 4293 Vel
2233 4246 2377 4294 certe
2398 4237 2527 4310 quia
2553 4238 2653 4308 etsi
2677 4238 3042 4311 quorumdam
3076 4238 3331 4297 ﬁdelium
3358 4257 3467 4296 ma-

1867 4326 2024 4397 gistri
2052 4334 2200 4396 sunt,
2234 4327 2563 4384 universalis
2591 4334 2777 4384 tamen
2797 4328 3060 4386 Ecclesiae
3081 4329 3386 4403 discipulos
3413 4348 3470 4388 se

1866 4434 1981 4475 esse
2011 4419 2336 4491 gloriantur.
2366 4421 2573 4478 Leaena:
2606 4419 2790 4495 itaque
2822 4421 3063 4494 praedam
3092 4423 3364 4480 Dominus
3383 4440 3469 4480 ca-

1866 4509 1969 4580 pit,
2000 4509 2131 4583 quia
2159 4510 2365 4567 virtute
2418 4528 2530 4568 suae
2570 4511 2954 4584 inspirationis
2980 4512 3050 4570 ab
3078 4528 3262 4571 errore
3291 4514 3465 4571 vitam

1785 4581 1836 4640 D
1865 4581 2305 4672 delinquentium
2324 4601 2537 4673 diripit;
2561 4609 2615 4658 et
2633 4581 2846 4659 animas
2872 4603 3183 4660 catulorum
3213 4603 3366 4662 illius
3385 4620 3466 4661 re-

1866 4687 1997 4764 plet,
2026 4689 2157 4762 quia
2171 4690 2529 4748 conversione
2551 4692 2858 4749 multorum
2890 4692 2998 4764 piis
3012 4692 3304 4752 doctorum
3324 4693 3466 4751 desi-

1865 4762 2034 4833 deriis
2061 4779 2347 4836 satisfacit.
2378 4782 2457 4836 De
2473 4780 2674 4854 quibus
2693 4762 2903 4839 catulis
2919 4782 3058 4839 bene
3077 4781 3462 4854 subjungitnr:

1867 4866 2090 4932 Quando
2119 4869 2310 4923 cubant
2337 4870 2394 4923 in
2430 4869 2626 4936 antris,
2657 4877 2705 4925 et
2732 4871 2791 4925 in
2833 4871 3084 4943 specubus
3112 4871 3462 4929 insidiantur.

1862 4955 2050 5028 Neque
2069 4956 2215 5013 enim
2245 4968 2444 5017 cuncta
2472 4969 2720 5032 tempora
2745 4961 3014 5019 doctrinae
3040 4970 3172 5018 sunt
3199 4977 3461 5034 congrua.

1862 5042 1999 5098 Nam
2028 5044 2352 5117 plerumque
2372 5046 2650 5106 dictorum
2673 5048 2852 5106 virtus
2878 5047 3152 5121 perditur,
3189 5048 3237 5104 si
3264 5048 3465 5105 intem-

1863 5132 2072 5205 pestive
2094 5136 2460 5208 proferantur.
2488 5138 2639 5208 Saepe
2656 5153 2786 5193 vero
2799 5146 2853 5192 et
2881 5136 3029 5209 quod
3056 5136 3236 5194 lenius
3257 5137 3465 5196 dicitur

1862 5230 2139 5280 conventu
2166 5224 2431 5297 temporis
2468 5225 2824 5297 congruentis
2852 5225 3152 5281 animatur.
3204 5224 3304 5282 Ille
3332 5241 3464 5299 ergo

1860 5313 1965 5370 scit
1993 5322 2139 5371 recte
2168 5306 2371 5382 dicere,
2404 5314 2499 5388 qui
2528 5324 2583 5372 et
2611 5309 2862 5371 ordinate
2888 5315 3049 5372 novit
3080 5323 3284 5373 tacere.
3315 5315 3465 5384 Quid

1861 5403 2008 5458 enim
2040 5403 2259 5476 prodest
2286 5419 2351 5460 eo
2381 5410 2625 5476 tempore
2664 5404 2993 5461 irascentem
3026 5405 3324 5479 corripere,
3353 5421 3463 5480 quo

1861 5492 2096 5549 alienata
2140 5501 2321 5549 mente
2366 5510 2478 5549 non
2512 5493 2690 5549 solum
2721 5509 2833 5550 non
2866 5494 3049 5551 aliena
3078 5495 3246 5552 verba
3274 5495 3465 5568 perci-

1860 5709 2245 5845 l(’c‘ltIIindoc”
2294 5780 2517 5848 Pratel.,
2574 5780 2745 5849 Utic.,
2802 5799 2839 5836 a
2883 5781 3082 5838 sanctis
3132 5779 3456 5840 doctoribus.

1860 5850 2033 5909 Laud.
2060 5859 2114 5909 et
2142 5852 2264 5910 Val.
2298 5852 2406 5921 Cl.,
2435 5871 2470 5908 a
2502 5853 2657 5910 rectis
2686 5853 3006 5912 doctoribus.
