3920 6378
3635 375 3747 434 540

413 519 559 576 pere,
590 501 686 558 sed
717 502 1072 576 semetipsum
1106 503 1203 558 vix
1235 503 1381 559 valet
1409 503 1641 560 tolerare
1662 503 1690 559 ?
1720 505 2094 565 Furentem'A
2122 503 2181 559 in
2212 501 2315 560 hac
2339 505 2628 577 vagatione
2658 505 2802 562 nihil
2832 505 2986 563 aliud
3018 521 3184 578 quam
3221 503 3576 562 mstuautium
3610 517 3748 577 prae“

413 590 615 665 quippe
635 589 730 663 qui
761 606 857 662 per
872 591 1243 648 invectionem
1265 591 1513 664 corripit,
1535 591 1688 666 quasi
1709 591 1758 647 ei
1785 591 1880 664 qui
1899 607 2011 647 non
2121 591 2429 649 dicatorum
2462 605 2593 652 vota
2630 597 2940 669 signantur.
2973 595 3076 663 Qui
3122 594 3255 650 dum
3295 594 3352 650 in
3382 593 3646 652 Ecclesiae
3677 589 3749 649 si'

412 678 632 747 sentiat,
657 679 844 752 plagas
861 679 1015 736 ebrio
1037 681 1295 752 imponit.
1320 681 1583 737 Doctrina
1604 682 1785 753 itaque
1808 690 1867 737 ut
1898 698 2011 752 per-
2122 698 2255 739 num
2287 687 2527 758 recipere
2558 688 2790 760 populos
2820 685 3112 754 ambiunt,
3155 700 3352 756 magno
3382 683 3580 740 ardore
3612 702 3752 743 suc-

412 768 602 826 venire
630 768 699 825 ad
723 786 820 826 cor
847 768 1123 825 audientis
1139 770 1335 837 valeat,
1355 787 1476 842 quae
1501 769 1608 824 sibi
1634 786 1875 842 congrua
1902 771 2012 826 sint
2121 774 2293 841 censi,
2316 791 2465 830 nunc
2484 776 2553 831 ad
2576 775 2697 845 hos,
2719 793 2872 832 nunc
2893 775 2961 832 ad
2990 775 3116 831 illos
3148 773 3492 846 colligendos
3515 773 3752 832 deside-

412 865 723 931 temporum
746 864 1022 914 momenta
1049 857 1371 930 perpendat.
1404 857 1550 913 Bene
1569 873 1696 929 ergo
1717 857 1784 915 de
1813 858 1900 916 his
1927 876 2012 916 ca-
2121 861 2265 918 rium
2290 864 2537 920 mittunt.
2563 866 2584 899 ‘
2601 864 2770 932 Quasi
2794 864 3044 938 quaedam
3063 863 3269 938 quippe
3289 863 3509 935 vagatio
3525 872 3610 920 est
3631 863 3752 936 ipsa

413 953 547 1009 tulis
574 952 808 1008 dicitur:
846 952 1071 1019 Quando
1089 953 1282 1007 cubant
1301 952 1358 1006 in
1389 952 1584 1020 antris,
1607 959 1654 1008 et
1681 954 1739 1008 in
1767 954 2017 1025 specubus
2125 955 2474 1028 cogitationis
2505 956 2780 1024 aestuatio;
2815 964 2869 1014 et
2902 957 3054 1012 velut
3083 955 3150 1012 ad
3183 955 3302 1012 loca
3330 955 3486 1010 varia
3516 956 3752 1012 mutatis

411 377 517 437 539
1634 377 1884 435 SANCTI
1923 377 2258 436 GREGORII
2299 379 2526 435 MAGNI

414 1044 760 1100 insidiantur.
779 1045 1042 1100 Doctores
1065 1043 1214 1098 enim
1238 1042 1412 1100 sancti
1429 1043 1649 1116 quando
1667 1053 1721 1100 et
1741 1043 2018 1116 arguenda
2126 1046 2354 1102 nutibus
2372 1054 2677 1112 transeunt,
2697 1048 2718 1082 ⁵
2749 1046 2882 1104 dum
2912 1063 3012 1120 pro
3029 1045 3340 1102 adunandis
3369 1045 3666 1102 animabus
3693 1045 3752 1102 in

412 1134 765 1207 conspiciunt
790 1143 844 1190 et
877 1143 1059 1190 tamen
1081 1150 1138 1190 se
1169 1150 1264 1206 per
1279 1133 1562 1191 silentium
1594 1133 1651 1190 in
1674 1134 2016 1207 cogitationi-

413 1223 518 1280 bus
549 1223 809 1291 retinent,
858 1223 1016 1296 quasi
1064 1223 1122 1279 in
1162 1223 1430 1295 specubus
1461 1223 1650 1291 latent,
1697 1232 1751 1280 et
1778 1225 1931 1280 velut
1961 1223 2016 1279 in

415 1315 590 1372 antris
609 1331 666 1370 se
687 1321 986 1386 contegunt
1006 1314 1138 1387 quia
1157 1314 1214 1370 in
1236 1314 1351 1370 suis
1373 1314 1631 1370 cordibus
1649 1315 2017 1371 occultantur.

416 1404 521 1464 Sed
550 1421 676 1461 cum
725 1410 1099 1476 opportunum
1147 1411 1365 1476 tempus
1413 1402 1752 1469 invenerint,
1802 1414 2022 1477 repente

363 1478 374 1491 ’
416 1491 733 1567 prosiliunt,
777 1492 931 1548 nulla
959 1508 1079 1565 qum
1111 1491 1346 1550 dicenda
1375 1501 1506 1548 sunt
1538 1492 1790 1560 reticent,
1822 1501 1876 1550 et
1911 1509 2024 1551 cer-

417 1583 595 1640 vicem
618 1582 1058 1656 superbientium
1083 1599 1270 1640 morsu
1301 1598 1503 1655 asperae
1532 1582 1927 1654 increpationis
1945 1590 2024 1639 te-

417 1679 569 1729 nent.
615 1670 743 1727 Sive
775 1670 960 1742 itaque
999 1686 1094 1742 per
1123 1671 1418 1742 apostolos,
1465 1671 1582 1727 sive
1629 1688 1724 1743 per
1751 1672 2022 1740 doctores,

415 1775 556 1833 quos
594 1759 654 1814 in
684 1759 1061 1830 apostolorum
1094 1757 1278 1814 locum
1308 1759 1648 1831 subrogavit,
1680 1761 1814 1818 huic
1844 1762 2027 1818 leaena:

418 1845 691 1904 Dominus
720 1845 970 1919 quotidie
1018 1845 1260 1920 praedam
1305 1846 1470 1919 capit,
1521 1855 1574 1903 et
1619 1864 1716 1921 per
1762 1865 1855 1905 eos
1894 1865 2030 1921 quos
2061 1872 2107 1932 Β

419 1935 566 2008 cepit
593 1934 731 1991 alios
757 1935 923 1990 etiam
945 1951 1138 2008 capere
1166 1952 1277 1992 non
1309 1935 1544 1993 desistit.
1578 1936 1664 1993 Ad
1689 1936 1796 1994 hoc
1827 1937 2031 2010 quippe

415 2023 554 2096 justi
585 2022 752 2097 hujus
781 2024 974 2080 mundi
999 2031 1312 2098 peccatores
1332 2025 1576 2097 rapiunt,
1597 2032 1660 2081 ut
1691 2040 1787 2096 per
1806 2040 2030 2080 conver-

421 2131 508 2170 sos
537 2130 630 2170 eos
657 2114 824 2171 etiam
853 2113 951 2170 alii
981 2130 1051 2170 ex
1086 2113 1296 2170 mundo
1325 2113 1629 2186 rapiantur.
1653 2112 1810 2170 Unde
1830 2121 1884 2169 et
1913 2112 2032 2184 ipsa

422 2202 724 2278 gentilitas,
749 2220 870 2278 qum
900 2202 992 2276 pio
1019 2204 1395 2276 apostolorum
1416 2205 1432 2238 ¹
1457 2219 1550 2259 ore
1581 2209 1737 2274 rapta
1755 2209 1859 2270 est,
1881 2211 2031 2259 tanta

422 2308 572 2350 nunc
600 2293 744 2349 fame
773 2292 910 2350 alios
939 2293 1111 2350 esurit
1158 2299 1362 2366 quanta
1403 2307 1460 2348 se
1489 2291 1557 2347 ab
1589 2290 1852 2364 apostolis
1887 2307 2032 2348 con-

422 2382 665 2456 cupitam
693 2383 864 2442 fuisse
893 2382 1193 2456 cognoscit.
1230 2378 1467 2438 Proinde
1515 2385 1568 2436 et
1616 2388 1740 2452 apte
1788 2377 2031 2451 subjun-

423 2473 572 2546 gitur
603 2489 617 2529 :

685 2586 914 2646 CAPUT
952 2587 1031 2644 Ix
1078 2585 1217 2660 [γει.
1251 2585 1381 2654 XII,
1421 2587 1542 2642 Bec.
1584 2580 1762 2656 rm].

495 2700 668 2759 Vnus.
699 2700 788 2758 41.
819 2731 891 2743 -
923 2702 1054 2769 Quis
1103 2705 1385 2772 preparat
1429 2717 1586 2756 corvo
1632 2716 1805 2754 escam
1855 2716 2028 2764 suam,

422 2798 635 2870 quando
662 2800 805 2872 pulli
835 2794 981 2853 969
1015 2796 1128 2866 ejus
1173 2797 1406 2852 clamant
1443 2797 1516 2852 ad
1557 2796 1748 2864 Deum,
1785 2802 2031 2866 vagantes

423 2903 480 2942 eo
509 2888 652 2958 quod
678 2905 787 2944 non
813 2887 1038 2944 habeant
1065 2886 1203 2941 cibos
1224 2887 1252 2942 i’

494 2973 583 3030 28.
619 2976 898 3032 Gentilitas
927 2991 1179 3030 conversa
1208 2989 1397 3028 corvus
1423 2977 1520 3037 est,
1559 2971 1713 3042 cujus
1736 2973 1880 3043 pulli
1907 2981 2031 3028 sunt

421 3065 593 3120 sancti
620 3061 1243 3137 praedicatores-Quid
1271 3061 1421 3117 enim
1451 3061 1607 3118 corvi
1637 3061 2034 3135 pullorumque

420 3151 538 3224 ejus
557 3153 782 3210 nomine
803 3153 911 3209 nisi
933 3153 1174 3226 peccatis
1193 3151 1352 3224 nigra
1367 3149 1648 3222 gentilitas
1662 3149 1987 3221 designatur
2003 3152 2031 3207 ‘P

2128 1136 2320 1192 modos
2371 1137 2704 1193 innumeros
2747 1154 2809 1194 ac
2856 1137 2914 1193 in
2962 1142 3144 1210 partes
3189 1135 3436 1192 diversas
3479 1135 3750 1192 esurienti

2131 1233 2312 1282 mente
2350 1224 2689 1282 discurrunt.

2205 1365 2346 1440 [Vet.
2382 1367 2574 1440 ΧΙΙΙ.]
2637 1367 2726 1424 31.
2774 1369 2938 1425 Pauli
2963 1385 3069 1441 pro
3097 1369 3338 1424 omnibus
3365 1385 3496 1442 pene
3521 1369 3756 1424 ecclesiis

2133 1457 2454 1514 sollicitudo.
2494 1459 2768 1527 Charitas,
2797 1475 2916 1530 qua!
2960 1459 3137 1516 divisa
3165 1459 3302 1528 unit,
3343 1476 3436 1515 cor
3461 1460 3630 1516 Pauli
3654 1477 3756 1531 per

2132 1547 2302 1603 multa
2329 1547 2849 1605 dividebat.—Hanc
2879 1549 3226 1620 vagationem
3259 1548 3396 1620 pulli
3425 1563 3752 1615 corvorum,

2135 1635 2194 1692 id
2213 1645 2296 1693 est
2323 1636 2426 1693 ﬁlii
2459 1638 2770 1709 gentilium,
2797 1637 2866 1694 ab
2895 1639 3016 1710 ipso
3043 1637 3288 1710 gentium
3321 1637 3587 1710 magistro
3606 1636 3755 1694 didi-

2137 1735 2349 1783 cerunt.
2382 1728 2502 1799 Ipse
2531 1727 2732 1801 quippe
2768 1730 2790 1764 ⁶
2819 1744 2982 1801 quam
3021 1727 3207 1783 valida
3235 1726 3504 1784 charitate
3533 1726 3751 1799 ﬂagrat,

2139 1824 2250 1872 tam
2281 1816 2456 1872 nimia
2482 1832 2554 1872 ex
2585 1816 2722 1872 locis
2765 1816 2834 1872 ad
2879 1817 2999 1873 loca
3027 1833 3083 1872 se
3116 1816 3406 1888 vagatione
3434 1823 3750 1888 permutat;

2145 1905 2376 1963 transire
2403 1906 2472 1962 ad
2501 1907 2610 1962 alia
2642 1923 2712 1962 ex
2742 1907 2868 1964 aliis
2901 1908 3133 1980 appetit,
3165 1907 3296 1980 quia
3322 1907 3442 1978 ipsa
3469 1922 3598 1962 eum
3631 1923 3756 1979 quae

2142 1995 2336 2070 implet
2361 1996 2603 2054 charitas
2633 1997 2894 2070 impellit.
2943 1999 3131 2071 Longe
3160 2013 3398 2072 namque
3425 2014 3459 2054 a
3485 1997 3758 2054 Romanis

2142 2087 2353 2158 positus
2373 2087 2567 2143 scribit
2591 2105 2602 2142 :
2635 2087 2952 2145 Memoriam
2970 2088 3132 2142 vestri
3158 2087 3300 2158 facio
3325 2104 3532 2158 semper
3550 2087 3609 2142 in
3627 2105 3754 2143 ora-

2143 2175 2370 2232 tionibus
2393 2177 2541 2244 meis,
2562 2175 2837 2231 obsecrans
2863 2177 2911 2231 si
2925 2193 3028 2247 quo
3053 2177 3207 2232 modo
3230 2177 3438 2232 tandem
3454 2177 3756 2248 aliquando

2136 2282 2453 2337 prosperum
2482 2266 2583 2320 iter
2626 2266 2844 2321 habeam
2881 2267 2939 2320 in
2973 2267 3244 2322 voluntate
3276 2267 3377 2323 Dei
3407 2267 3652 2322 veniendi
3679 2267 3755 2321 ad

2139 2372 2270 2421 vos;
2297 2355 2536 2411 desidero
2565 2356 2704 2410 enim
2729 2355 2908 2410 videre
2935 2372 3026 2410 vos
3053 2356 3234 2424 (Rom.
3259 2373 3298 2424 ι,
3320 2356 3375 2424 9,
3402 2355 3516 2427 10).
3543 2356 3756 2413 Reten-

2140 2451 2232 2500 tus
2250 2443 2455 2515 Ephesi
2473 2443 2782 2502 Corinthiis
2801 2443 2999 2501 scribit
3022 2461 3033 2499 :
3061 2446 3197 2500 Ecce
3227 2444 3379 2500 tertio
3401 2445 3497 2500 hoc
3519 2451 3755 2517 paratus

2141 2550 2258 2588 sum
2287 2533 2463 2589 venire
2485 2533 2557 2588 ad
2587 2551 2677 2588 vos
2713 2533 2801 2604 (ΙΙ
2832 2534 2959 2590 Cor.
2993 2550 3091 2602 xu,
3129 2533 3240 2606 14).
3271 2535 3511 2591 Rursum
3541 2533 3752 2606 Ephesi

2139 2640 2509 2692 commorans,
2550 2624 2759 2679 Galatis
2797 2623 3067 2696 loquitur,
3105 2623 3333 2680 dicens:
3376 2625 3566 2681 Vellem
3595 2622 3753 2677 modo

2139 2730 2244 2768 esse
2270 2713 2416 2784 apud
2447 2729 2558 2779 vos,
2591 2719 2640 2766 et
2680 2719 2891 2768 mutare
2921 2730 3090 2768 vocem
3131 2730 3300 2768 meam
3333 2712 3483 2783 (Gal.
3517 2730 3599 2777 ιγ,
3630 2711 3752 2782 20).

2140 2803 2326 2858 Romae
2355 2819 2574 2875 quoque
2599 2802 2851 2859 custodia
2879 2803 3116 2860 carceris
3144 2801 3384 2869 clausus,
3418 2801 3549 2874 quia
3577 2801 3659 2857 ire
3683 2800 3756 2856 ad

2140 2890 2522 2964 Philippenses
2553 2907 2648 2963 per
2665 2890 3023 2963 semetipsum
3049 2907 3159 2946 non
3191 2891 3552 2962 permittitur,
3574 2897 3756 2948 trans-

2140 2981 2359 3037 mittere
2387 2998 2444 3037 se
2479 2981 2816 3053 discipulum
2868 2979 3183 3052 pollicetur,
3217 2979 3407 3036 dicens
3441 2997 3453 3034 :
3497 2981 3664 3050 Spero
3693 2980 3754 3034 in

2139 3069 2366 3127 Domino
2385 3071 2528 3137 Jesu,
2563 3071 2886 3126 Timotheum
2916 3086 2994 3123 me
3018 3068 3119 3122 cito
3149 3067 3352 3123 mittere
3377 3067 3449 3123 ad
3477 3085 3590 3134 vos,
3623 3075 3754 3124 utet

2139 3175 2226 3230 ego
2257 3158 2388 3213 bono
2416 3159 2594 3213 animo
2623 3157 2746 3222 sim,
2777 3157 2996 3228 cognitis
3015 3173 3133 3227 qua:
3160 3156 3303 3213 circa
3331 3173 3422 3212 vos
3449 3162 3574 3211 sunt
3596 3157 3751 3227 (Phi-

419 3242 498 3298 De
525 3259 635 3316 qua
661 3259 756 3314 per
785 3241 1117 3314 Prophetam
1148 3241 1390 3297 dicitur:
1427 3239 1530 3306 Qui
1558 3239 1932 3310 daljumenlis
1951 3258 2028 3296 εει
2057 3233 2103 3294 C
2140 3247 2233 3320 lip.
2267 3264 2328 3316 ιι,
2363 3247 2476 3318 19).
2511 3245 2856 3303 Constrictus
2889 3245 3054 3301 etiam
3079 3245 3322 3302 vinculis
3346 3254 3511 3318 atque
3538 3244 3752 3318 Ephesi

419 3346 535 3385 cam
580 3331 839 3401 ipsorum,
889 3335 938 3385 et
978 3329 1149 3400 pullis
1201 3343 1483 3382 corvorum
1513 3327 1880 3384 invocantibus
1911 3346 2028 3385 eum

425 3411 598 3492 (Psal.
631 3435 816 3488 cxnvr,
849 3418 932 3490 9).
981 3419 1240 3474 Jumenta
1267 3419 1468 3490 quippe
1513 3433 1692 3474 escam
1721 3419 2024 3491 accipiunt,

421 3507 554 3565 dum
589 3523 754 3565 sacras
797 3507 1093 3580 Scriptura)
1122 3505 1326 3578 pabulo
1355 3515 1566 3562 mentes
1608 3505 1820 3563 dudum
1850 3507 2028 3565 brutus

421 3596 713 3654 satiantur.
729 3596 906 3654 Pullis
917 3611 1052 3653 vero
1063 3594 1527 3664 corvorum,ﬁliis
1550 3595 1763 3651 scilicet
1778 3597 2024 3668 gentium

420 3703 544 3746 esca
571 3687 754 3756 datur,
787 3703 914 3744 cum
945 3701 1136 3742 eorum
1167 3683 1504 3742 desiderium
1533 3685 1761 3740 nostra'
1790 3703 2024 3744 conver-

420 3776 632 3835 satione
659 3775 927 3833 reficitur.
968 3776 1076 3832 Iste
1103 3791 1304 3831 corvus
1332 3789 1455 3831 esca
1482 3773 1590 3829 fuit
1619 3774 1639 3808 ³
1669 3773 1802 3830 dum
1841 3773 2024 3848 ipsum

419 3874 606 3922 sancta
634 3865 884 3922 Ecclesia
928 3873 1214 3938 quaereret.
1267 3865 1371 3922 Sed
1403 3881 1552 3922 nunc
1593 3881 1773 3922 escam
1801 3865 2021 3939 accipit,

419 3955 550 4029 quia
577 3954 692 4028 ipse
724 3953 793 4011 ad
825 3955 1242 4011 conversionem
1273 3955 1412 4010 alios
1442 3954 1708 4028 exquirit.

488 4074 577 4132 29.
609 4075 681 4130 Hi
707 4091 806 4130 sua
834 4074 1030 4130 virtute
1055 4073 1193 4129 nihil
1219 4090 1272 4128 se
1296 4090 1450 4146 posse
1480 4072 1921 4146 sciunt.—Cujus
1939 4072 2023 4128 vi-

417 4163 618 4220 delicet
646 4163 806 4237 pulli,
831 4163 888 4220 id
917 4172 1002 4220 est
1038 4163 1428 4236 praedicatores
1451 4180 1522 4220 ex
1551 4179 1617 4220 eo
1642 4163 1802 4231 editi,
1831 4179 1942 4218 non
1964 4162 2023 4218 in

417 4269 476 4310 se
495 4261 854 4324 praesumunt,
878 4253 973 4310 sed
1006 4253 1065 4309 in
1085 4253 1304 4310 viribus
1322 4254 1708 4324 Redemptoris
1735 4253 1843 4310 sui.
1867 4251 2023 4309 Unde

417 4340 558 4398 bene
601 4341 810 4398 dicitur
842 4359 854 4397 :
905 4343 1130 4410 Quando
1150 4343 1294 4414 pulli
1326 4341 1440 4411 ejus
1468 4343 1702 4398 clamant
1731 4343 1804 4398 ad
1833 4343 2018 4398 Deum.

417 4428 571 4488 Nihil
601 4429 751 4486 enim
781 4445 882 4485 sua
910 4429 1118 4486 virtute
1147 4445 1303 4502 posse
1343 4446 1400 4486 se
1433 4429 1638 4487 sciunt.
1668 4431 1741 4487 Et
1769 4432 2023 4504 quamvis

419 4519 731 4577 animarum
763 4520 916 4576 lucra
936 4518 1046 4592 piis
1061 4517 1208 4576 votis
1226 4518 1492 4588 esuriant,
1515 4519 1584 4577 ab
1605 4519 1702 4576 illo
1722 4527 1904 4578 tamen
1926 4516 2026 4593 qui

2139 3345 2402 3403 retentus,
2436 3335 2852 3393 Colossensibus
2883 3335 3077 3392 scribit
3108 3352 3120 3391 :
3153 3336 3291 3391 Nam
3321 3335 3368 3390 si
3395 3351 3617 3406 corpore
3644 3335 3754 3391 ab—

2136 3442 2252 3480 sens
2281 3441 2422 3492 sum,
2440 3425 2528 3480 sed
2555 3425 2753 3496 spiritu
2781 3425 3046 3480 vobiscum
3081 3441 3198 3479 sum
3217 3423 3445 3496 (Coloss.
3462 3439 3525 3491 ιι,
3547 3423 3750 3495 5).Εοο

2137 3534 2199 3575 ce
2227 3517 2510 3590 quomodo
2530 3524 2721 3573 sancto
2741 3516 3016 3573 desiderio
3047 3516 3200 3588 quasi
3233 3522 3492 3586 vagatur:
3517 3513 3612 3573 hic
3630 3532 3752 3572 θοι-ο

2137 3624 2267 3680 pore
2287 3615 2528 3673 tenetur,
2553 3607 2690 3662 illuc
2720 3607 2919 3678 spiritu
2947 3606 3190 3672 ducitur;
3225 3613 3279 3662 et
3307 3606 3520 3678 paterni
3541 3607 3752 3663 amoris

2134 3697 2390 3754 aﬂ‘ectum
2421 3696 2542 3752 istis
2574 3696 2944 3769 praesentibus
2989 3695 3240 3763 exhibet,
3285 3695 3398 3752 illis
3427 3694 3752 3752 absentibus

2133 3787 2407 3854 ostendit;
2439 3804 2622 3844 coram
2654 3788 2854 3860 positis
2884 3785 3162 3858 impendit
3191 3802 3374 3858 opera,
3407 3787 3427 3821 ⁷
3459 3785 3752 3842 audienti—

2133 3875 2238 3932 bus
2252 3877 2517 3948 exprimit
2537 3884 2688 3944 vota,
2716 3875 2924 3932 eﬂicaci
2933 3885 3014 3932 ter
3030 3891 3269 3948 praesens
3296 3875 3375 3930 eis
3393 3891 3522 3932 cum
3543 3874 3752 3947 quibus

2133 3981 2271 4040 erat,
2311 3989 2413 4030 nec
2453 3981 2636 4028 tamen
2669 3970 2815 4028 970
2845 3973 2961 4030 illis
3004 3972 3202 4029 absens
3230 3989 3355 4028 cum
3399 3973 3606 4046 quibus
3633 3989 3748 4030 non

2133 4070 2267 4118 erat.
2303 4061 2476 4134 Cujus
2506 4063 2852 4134 vagationem
2886 4063 3088 4119 melius
3114 4062 3522 4134 cognoscimus,
3551 4062 3602 4118 si
3629 4061 3754 4134 ejus

2133 4152 2316 4208 adhuc
2330 4151 2401 4208 ad
2429 4151 2754 4209 Corinthios
2783 4153 2951 4209 verba
2980 4169 3291 4224 pensamus.
3321 4154 3416 4209 Ait
3437 4153 3587 4210 enim
3614 4171 3627 4208 :
3663 4154 3752 4210 Ve-

2130 4242 2280 4298 niam
2297 4243 2369 4298 ad
2393 4261 2504 4309 vos,
2537 4260 2655 4298 cum
2675 4243 3042 4301 Macedoan
3057 4243 3446 4316 pertransiero.
3470 4244 3614 4298 Nam
3632 4243 3755 4301 Ma-

2134 4332 2404 4388 cedoniam
2428 4332 2770 4404 pertransibo
2793 4351 2813 4398 ;
2860 4333 3008 4404 apud
3039 4349 3129 4387 vos
3159 4339 3338 4388 autem
3365 4332 3607 4402 forsitan
3637 4349 3757 4386 ma-

2131 4429 2280 4494 nebo,
2311 4429 2392 4484 vel
2419 4429 2578 4482 etiam
2605 4428 2840 4484 hiemabo
2871 4430 2931 4501 (Ι
2958 4431 3228 4494 Cor.xv1,
3247 4431 3302 4498 5,
3326 4429 3408 4500 6).
3432 4427 3750 4500 Perpenda-

2133 4533 2277 4586 mus,
2307 4532 2512 4589 quaeso,
2545 4533 2666 4590 quae
2695 4518 2767 4574 sit
2803 4519 2907 4574 ista
2934 4519 3172 4590 vagatio.
3205 4519 3350 4574 Ecce
3377 4517 3489 4573 alio
3519 4517 3750 4574 interim

418 4617 619 4666 cuncta
648 4609 982 4667 intrinsecus
1010 4616 1268 4682 operatur
1288 4609 1406 4666 haec
1428 4609 1546 4666 ﬁeri
1575 4617 1858 4682 exoptant.
1880 4610 2024 4666 Vera
2053 4595 2102 4654 D
2138 4612 2341 4672 manet,
2359 4605 2470 4661 alio
2487 4622 2541 4661 se
2561 4605 2766 4661 iturum
2788 4605 3060 4678 perhibet,
3079 4615 3243 4680 atque
3263 4605 3376 4662 alio
3393 4604 3749 4662 deﬂexurum

419 4698 570 4754 enim
585 4697 693 4757 ﬁde
722 4698 1228 4772 comprehendunt,
1257 4700 1386 4774 quia
1407 4717 1570 4772 neque
1587 4701 1679 4772 qui
1708 4702 1927 4774 plantat
1951 4707 2027 4756 est

418 4787 650 4858 aliquid,
699 4804 865 4862 neque
909 4787 1003 4860 qui
1056 4789 1220 4860 rigat,
1268 4789 1357 4844 sed
1402 4789 1496 4861 qui
1530 4789 1907 4845 incrementum
1935 4788 2030 4844 dat

419 4877 564 4934 Deus
597 4877 654 4950 (1
685 4878 812 4935 Cor.
846 4895 932 4948 III,
965 4877 1043 4952 7).

489 4965 578 5025 30.
610 4968 738 5024 Zelo
767 4967 1156 5024 lucrandarum
1183 4968 1494 5024 animarum
1523 4971 1844 5022 mstuant.—
1863 4964 2028 5034 Quod

423 5069 552 5112 vero
569 5054 783 5115 dictum
801 5063 887 5114 est
909 5073 922 5112 :
955 5057 1212 5129 Vagantes
1238 5073 1296 5112 eo
1316 5056 1460 5129 quod
1481 5072 1590 5112 non
1615 5054 1844 5112 habeant
1867 5055 2028 5124 cibos,

496 5257 518 5336 ξ
545 5257 782 5336 Xindoc.
813 5257 1024 5336 et_Val.
1054 5256 1160 5336 CL,
1192 5273 1285 5312 ore
1312 5262 1586 5336 ορριαβεί·

496 5328 518 5362 ³
547 5327 809 5408 Vindoc.,
859 5328 1021 5386 Corb.
1056 5329 1266 5398 Germ.,
1313 5327 1536 5386 Ebroic.
1572 5327 1776 5400 aliique
1804 5327 2020 5396 Norm.,

425 5414 780 5454 converswne.

496 5470 518 5502 ³
547 5467 748 5537 Laud.,
793 5469 920 5524 dum
965 5470 1136 5540 ipsum
1164 5472 1458 5527 Ecclesium
1484 5476 1762 5542 quareret,
1811 5469 2024 5542 optimo

425 5555 613 5595 sensu.

497 5612 517 5684 ξ
549 5608 929 5684 Eaudqquasi
957 5613 1197 5684 quadam
1221 5614 1312 5684 pia
1347 5615 1553 5684 vagatio
1583 5621 1674 5669 est.

495 5682 516 5754 ξ
547 5680 968 5754 NonnulliAEd._,
1001 5682 1127 5736 dum
1152 5680 1253 5754 pro
1281 5680 1628 5754 adju'vandis.

497 5753 518 5785 ⁶
546 5751 724 5806 Aliter
745 5752 802 5807 in
822 5751 1080 5820 Viudoc.,
1104 5751 1326 5810 Ebroic.
1347 5751 1402 5810 et
1420 5757 1492 5810 al.
1518 5757 1731 5822 Norm.,
1756 5762 1865 5811 tam
1892 5756 2024 5810 vali-

425 5820 495 5877 da
525 5823 780 5878 charitate
815 5825 1032 5894 ﬂagrat,
1060 5841 1224 5895 quam
1253 5826 1440 5882 nimia.
1475 5826 1638 5883 Corb.
1673 5820 1884 5894 Germ.,
1919 5828 2028 5899 ipse

2134 4695 2426 4768 promittit.
2452 4693 2596 4762 Quid
2621 4701 2703 4750 est
2729 4695 2876 4767 quod
2900 4703 3010 4750 tam
3044 4694 3211 4750 anxie
3235 4709 3330 4766 per
3344 4701 3425 4750 tot
3446 4693 3567 4750 loca
3585 4695 3607 4729 ⁸
3628 4711 3752 4766 par-

2134 4785 2292 4850 titur,
2323 4783 2432 4838 nisi
2458 4783 2605 4856 quod
2633 4782 2779 4839 circa
2808 4799 3000 4840 omnes
3030 4799 3142 4838 una
3168 4782 3443 4838 charitate
3472 4783 3753 4840 constrin-

2136 4873 2331 4945 gitur?
2373 4871 2624 4930 Charitas
2661 4872 2810 4928 enim
2843 4889 2965 4946 quae
3005 4871 3189 4928 divisa
3236 4872 3397 4928 unire
3427 4871 3747 4928 consuevit.

2135 4979 2311 5019 unum
2340 4979 2434 5019 cor
2465 4962 2621 5018 Pauli
2644 4978 2745 5034 per
2765 4963 2940 5019 multa
2961 4961 3140 5019 dividi
3157 4961 3460 5034 compellit.
3481 4961 3648 5030 Quod
3668 4969 3748 5017 ta-

2137 5069 2264 5110 men
2294 5058 2446 5108 tanto
2474 5050 2683 5108 arctius
2713 5050 2773 5108 in
2801 5053 2916 5109 Deo
2941 5049 3177 5122 colligit,
3216 5057 3426 5124 quanto
3454 5049 3626 5106 latius
3656 5066 3755 5122 per

2130 5256 2324 5328 quippe
2351 5270 2502 5326 quem
2533 5253 2717 5310 valida
2745 5252 3005 5309 charitate
3031 5252 3322 5326 ﬂagrantia
3349 5253 3540 5322 nimia,
3574 5270 3644 5310 ea:
3677 5254 3752 5310 lo-

2131 5329 2228 5395 cis,
2259 5334 2364 5384 etc.

2204 5401 2224 5434 ⁷
2257 5397 2611 5470 Suspicamur
2639 5395 2956 5470 legendum,
2972 5396 3284 5470 absentibus
3304 5396 3564 5470 exprimit
3585 5404 3710 5453 vota
3736 5415 3755 5460 ,-

2133 5470 2345 5527 scilicet
2366 5467 2470 5541 per
2485 5468 2763 5541 epistolas,
2791 5475 2854 5524 ut
2878 5468 3080 5541 legitur
3101 5468 3158 5523 in
3186 5467 3360 5541 Laud.
3374 5467 3536 5541 Nihil
3559 5475 3752 5541 tamen

2133 5542 2192 5596 in
2238 5538 2397 5596 textu
2447 5538 2774 5596 mutandum
2819 5538 3160 5612 censuimus,
3210 5538 3358 5612 quod
3399 5539 3528 5594 Mss.
3573 5539 3752 5596 nostri

2135 5612 2510 5690 Corb._Germ.
2531 5619 2586 5667 et
2616 5613 2806 5690 Norm.
2845 5611 3078 5690 optimae
3097 5609 3242 5690 notai
3270 5609 3751 5690 habeant_audien-

2136 5684 2294 5748 tibus,
2317 5683 2635 5754 legaturque
2666 5682 2722 5736 in
2745 5681 3005 5736 omnibus
3035 5681 3138 5737 Ed.
3165 5697 3303 5754 quos
3333 5681 3749 5737 consuluimus.

2209 5756 2228 5787 ⁸
2265 5755 2470 5808 Turon.
2481 5795 2496 5822 ,
2536 5759 2784 5824 vagatur.
