3920 6394
172 386 275 443 541

913 386 1288 444 MORALIUM
1325 387 1459 444 LIB.
1501 385 1685 443 XXX.
1733 417 1790 425 ι-
1834 386 1906 444 ΙΝ
1944 386 2171 444 CAPTT
2208 388 2502 446 XXXVIII
2535 389 2597 444 B.
2639 390 2782 447 JOB.

3391 392 3499 451 542

167 518 363 567 sancta
391 510 666 568 desideria
711 512 939 585 spargit.
990 511 1347 568 Praedicando
1389 512 1557 583 igitur
1586 510 1787 567 Paulus
1814 511 1863 570 A
1894 513 2041 567 enim
2069 523 2339 584 vagantur
2359 514 2517 584 pulli,
2541 514 2669 569 inde
2688 531 2866 569 escam
2889 529 3090 572 corvus
3108 516 3348 586 invenit,
3367 518 3501 591 quia

166 602 295 657 vult
325 601 498 656 simul
529 600 717 656 omnia
745 600 947 668 dicere,
979 600 1216 656 amando
1244 602 1369 657 vult
1398 600 1565 656 simul
1595 614 1788 655 omnes

166 693 383 760 videre,
417 692 549 764 quia
588 700 641 747 et
684 692 742 746 in
780 708 942 747 carne
972 692 1346 763 permanendo
1378 692 1499 747 vult
1528 690 1788 747 omnibus

166 782 383 852 vivere,
414 790 468 837 et
496 781 564 837 de
594 798 757 836 carne
788 781 1123 837 transeundo
1154 798 1249 853 per
1290 781 1623 837 sacriﬁcium
1657 779 1788 836 ﬁdei

166 874 292 928 vult
322 872 586 928 omnibus
618 871 890 943 prodesse.
918 872 1201 941 Vagentur
1220 872 1403 943 itaque
1427 870 1562 942 pulli
1593 887 1786 925 corvo-

166 979 317 1028 rum,
349 960 405 1016 id
436 968 519 1015 est
545 960 867 1031 magistrum
898 977 1059 1015 suum
1080 960 1369 1014 imitentur
1388 958 1490 1013 ﬁlii
1514 958 1783 1030 gentium,

165 1059 453 1122 torporem
473 1049 676 1103 mentis
689 1050 996 1113 excutiant,
1013 1056 1203 1104 etcum
1222 1049 1532 1103 animarum
1547 1048 1784 1114 lucrum,

166 1138 226 1196 id
249 1149 333 1195 est
358 1138 547 1195 cibum
569 1155 733 1194 suum
755 1137 985 1193 minime
1006 1139 1310 1209 reperiunt,
1334 1154 1443 1192 non
1462 1138 1783 1209 quiescant;

166 1231 237 1287 ad
269 1230 582 1303 profectum
612 1246 668 1285 se
710 1246 779 1284 ex
828 1230 1180 1302 provectibus
1208 1230 1529 1295 extendant,
1559 1238 1632 1297 et,
1665 1246 1777 1284 aes-

168 1329 395 1377 tuantes
436 1321 494 1376 in
538 1319 779 1376 utilitate
838 1322 1165 1389 multorum,
1221 1320 1577 1377 refectionem
1628 1336 1781 1375 suam

168 1409 332 1483 quasi
367 1416 628 1481 vagantes
657 1410 920 1466 esuriant.
951 1410 1091 1477 Quia
1133 1426 1263 1466 vero
1306 1428 1402 1483 per
1432 1408 1788 1482 praedicatio-

167 1516 303 1555 num
328 1516 495 1571 opera
526 1499 909 1567 discurrendo,
932 1499 1230 1555 refectione
1258 1498 1388 1555 ﬁdei
1421 1499 1786 1571 gentilitatem

167 1587 372 1645 satiare
402 1604 514 1645 non
567 1596 800 1656 cessant,
852 1588 1070 1643 dicatur
1117 1597 1263 1645 recte
1299 1606 1310 1644 :
1350 1588 1481 1655 Quis
1505 1590 1790 1659 praeparat

165 1695 327 1734 corvo
348 1696 517 1734 eseam
546 1695 718 1746 suam,
736 1679 950 1749 quando
976 1679 1117 1749 pulli
1133 1678 1245 1748 ejus
1267 1679 1497 1734 clamant
1511 1677 1783 1743 adDeum,

166 1772 420 1837 vagantes
451 1784 506 1821 eo
537 1766 677 1836 quod
706 1783 813 1821 non
842 1766 1067 1821 habeant
1086 1767 1243 1820 cibos.

1896 598 2030 654 dum
2052 615 2147 671 per
2175 599 2412 655 laborem
2439 600 2857 672 praedicantium
2879 619 3197 658 conversam
3225 604 3294 659 ad
3322 605 3498 661 Deum

1897 691 2259 762 gentilitatem
2289 691 2549 747 Iudaicus
2572 692 2805 762 populus
2830 694 3071 763 respicit,
3091 694 3159 749 ad
3187 703 3497 752 extremum

1896 777 2225 849 quandoque
2258 778 2551 833 stultitiam
2583 794 2693 833 suae
2725 776 3067 834 inﬁdelitatis
3106 780 3412 847 erubescit;
3445 789 3499 837 et

1897 872 2031 921 tunc
2059 867 2354 937 Scripturae
2377 884 2544 923 sacrm
2563 866 2865 922 sententias
2888 868 3169 940 intelligit,
3201 886 3325 924 cum
3350 870 3501 941 prius

1896 972 2059 1027 quam
2092 954 2197 1011 sibi
2229 972 2320 1010 eas
2354 955 2611 1027 gentibus
2645 956 2951 1012 innotuisse
2985 958 3286 1029 cognoscit,
3318 964 3498 1029 atque,

1896 1046 2117 1117 expleta
2159 1044 2449 1116 vagatione
2494 1046 2795 1116 pullorum,
2846 1045 2914 1101 ad
2955 1047 3310 1118 percipienda
3352 1062 3504 1102 sacra

1896 1135 2117 1207 eloquia
2146 1152 2208 1191 os
2231 1136 2415 1190 cordis
2444 1135 2620 1206 aperit
2651 1153 2665 1201 ;
2711 1135 2840 1207 quia
2870 1136 3103 1206 peractis
3144 1136 3203 1191 in
3233 1136 3500 1192 mundum

1895 1227 2151 1283 cursibus
2181 1226 2582 1297 apostolorum,
2615 1242 2735 1280 sero
2765 1242 2827 1280 ea
2856 1225 3180 1297 spiritaliter
3210 1226 3445 1296 percipit
3471 1241 3503 1279 a

1897 1316 2097 1390 quibus
2119 1315 2216 1371 diu
2245 1333 2300 1371 se
2323 1315 2551 1388 perﬁdia
2567 1314 3201 1387 astringentejejunavit.
3227 1316 3358 1383 Qua;
3373 1315 3501 1387 quia

1900 1407 2088 1463 omnia
2117 1406 2290 1462 solius
2319 1406 2524 1461 divinae
2556 1406 2814 1477 potentia:
2842 1406 3023 1461 virtus
3051 1414 3327 1477 operatur,
3357 1412 3500 1462 recte

1895 1495 2101 1551 dicitur
2122 1512 2133 1549 :
2156 1495 2287 1562 Quis
2297 1501 2576 1566 prwparat
2592 1510 2746 1549 corvo
2766 1512 2937 1549 eseam.
2960 1511 3133 1563 suam,
3156 1493 3368 1564 quando
3378 1494 3499 1565 pul-

1898 1587 1937 1641 li
1967 1586 2080 1655 ejus
2110 1587 2342 1639 clamant
2368 1586 2439 1639 ad
2455 1585 2644 1652 Deum,
2663 1590 2907 1656 vagantes
2922 1601 2978 1639 eo
2999 1583 3140 1654 quod
3157 1600 3264 1638 non
3279 1581 3502 1637 habeant

1894 1676 2033 1731 cibos
2056 1677 2083 1730 7
2105 1672 2377 1730 Subaudis
2398 1673 2505 1728 nisi
2527 1690 2644 1744 ego,
2669 1672 2763 1745 qui
2781 1672 3057 1727 inﬁdelem
3083 1671 3345 1743 populum
3368 1668 3500 1724 ﬁliis

1894 1763 2009 1819 suis
2040 1770 2093 1819 et
2121 1761 2482 1818 exorantibus
2509 1762 2703 1828 tolero,
2729 1763 2749 1795 ⁵
2774 1770 2827 1815 et
2859 1759 3286 1831 praedicantibus
3314 1774 3498 1829 pasco,

243 1852 387 1926 [Vet.
419 1856 503 1911 XI
513 1854 598 1929 V.]
622 1856 709 1911 32.
738 1855 900 1911 Corvi
928 1871 1131 1925 quoque
1162 1854 1367 1909 nomine
1391 1853 1536 1925 plebs
1556 1851 1783 1909 Iudaica
1816 1875 1864 1936 B
1895 1862 2057 1925 atque
2087 1851 2156 1906 ad
2197 1851 2307 1906 alia
2344 1849 2672 1922 vagantibus
2709 1847 3143 1905 convertendum
3174 1846 3501 1919 quandoque

167 1943 523 2015 signiﬁcatur.
561 1945 684 2002 Visa
703 1944 975 2015 gentilium
1003 1944 1357 2012 conversione,
1378 1944 1507 1998 olim
1520 1943 1787 2013 resipiseet

169 2049 232 2087 ac
263 2032 327 2087 de
355 2049 456 2088 sua
484 2033 713 2089 stultitia
732 2034 1008 2089 erubescet.
1031 2063 1101 2073 —
1121 2034 1306 2089 Potest
1325 2032 1490 2087 etiam
1513 2030 1665 2087 corvi
1690 2047 1782 2086 no-

168 2122 324 2177 mine
356 2122 513 2193 nigra
556 2138 652 2193 per
698 2122 1043 2178 inﬁdelitatis
1086 2123 1342 2178 meritum
1378 2121 1532 2193 plebs
1559 2119 1785 2175 Judaica

167 2210 623 2282 designari.Nam
637 2210 775 2282 pulli
800 2211 921 2282 ejus
950 2209 1019 2266 ad
1046 2212 1221 2266 Deum
1254 2211 1492 2266 clamare
1524 2209 1787 2264 referun-

166 2305 281 2366 tur,
314 2305 377 2353 ut
405 2298 583 2354 eidem
616 2315 783 2355 corvo
812 2316 844 2354 a
871 2299 1110 2356 Domino
1130 2316 1252 2355 esca
1273 2306 1633 2370 praeparetur,
1655 2295 1786 2369 quia

168 2386 443 2442 nimirum
468 2386 645 2443 sancti
673 2388 906 2460 apostoli
938 2388 1115 2460 plebis
1148 2388 1462 2443 Israeliticae
1493 2403 1658 2442 carne
1686 2400 1785 2456 ge-

171 2473 373 2543 nerati,
406 2475 539 2531 dum
571 2493 668 2548 pro
699 2485 856 2549 gente
887 2494 984 2532 sua
1013 2493 1200 2549 preces
1230 2476 1297 2531 ad
1328 2475 1617 2531 dominum
1650 2473 1784 2527 fun-

173 2564 391 2632 derent,
424 2566 580 2637 quasi
611 2566 750 2638 pulli
780 2582 1095 2633 corvorum,
1114 2581 1240 2621 eum
1260 2565 1327 2620 de
1350 2581 1459 2637 quo
1487 2562 1783 2619 carnaliter

172 2654 310 2711 editi
360 2663 492 2711 sunt
520 2655 758 2727 spiritali
799 2655 1164 2726 intelligentia
1203 2662 1482 2727 parentem
1519 2653 1783 2725 populum

173 2753 469 2816 paverunt.
502 2746 677 2816 Igitur
705 2744 837 2799 dum
868 2744 1006 2816 pulli
1037 2743 1155 2815 ejus
1184 2745 1443 2811 clamant,
1475 2759 1641 2798 corvo
1665 2757 1787 2796 esca

172 2838 538 2903 praeparatur,
560 2831 691 2902 quia
710 2830 842 2886 dum
863 2831 1096 2904 apostoli
1127 2838 1380 2898 exorant,
1405 2830 1558 2901 plebs
1573 2828 1784 2883 dudum

171 2919 386 2991 perﬁda
416 2918 485 2973 ad
513 2918 886 2991 cognitionem
917 2919 1046 2974 ﬁdei
1077 2918 1319 2986 ducitur,
1351 2926 1406 2973 et
1434 2934 1503 2974 ex
1528 2916 1784 2989 pradica-

176 3006 329 3063 tione
350 3006 598 3062 ﬁliorum
623 3010 778 3081 quasi
798 3026 868 3064 ex
899 3010 1175 3080 pullorum
1200 3024 1332 3063 voce
1363 3007 1613 3063 satiatur.
1640 3004 1787 3061 Illud

176 3103 371 3151 tamen
403 3095 461 3150 in
493 3094 600 3150 hoc
630 3112 790 3152 versu
820 3096 1083 3153 debemus
1112 3098 1343 3153 solerter
1382 3095 1606 3163 intueri,
1640 3094 1787 3168 quod

178 3183 315 3240 huic
343 3200 512 3240 corvo
533 3200 656 3240 esca
671 3184 877 3241 dicitur
898 3187 1137 3258 primum
1159 3186 1325 3258 pullis
1345 3184 1713 3242 clamantibus
1734 3192 1789 3239 et

170 3273 531 3347 postmodum
556 3275 881 3346 vagantibus
898 3277 1210 3348 praeparari.
1237 3275 1615 3334 Clamantibus
1636 3290 1787 3329 nam-

175 3379 283 3437 que
313 3361 485 3433 pullis
510 3379 677 3418 corvo
703 3380 825 3420 esca
847 3373 1147 3437 praeparata
1175 3375 1279 3432 est,
1311 3382 1436 3420 cum
1468 3364 1785 3436 praedican-

170 3452 328 3507 tibus
356 3451 615 3522 apostolis
644 3452 874 3507 verbum
900 3453 998 3508 Dei
1028 3453 1216 3509 Iudaea
1249 3453 1499 3520 audiens,
1534 3452 1698 3507 modo
1726 3450 1785 3507 in

173 3541 360 3598 tribus
390 3539 658 3609 millibus,
690 3541 853 3597 modo
883 3543 940 3598 in
962 3542 1207 3615 quinque
1231 3543 1479 3599 millibus
1509 3542 1785 3615 spirituali

174 3636 260 3684 est
288 3628 656 3700 intelligentia
682 3630 895 3684 satiata.
934 3631 949 3663 ¹
980 3629 1084 3685 Sed
1130 3646 1258 3685 cum
1299 3646 1396 3701 per
1425 3630 1784 3700 reproborum

176 3716 599 3774 multitudinem
621 3717 1005 3774 crudelitatem
1030 3734 1184 3773 suam
1205 3726 1397 3773 contra
1427 3717 1787 3789 praedicantes

173 3814 480 3874 exerceret,
512 3813 567 3863 et
594 3807 749 3879 quasi
797 3806 1077 3879 pullorum
1121 3806 1291 3861 vitam
1345 3814 1584 3873 necaret,
1616 3806 1785 3862 iidem

174 3895 320 3968 pulli
350 3896 373 3932 ²
402 3895 460 3950 in
491 3896 751 3952 universa
770 3894 964 3951 mundi
996 3896 1171 3967 spatia
1190 3894 1422 3967 dispersi
1454 3904 1604 3951 sunt.
1630 3895 1785 3952 Unde

174 3991 232 4040 et
258 3982 468 4040 eisdem
499 3984 812 4041 carnalibus
859 3984 1110 4057 patribus
1140 3985 1379 4056 spiritali
1406 3984 1785 4057 praedicationi

173 4072 562 4131 resistentibus
589 4074 785 4131 dicunt
810 4092 821 4130 :
856 4076 876 4109 ³
914 4075 1064 4131 Vobis
1092 4075 1362 4146 oportebat
1383 4075 1624 4147 primum
1643 4075 1788 4145 loqui

171 4163 391 4217 verbum
417 4163 557 4228 Dei;
594 4164 683 4219 sed
710 4164 835 4234 quia
866 4164 1120 4235 repellitis
1151 4163 1311 4229 illud,
1348 4170 1397 4217 et
1427 4163 1667 4233 indignos
1697 4179 1787 4217 ros

160 4252 426 4323 judicatis
454 4259 662 4308 (eterna:
680 4254 823 4318 vitae,
852 4270 957 4309 ecce
976 4253 1333 4308 convertimur
1350 4253 1422 4308 ad
1437 4260 1606 4325 gentes
1634 4252 1782 4321 (Act.

175 4358 306 4409 xm,
329 4341 422 4413 46)
450 4360 463 4410 ;
497 4342 732 4399 scientes
759 4344 1004 4417 profecto
1025 4344 1173 4417 quod
1195 4352 1483 4417 postquam
1508 4343 1789 4416 gentilitas

175 4430 449 4500 crederet,
498 4432 665 4488 etiam
708 4432 898 4490 Iudaea
933 4433 1001 4489 ad
1044 4433 1209 4489 ﬁdem
1253 4434 1486 4490 veniret.
1532 4433 1688 4491 Unde
1734 4440 1789 4489 et

173 4521 446 4593 scriptum
478 4529 560 4578 est
592 4541 603 4578 :
637 4523 812 4578 Donec
836 4522 1110 4594 plenitudo
1139 4524 1368 4594 gentium
1400 4525 1420 4558 ⁴
1451 4523 1718 4586 introiret,
1742 4527 1790 4576 et

1895 1942 1954 1995 in
1982 1940 2090 1994 ﬁne
2116 1938 2382 1994 sustineo.

1969 2025 2108 2099 [Vet.
2140 2025 2285 2100 XV.]
2324 2026 2410 2082 33.
2442 2025 2611 2082 Periti
2638 2024 2904 2097 mgistri,
2933 2022 3210 2095 discipulis
3238 2039 3344 2077 non
3372 2022 3503 2077 satis

1895 2116 2167 2171 humiliter
2193 2117 2255 2172 de
2274 2133 2326 2170 se
2344 2116 2702 2182 sentientibus,
2725 2114 3051 2169 sublimioris
3066 2112 3317 2168 doctrinae
3333 2112 3505 2167 cibum

1894 2206 2232 2260 subtrahunt.
2264 2235 2335 2246 —
2363 2206 2463 2259 Est
2491 2203 2674 2260 adhuc
2695 2203 2846 2259 aliud
2868 2203 3015 2276 quod
3037 2202 3103 2257 de
3134 2219 3301 2259 corvo
3329 2218 3502 2257 mora-

1896 2296 2024 2350 liter
2054 2296 2224 2367 possit
2253 2294 2517 2366 intelligi.
2541 2293 2722 2348 Editis
2751 2308 2988 2365 namque
3011 2292 3198 2363 pullis,
3217 2299 3281 2346 ut
3300 2292 3495 2358 fertur,

1894 2402 2075 2445 escam
2106 2386 2264 2457 plene
2292 2384 2531 2456 praebere
2560 2383 2895 2450 dissimulat,
2915 2384 3235 2456 priusquam
3266 2382 3504 2455 plumes-

1895 2473 2071 2531 cendo
2099 2475 2431 2545 nigrescant,
2462 2489 2662 2545 eosque
2710 2471 2892 2528 inedia
2923 2471 3066 2527 allici
3098 2470 3322 2542 patitur,
3355 2487 3504 2543 quo-

1897 2564 2143 2637 adusque
2175 2565 2231 2619 in
2262 2564 2374 2619 illis
2402 2580 2499 2636 per
2528 2579 2831 2636 pennarum
2850 2561 3193 2633 nigredinem
3223 2577 3324 2617 sua
3350 2560 3502 2616 simi-

1896 2654 2077 2710 litudo
2108 2653 2381 2710 videatur.
2415 2653 2521 2721 Qui
2554 2653 2663 2709 huc
2694 2652 2935 2725 illucque
2965 2658 3235 2723 vagantur
3264 2651 3323 2706 in
3345 2650 3499 2718 nido,

1896 2751 1950 2797 et
1980 2742 2232 2798 ciborum
2261 2749 2527 2814 expetunt
2556 2751 2745 2813 aperto
2776 2757 2867 2796 ore
2898 2740 3233 2796 subsidium.
3268 2741 3341 2796 At
3368 2756 3493 2795 cum

1895 2831 2204 2900 nigrescere
2250 2832 2536 2903 coeperint,
2588 2838 2742 2887 tanto
2779 2831 2859 2886 eis
2907 2829 3196 2902 praebenda
3242 2828 3505 2884 alimenta

1898 2920 2181 2976 ardentius
2203 2920 2455 2991 requirit,
2479 2928 2685 2992 quanto
2706 2920 2832 2975 illos
2850 2920 2996 2975 alere
3010 2919 3225 2975 diutius
3254 2918 3496 2975 distulit.

1897 3010 2108 3066 Corvus
2138 3008 2383 3079 profecto
2413 3015 2496 3063 est
2523 3008 2717 3064 doctus
2763 3008 2997 3080 quisque
3028 3007 3372 3079 praedicator,
3405 3005 3501 3078 qui

1900 3113 2096 3167 magna
2126 3112 2260 3151 voce
2282 3097 2502 3162 clamat,
2522 3095 2653 3151 dum
2678 3103 3025 3168 peccatorum
3046 3110 3273 3151 suorum
3296 3111 3501 3151 memo-

1897 3189 2033 3245 riam
2065 3196 2226 3260 atque
2267 3188 2642 3259 cognitionem
2692 3186 3033 3242 inﬁrmitatis
3074 3185 3312 3258 propria
3345 3184 3502 3258 quasi

1900 3276 2196 3349 quamdam
2246 3275 2447 3332 coloris
2488 3274 2831 3347 nigredinem
2880 3281 3083 3345 portat.
3134 3273 3239 3332 Cui
3276 3273 3497 3347 quidam

1896 3375 2202 3424 nascuntur
2231 3368 2289 3422 in
2307 3366 2414 3422 ﬁde
2435 3366 2719 3438 discipuli,
2743 3364 2837 3421 sed
2858 3364 3090 3421 fortasse
3110 3364 3292 3419 adhuc
3323 3366 3344 3400 ⁶
3375 3380 3501 3421 con-

1896 3457 2140 3513 siderare
2177 3456 2559 3512 inﬁrmitatem
2591 3455 2870 3527 propriam
2902 3454 3177 3521 nesciunt,
3211 3452 3440 3509 fortasse
3472 3470 3504 3510 a

1896 3547 2134 3618 peccatis
2164 3546 2455 3618 praeteritis
2499 3545 2820 3601 memoriam
2869 3550 3149 3611 avertunt,
3192 3549 3247 3599 et
3275 3558 3371 3616 per
3399 3542 3505 3599 hoc

1895 3652 2015 3692 eam
2047 3654 2211 3709 quam
2241 3636 2445 3692 assumi
2473 3642 2691 3707 oportet
2721 3641 2915 3691 contra
2942 3633 3110 3705 hujus
3139 3633 3335 3690 mundi
3366 3634 3497 3705 glo-

1896 3725 2034 3782 riam
2059 3725 2396 3781 humilitatis
2410 3724 2756 3795 nigredinem
2779 3738 2891 3778 non
2911 3720 3232 3778 ostendunt.
3257 3721 3326 3777 Hi
3350 3720 3503 3776 velut

1897 3814 1965 3870 ad
1995 3814 2339 3887 accipiendas
2365 3830 2515 3869 escas
2541 3830 2602 3869 os
2632 3814 2908 3885 aperiunt,
2938 3829 3065 3868 cum
3097 3812 3285 3869 doceri
3316 3811 3384 3867 de
3405 3826 3502 3867 se-

1895 3903 2060 3959 cretis
2103 3904 2122 3937 ⁷
2170 3901 2504 3958 sublimibus
2549 3908 2821 3973 quaerunt.
2875 3898 2979 3955 Sed
3016 3900 3097 3955 eis
3138 3899 3332 3955 doctor
3371 3914 3504 3954 suus

1896 3994 2159 4049 alimenta
2188 3990 2740 4062 praedicamentorum
2771 3988 3097 4045 sublimium
3128 3995 3286 4044 tanto
3316 3989 3502 4043 minus

1896 4082 2118 4149 tribuit,
2151 4086 2358 4151 quanto
2390 4079 2515 4134 illos
2560 4085 2780 4150 peccata
2816 4076 3099 4149 praterita
3126 4075 3314 4132 minus
3337 4075 3503 4148 digne

1900 4171 2101 4227 deﬂere
2126 4171 2146 4204 ⁸
2175 4167 2476 4240 cognoscit.
2501 4169 2797 4239 Exspectat
2826 4166 3027 4239 quippe
3056 4173 3218 4237 atque
3246 4164 3505 4221 admonet

1896 4268 1959 4316 ut
1988 4276 2018 4314 a
2042 4260 2221 4314 nitore
2251 4258 2380 4313 vitae
2410 4257 2696 4330 praesentis
2726 4256 2883 4329 prius
2912 4271 3007 4327 per
3038 4255 3380 4327 pmnitentiae
3406 4254 3498 4309 la-

1897 4358 2082 4406 menta
2110 4350 2442 4421 nigrescant,
2478 4356 2532 4404 et
2561 4355 2694 4403 tunc
2720 4346 2942 4402 demum
2973 4360 3218 4416 congrua
3246 4343 3503 4417 praedica-

1897 4439 2068 4496 tionis
2093 4437 2468 4494 subtilissimae
2489 4435 2830 4492 nutrimenta
2852 4432 3178 4507 percipiant.
3213 4431 3426 4490 Corvus
3446 4431 3503 4487 in

1901 4529 2069 4601 pullis
2090 4544 2186 4584 ora
2206 4525 2483 4582 inhiantia
2498 4523 2741 4596 respicit,
2766 4522 2861 4579 sed
2881 4528 3006 4578 ante
3022 4521 3081 4576 in
3102 4520 3184 4576 eis
3201 4508 3521 4592 pennarum‘

170 4611 251 4665 sic
280 4612 451 4667 omnis
481 4613 654 4668 Israel
675 4614 855 4668 salvus
878 4613 1025 4684 ﬁeret
1056 4614 1232 4684 (Rom.
1267 4629 1350 4680 χι,
1368 4613 1485 4685 25).
1519 4613 1660 4679 Quia
1688 4610 1801 4682 igi-.
1822 4600 1872 4659 D
1902 4600 2188 4688 nigredine
2217 4614 2373 4671 indui
2403 4629 2633 4686 corpora
2661 4612 2878 4685 quaerit.
2912 4611 3005 4668 Sic
3034 4616 3089 4667 et
3112 4610 3384 4667 discretus
3411 4607 3505 4664 do-

174 4708 268 4756 tur
300 4716 650 4772 summopere
695 4701 872 4757 sancti
919 4701 1153 4772 apostoli
1198 4710 1252 4757 et
1279 4702 1609 4758 studuerunt
1638 4702 1790 4774 prius

173 4793 316 4852 971
351 4797 706 4854 audientibus
729 4797 1045 4871 praedicare,
1078 4805 1132 4854 et
1162 4799 1511 4870 postmodum
1534 4800 1788 4855 resisten-

172 4885 327 4942 tibus
354 4888 608 4959 exempla
636 4904 915 4943 conversa:
945 4887 1273 4960 gentilitatis
1302 4888 1610 4955 ostendere,
1641 4904 1789 4960 qua-

174 4975 223 5031 si
256 4976 559 5032 esurientes
592 4977 731 5048 pulli
763 4976 897 5033 huic
926 4992 1093 5033 corvo
1121 4992 1301 5032 escam
1324 4993 1477 5033 suam
1502 4977 1654 5048 prius
1675 4976 1782 5032 cla-

180 5064 386 5121 mando
438 5073 494 5120 et
539 5065 893 5139 postmodum
931 5063 1181 5137 vagando
1227 5064 1580 5138 quaesierunt.
1631 5064 1786 5121 Unde

257 5265 274 5298 ¹
310 5262 514 5320 Omnes
539 5263 670 5319 Mss.
704 5263 880 5319 nostri
902 5262 981 5319 ita
993 5261 1199 5319 habent
1222 5280 1237 5331 ;
1270 5270 1327 5319 at
1349 5261 1525 5329 Editi,
1555 5261 1644 5317 sed
1668 5278 1787 5317 cum

170 5335 526 5408 reproborum
550 5335 852 5408 multitudo.

246 5408 269 5442 ¹
296 5406 522 5478 Εὶποὶο,
555 5407 761 5478 aliique
789 5408 1001 5478 Norm.,
1036 5406 1091 5461 in
1114 5407 1417 5462 universam
1440 5406 1626 5460 mundi
1652 5423 1786 5477 par-

174 5484 294 5533 tem.
325 5478 450 5534 Val.
484 5476 566 5534 Cl.
608 5476 855 5534 etCorh.
890 5477 1098 5545 Germ.,
1148 5478 1205 5532 in
1237 5479 1576 5533 universa....
1606 5476 1778 5548 parte.

247 5552 269 5585 ³
304 5549 570 5621 Vindoc.,
599 5549 744 5603 vobis
772 5550 981 5619 quidem
1010 5551 1297 5621 oportebat.

247 5623 268 5656 ‘
299 5619 567 5680 Vindoc..
600 5621 842 5677 intraret.

246 5694 267 5727 ⁵
302 5692 499 5759 Gilot.,
532 5692 803 5747 Gussanv.
830 5699 884 5747 et
909 5691 1163 5747 nonnulli
1185 5692 1358 5759 Editi,
1382 5698 1428 5746 et
1442 5692 1780 5761 prmdieanti-

172 5763 269 5818 bus
291 5779 483 5835 parco,
506 5770 698 5819 contra
724 5764 974 5819 omnium
992 5772 1319 5835 nostrorum
1351 5765 1475 5818 Mss.
1512 5762 1780 5835 ﬁdem,in

171 5834 380 5909 quibus
400 5835 604 5907 legitur
630 5852 807 5907 pasco,
840 5841 903 5891 ut
930 5834 1095 5890 etiam
1126 5834 1184 5890 in
1215 5842 1323 5892 vet.
1346 5835 1476 5903 Ed.,
1499 5834 1685 5909 sicque
1708 5834 1780 5889 le-

1899 4716 2020 4763 ctor
2049 4707 2270 4762 interna
2291 4704 2555 4777 mysteria
2572 4718 2766 4759 eorum
2788 4701 3043 4758 sensibus
3068 4717 3180 4757 non
3204 4699 3504 4766 ministrat,

1897 4813 2035 4869 quos
2084 4795 2265 4851 adhuc
2294 4794 2362 4849 ab
2403 4792 2509 4849 hoc
2550 4792 2752 4849 saeculo
2782 4805 3131 4864 nequaquam
3160 4806 3217 4846 se
3242 4786 3505 4859 abjecisse

1897 4887 2237 4945 considerat.
2270 4885 2489 4952 Quanto
2518 4883 2689 4955 igitur
2708 4880 2974 4954 discipuli
2997 4880 3242 4937 exterius
3270 4894 3365 4950 per
3393 4877 3506 4932 cul-

1894 4983 2016 5032 tum
2048 4976 2179 5030 vitae
2193 4974 2479 5047 praesentis
2500 4972 2686 5028 minus
2707 4971 2867 5045 quasi
2888 4968 3033 5041 nigri
3062 4977 3213 5035 sunt,
3241 4973 3395 5024 tanto
3410 4981 3507 5036 per

1893 5066 2078 5122 cibum
2111 5062 2267 5119 verbi
2298 5062 2532 5119 interius
2579 5062 2769 5117 minus
2797 5059 3081 5131 replentur
3110 5074 3125 5124 ;
3161 5063 3218 5111 et
3250 5071 3360 5130 quo
3388 5069 3447 5109 se
3474 5069 3507 5110 a

1892 5257 2128 5332 gendum
2160 5256 2357 5329 prohat
2383 5258 2543 5313 locus
2571 5253 2666 5327 qui
2696 5252 2999 5324 exponitur
3043 5265 3057 5306 :
3088 5249 3184 5320 qui
3221 5253 3508 5321 praeparat

1986 5349 2047 5384 υο
2078 5346 2267 5384 escam.

1986 5349 2015 5384 υ
2105 5347 2267 5383 scam.

1891 5348 1985 5438 om;
2014 5347 2237 5457 fleecent.
2268 5397 2498 5465 Excusi,
2529 5412 2658 5453 cum
2708 5393 2875 5453 Corb.
2918 5392 3131 5463 Germ.,
3168 5394 3509 5450 considerare

1889 5474 2213 5544 nigredinem
2234 5470 2565 5544 infirmitatis
2578 5467 2842 5540 propriae,
2868 5481 3081 5544 merum
3106 5468 3507 5544 glossemaquo

1890 5538 2075 5602 carent
2108 5551 2215 5598 vet.
2250 5538 2426 5607 Edit.,
2459 5538 2723 5612 abestque
2759 5555 2789 5593 a
2818 5545 2938 5593 eaet.
2972 5538 3102 5612 Mss.
3137 5538 3501 5612 Laud.,~Va_l.

1890 5616 1995 5684 CL,
2049 5615 2304 5680 Vindoc.,
2354 5608 2811 5684 Ebroicensibus,
2858 5611 3024 5684 et__al.
3077 5612 3265 5666 Norm.
3327 5608 3502 5665 Corb.

1890 5681 2073 5743 Germ.
2116 5686 2280 5758 paulo
2308 5692 2436 5739 ante
2467 5683 2634 5758 habet
2668 5700 2679 5737 :
2714 5683 2800 5736 cui
2825 5681 3054 5752 quidem.

1962 5762 1980 5794 ⁷
2018 5756 2277 5824 Viridoc.,
2309 5756 2622 5809 cretestibus.

1964 5832 1984 5865 ⁸
2015 5822 2277 5897 Vindoc.,
2301 5827 2527 5895 Pratel.,
2563 5825 2733 5895 Utic.,
2764 5822 3038 5899 conspicit.
