3920 6380
466 349 573 409 M3

1686 357 1936 417 SANCTI
1977 359 2318 422 GREGORII
2351 365 2580 426 MAGNI

3685 380 3795 439 544

465 475 752 574 corpora-li.
766 475 941 548 gloria
968 493 1082 536 non
1109 488 1402 550 evacuant,
1447 496 1514 540 eo
1555 499 1589 540 a
1633 482 1870 557 spiritali
1915 485 2067 544 refe-
2097 491 2150 551 A
2176 504 2350 548 onera
2379 491 2560 550 dorsis
2587 493 3021 568 praecedentium
3043 508 3442 573 superponunt,
3465 503 3686 579 sibique
3713 505 3796 564 in-

465 563 648 621 ctione
677 561 953 636 jejunant.

533 650 623 710 34.
657 653 814 709 Secus
841 655 890 710 si
917 655 975 711 in
999 656 1318 728 confessione
1341 664 1672 730 peccatorum
1702 661 2072 720 humilientur.

461 771 534 784 —
561 741 619 800 Si
648 757 780 799 vero
801 741 859 799 in
879 744 1230 804 confessiOne
1258 747 1388 804 vita:
1407 748 1700 820 prateritae
1732 750 1958 809 lamenti
1983 752 2073 809 sui

466 831 704 904 gemitus
733 833 885 888 velut
910 833 1280 906 nigrescentes
1324 838 1540 909 plumas
1581 837 1882 910 proferant,
1921 840 2073 899 illico

461 919 522 978 in
564 922 1028 994 contemplatione
1059 923 1256 981 doctor
1295 924 1364 980 ad
1405 941 1587 983 escam
1622 927 1690 984 de
1738 929 2072 988 sublimibus

461 1008 838 1081 deferendam,
881 1013 1036 1085 quasi
1079 1013 1360 1084 pullorum
1415 1015 1775 1074 refectionem
1822 1018 2070 1091 cogitans

459 1124 682 1179 corvus,
715 1109 886 1179 volat,
923 1111 1108 1184 eisque
1155 1111 1444 1169 hiantibus
1487 1113 1546 1170 in
1587 1131 1681 1172 ore
1711 1111 1858 1170 972
1883 1117 2071 1174 cibum

459 1206 702 1270 revocat,
732 1199 864 1256 dum
885 1216 957 1258 ex
988 1217 1052 1258 ea
1079 1202 1451 1276 intelligentia
1479 1219 1645 1278 quam
1675 1207 1902 1278 cmperit
1935 1222 2074 1262 esu-

459 1287 732 1346 rientibus
766 1289 1054 1364 discipulis
1083 1291 1352 1349 alimenta
1382 1293 1516 1351 vitae
1549 1294 1824 1367 loquendo
1847 1295 2071 1353 submi-

459 1375 676 1434 nistrat.
722 1379 872 1446 Quos
905 1386 1060 1438 tanto
1120 1379 1408 1438 ardentius
1453 1381 1523 1440 de
1568 1383 1822 1456 supernis
1869 1383 2068 1454 reﬁcit,

457 1474 665 1542 quanto
687 1468 873 1527 verius
900 1486 933 1526 a
957 1471 1152 1528 mundi
1180 1473 1369 1530 nitore
1389 1472 1700 1547 nigrescere
1730 1473 2068 1547 pmnitentiae

457 1555 850 1616 lamentatione
877 1561 1182 1632 cognoscit.

528 1645 616 1704 35.
653 1648 768 1716 Quo
792 1648 972 1718 major
989 1656 1065 1706 est
1091 1649 1388 1718 humilitas,
1417 1651 1598 1722 major
1617 1653 1776 1710 etiam
1803 1669 1918 1726 spes
1940 1669 2067 1726 pro-

455 1742 650 1794 vectus.
673 1765 741 1778 —
761 1736 907 1794 Pulli
925 1745 1108 1795 autem
1137 1738 1272 1795 dum
1300 1739 1463 1812 nigro
1482 1756 1540 1796 se
1558 1756 1864 1813 pennarum
1881 1741 2066 1798 colore

457 1827 726 1896 vestiunt,
755 1827 823 1884 de
848 1845 906 1886 se
933 1829 1099 1886 etiam
1130 1829 1376 1886 volatum
1417 1833 1770 1904 promittunt,
1803 1833 1934 1906 quia
1955 1849 2065 1907 quo

458 1915 632 1988 magis
646 1914 906 1988 discipuli
925 1916 1140 1990 abjecta
1157 1917 1224 1975 de
1251 1935 1278 1975 s
1292 1935 1322 1976 θ
1341 1919 1614 1990 sentiunt,
1633 1938 1743 1996 quo
1761 1922 1938 1996 magis
1953 1939 2069 1982 sese

457 2005 823 2080 despicientes
843 2007 1112 2080 aﬂligunt,
1135 2025 1200 2066 eo
1217 2010 1463 2084 amplius
1490 2029 1643 2085 spem
1665 2022 1960 2086 provectus
1979 2015 2067 2071 sui

456 2096 516 2154 in
545 2096 741 2154 altiora
756 2097 1107 2170 pollicentur.
1141 2099 1296 2158 Unde
1324 2108 1379 2158 et
1407 2109 1564 2158 curat
1585 2101 1782 2160 doctor
1799 2103 2062 2160 festinati.

457 2185 573 2243 tius
615 2186 761 2244 alere
799 2203 940 2262 quos
977 2186 1092 2260 jam
1129 2204 1226 2262 per
1267 2189 1516 2264 quaedam
1564 2191 1772 2250 indicia
1813 2193 2068 2266 providet

456 2289 613 2348 posse
640 2283 695 2332 et
722 2274 848 2332 aliis
875 2275 1157 2349 prodesse.
1195 2277 1337 2336 Hinc
1363 2279 1512 2336 enim
1543 2279 1901 2337 Timotheum
1931 2281 2066 2338 Pau-

454 2363 544 2421 lus
571 2363 850 2434 admonet,
900 2367 1054 2423 velut
1103 2367 1506 2440 plumescentes
1546 2369 1728 2443 pullos
1769 2369 2067 2430 sollicitius

452 2455 688 2524 nutrire,
717 2454 850 2512 dum
881 2455 1020 2515 dicit
1053 2473 1066 2513 :
1101 2459 1229 2527 Qua:
1257 2459 1459 2516 audisti
1484 2477 1615 2516 ame
1639 2478 1739 2534 per
1755 2462 1949 2518 multos
1971 2467 2065 2518 tes-

455 2551 548 2612 tes,
564 2547 671 2603 huic
691 2549 993 2605 commenda
1013 2549 1254 2622 ﬁdelibus
1273 2550 1592 2620 hominibus,
1613 2552 1707 2623 qui
1720 2551 1894 2608 idonei
1910 2559 2065 2608 erunt

453 2643 503 2692 et
527 2637 666 2693 alios
697 2638 878 2695 docere
908 2639 994 2711 (ΙΙ
1028 2641 1164 2697 Tim.
1197 2656 1260 2710 ιι,
1291 2641 1372 2714 2).
1405 2641 1536 2710 Quae
1567 2641 1831 2700 doctrinae
1861 2643 2063 2702 discre-

452 2725 532 2783 tio
560 2725 694 2783 dum
722 2735 880 2784 caute
909 2744 941 2784 a
960 2729 1315 2802 praedicatore
1336 2731 1680 2802 custoditur,
1710 2731 1761 2788 ei
1788 2731 2063 2790 divinitus

450 2814 655 2889 largior
695 2817 853 2892 copia
892 2818 1302 2892 praedicationis
1353 2819 1536 2877 datur.
1585 2821 1728 2878 Dum
1769 2822 1919 2880 enim
1967 2839 2064 2896 per

447 2903 773 2963 charitatem
802 2906 1042 2980 compati
1066 2907 1290 2966 afﬂictis
1314 2909 1580 2982 dicipulis
1605 2910 1782 2980 novit,
1814 2911 1947 2968 dum
1965 2928 2062 2985 per

446 2992 834 3052 discretionem
867 3013 1172 3070 congruum
1204 2997 1474 3055 doctrinae
1509 3006 1726 3073 tempus
1773 2999 2058 3074 intelligit,

446 3081 562 3156 ipse
592 3100 704 3142 non
732 3086 910 3144 solum
943 3103 1043 3161 pro
1070 3103 1147 3156 se,
1178 3087 1275 3144 sed
1300 3088 1467 3144 etiam
1491 3105 1590 3162 pro
1619 3089 1717 3158 eis,
1749 3090 1953 3164 quibus
1983 3091 2056 3147 la-

445 3171 596 3230 boris
623 3175 710 3231 sui
743 3175 929 3232 studia
953 3176 1248 3248 impendit,
1285 3177 1498 3250 majora
1527 3179 1908 3252 intelligentiae.
1945 3197 2058 3238 suae

446 3277 674 3320 munera
691 3264 945 3338 percipit.
965 3264 1120 3323 Unde
1142 3264 1236 3324 hic
1256 3281 1476 3340 quoque
1497 3275 1622 3340 apte
1641 3267 1848 3326 dicitur
1881 3287 1894 3326 :
1926 3270 2055 3338 Quis

439 3359 721 3424 prmparat
742 3369 898 3410 corvo
918 3369 1086 3410 escam
1111 3371 1286 3424 suam,
1303 3357 1517 3427 quando
1532 3357 1677 3429 pulli
1689 3359 1804 3428 ejus
1822 3359 2057 3414 clamant

443 3441 518 3497 ad
542 3441 734 3508 Deum,
765 3448 1014 3514 vagantes
1037 3460 1095 3500 eo
1122 3445 1265 3515 quod
1297 3462 1404 3500 non
1431 3446 1658 3502 habeant
1683 3447 1823 3503 cibos
1853 3449 1880 3504 ἲ
1913 3447 2051 3506 Cum

444 3527 594 3584 enim
626 3529 768 3604 pulli
795 3538 858 3586 ut
887 3529 1158 3588 satientur
1185 3533 1448 3602 clamant,
1479 3549 1646 3592 corvo
1673 3551 1796 3592 esca
1825 3552 2050 3609 praepa-

444 3623 617 3686 ratur,
634 3619 766 3692 quia
778 3619 912 3675 dum
935 3621 1166 3678 verbum
1197 3622 1295 3679 Dei
1317 3622 1451 3680 boni
1473 3623 1755 3681 auditores
1774 3625 2046 3694 esuriunt,

441 3723 542 3780 pro
570 3707 885 3767 reﬁciendis
931 3711 1010 3768 eis
1053 3710 1263 3784 majora
1307 3711 1627 3772 doctoribus
1665 3713 2049 3790 intelligentiae

441 3794 586 3854 dona
616 3797 964 3856 tribuuntur.
990 3800 1253 3874 Sequitur
1284 3817 1297 3857 :

757 3940 988 4001 CAPUT
1018 3943 1072 4000 X
1101 3941 1242 4019 [νει.
1274 3945 1424 4014 XVI,
1458 3945 1579 4003 Rec.
1606 3943 1735 4021 IX].

508 4056 638 4118 CAP.
657 4075 866 4130 χχχιχ,
888 4058 1060 4116 Vnus.
1094 4061 1233 4118 1.-
1251 4059 1512 4132 Nunquid
1533 4062 1674 4117 nosti
1704 4067 1905 4134 tempus
1915 4078 2046 4136 par-

435 4152 520 4204 tus
544 4148 810 4206 ibicumin
813 4149 1006 4222 petris,
1020 4152 1104 4208 vel
1123 4151 1485 4224 parturientes
1501 4167 1682 4208 cervas
1709 4152 2044 4211 observasti?

505 4237 594 4294 36.
631 4239 747 4294 Cur
771 4239 1021 4310 magistri
1046 4240 1357 4310 spirituales
1376 4241 1434 4296 in
1469 4241 1692 4298 ibicibus
1723 4249 1772 4298 et
1789 4243 1956 4299 cervis
1973 4243 2044 4298 si-

429 4326 600 4398 gnati.
625 4326 830 4384 lbicum
857 4328 1158 4400 descriptio.
1193 4329 1297 4396 Qui
1324 4329 1465 4384 cervi
1505 4329 1730 4400 ﬂumina
1759 4333 2045 4388 transmit-

433 4421 566 4472 tant.
601 4418 731 4486 Quae
754 4417 964 4491 agimus
1007 4418 1156 4490 apud
1187 4419 1352 4475 Deum
1389 4435 1448 4476 eo
1475 4420 1643 4493 magis
1677 4428 1914 4478 crescunt
1938 4439 2042 4494 quo

429 4507 578 4582 apud
617 4525 715 4565 nos
744 4525 846 4582 per
879 4507 1229 4566 humilitatem
1266 4509 1584 4567 decrescunt.
1625 4541 1698 4554 —
1738 4511 2043 4571 Meridiana

429 4612 557 4670 pars
592 4595 765 4655 ibices
783 4613 914 4654 aves
949 4605 1130 4666 vocat,
1159 4614 1280 4672 quae
1298 4598 1411 4656 Nili
1440 4597 1666 4658 ﬂuentis
1695 4600 2030 4660 inhabitant.
2075 4597 2123 4658 D

429 4685 728 4745 Orientalis
759 4703 892 4744 vero
917 4686 1399 4763 Occidentalisque
1420 4689 1580 4764 plaga
1607 4707 1778 4764 parva
1798 4693 2034 4766 quadru-

427 4774 589 4850 pedia
625 4775 796 4834 ibices
822 4776 1298 4851 nominatquibus
1317 4785 1372 4836 et
1393 4778 1564 4835 moris
1579 4787 1662 4836 est
1677 4780 1734 4836 in
1757 4781 1927 4853 petris
1943 4799 2032 4855 pa-

424 4881 567 4936 rere,
599 4865 730 4940 quia
756 4883 936 4942 neque
963 4867 1152 4925 sciunt
1180 4866 1288 4923 nisi
1319 4867 1380 4924 in
1400 4868 1571 4940 petris
1599 4868 1868 4926 habitare.
1903 4871 2034 4940 Quae

381 4939 390 4950 ’
424 4955 471 5012 si
487 4939 709 5030 quando
728 4939 892 5014 etiam
910 4955 979 5013 de
993 4957 1120 5014 altis
1139 4939 1814 5016 saxorumicacuminibus
1841 4967 2031 5029 ruunt,

423 5045 483 5102 in
512 5045 629 5102 suis
655 5061 713 5104 se
739 5045 1005 5104 cornibus
1037 5045 1210 5103 illaesa
1247 5044 1584 5119 suscipiunt.
1615 5045 1793 5122 Caput
1829 5049 2032 5124 quippe

423 5143 642 5193 ruentes
671 5136 901 5206 feriunt,
923 5135 1083 5211 cujus
1106 5135 1239 5192 dum
1258 5135 1443 5208 prima
1460 5152 1668 5194 cornua
1698 5139 1714 5174 ¹
1746 5147 2034 5212 opponunt

423 5224 488 5281 ﬁt
513 5241 678 5283 omne
705 5243 907 5300 corpus
933 5243 966 5284 a
990 5226 1210 5301 jactura
1237 5243 1397 5286 casus
1429 5228 1694 5286 alienum.
1729 5228 2032 5288 Cervarum

423 5330 553 5372 vero
583 5317 753 5372 moris
781 5325 863 5374 est
892 5317 1148 5376 inventos
1191 5325 1473 5394 serpentes
1515 5320 1884 5394 exstinguere,
1927 5339 2032 5380 eo-

423 5420 656 5480 rumque
685 5409 932 5466 membra
961 5409 1238 5468 morsibus
1277 5411 1571 5470 dilaniare.
1617 5413 1816 5470 Fertur
1844 5421 2028 5470 autem

423 5494 556 5565 quia
581 5494 628 5550 si
658 5496 878 5568 quando
907 5497 1139 5556 ﬂumina
1187 5508 1502 5571 transeunt,
1529 5501 1774 5574 capitum
1801 5518 2027 5558 suorum

497 5703 514 5779 ξ
545 5703 798 5779 Plerique
823 5703 1008 5779 Norm.
1033 5711 1090 5758 et
1119 5705 1387 5774 Vindou.,
1409 5714 1703 5779 apponunt.
1775 5699 1788 5714 “

495 5773 517 5807 ³
555 5773 754 5841 Laud.,
785 5774 1074 5846 excipiunt.

493 5847 513 5879 ³
541 5846 831 5904 Omittitur
858 5845 920 5901 de
954 5846 1010 5902 in
1040 5845 1214 5901 Laud.

2185 579 2364 640 vicem
2407 583 2763 644 succedentes
2810 585 3054 646 laborem
3096 589 3362 663 ponderis
3405 595 3638 651 omnino
3683 613 3799 654 non

2183 671 2449 729 sentiunt.
2501 673 2648 742 Quid
2677 683 2760 732 est
2787 691 2916 750 ergo
2944 678 3094 752 quod
3143 679 3338 738 beatus
3378 681 3481 738 Job
3524 683 3593 740 de
3637 693 3802 758 partu

2183 761 2394 822 ibicum
2438 782 2838 842 cervarumque
2867 769 3184 842 discutitur,
3223 772 3331 828 nisi
3363 773 3497 847 quia
3525 774 3583 832 in
3613 776 3802 834 cervis

2183 853 2272 909 vel
2303 853 2542 912 ibicibus
2571 857 2956 930 magistrorum
2988 861 3324 933 spiritalium
3347 878 3580 935 persona
3610 864 3801 938 signa-

2181 953 2276 1004 tur
2303 948 2330 1006 ?
2356 947 2466 1022 Ipsi
2498 949 2700 1024 quippe
2720 951 2875 1009 velut
2904 953 3078 1012 ibices
3107 955 3164 1012 in
3187 957 3362 1028 petris
3393 956 3644 1029 pariunt,
3667 958 3803 1032 quia

2182 1037 2240 1095 in
2269 1038 2522 1096 doctrina
2559 1047 2800 1114 patrum,
2841 1043 2938 1117 qui
2969 1052 3136 1116 petrae
3167 1061 3265 1118 pro
3295 1045 3576 1104 soliditate
3613 1049 3802 1106 vocati

2180 1135 2330 1198 sunt,
2377 1129 2446 1186 ad
2496 1132 2917 1188 conversionem
2961 1134 3176 1190 animas
3213 1134 3467 1208 gignunt.
3501 1137 3613 1210 Ipsi
3643 1138 3801 1194 velut

2181 1217 2351 1275 ibices
2381 1219 2592 1276 nullius
2606 1238 2766 1278 casus
2793 1222 2994 1280 damna
3021 1225 3289 1293 sentiunt,
3307 1225 3440 1282 dum
3460 1225 3518 1282 in
3539 1227 3660 1284 suis
3675 1245 3798 1286 cor-

2180 1308 2344 1367 nibus
2366 1311 2388 1346 ³
2414 1312 2796 1384 excipiuntur,
2815 1315 2946 1387 quia
2961 1315 3236 1390 quidquid
3265 1317 3346 1372 eis
3374 1317 3552 1374 ruinas
3581 1326 3798 1392 tempo-

2179 1399 2310 1456 ralis
2353 1403 2670 1472 accesserit,
2715 1404 2772 1460 in
2817 1407 3162 1463 testamentis
3198 1423 3367 1464 sacrae
3406 1407 3711 1483 Scriptura
3741 1427 3799 1467 se

2177 1489 2508 1562 suscipiunt,
2537 1498 2592 1548 et
2621 1493 2775 1566 quasi
2804 1509 3074 1552 cornuum
3117 1497 3445 1570 exceptione
3475 1498 3790 1557 salvantur.

2175 1577 2254 1632 De
2284 1576 2372 1634 bis
2402 1580 2550 1636 enim
2570 1583 2912 1640 testamentis
2940 1583 3153 1642 dictum
3181 1593 3265 1642 est
3292 1604 3305 1642 :
3344 1587 3566 1646 Cornua
3586 1595 3714 1646 sunt
3741 1589 3798 1646 in

2173 1668 2418 1724 manibus
2447 1669 2562 1740 ejus
2593 1673 2818 1743 (Hahae.
2853 1690 2936 1743 ιιι,
2968 1673 3050 1747 4).
3091 1675 3178 1732 Ad
3218 1677 3632 1750 Scripturarum
3664 1695 3797 1754 ergo

2174 1758 2608 1815 consolationem
2641 1761 2945 1833 refugiunt,
2975 1761 3109 1820 dum
3135 1763 3322 1838 aliqua
3348 1767 3676 1840 temporalis
3706 1784 3795 1825 ca-
3849 1759 3864 1785 '

2096 1862 2143 1924 Β
2177 1863 2269 1904 sus
2299 1847 2516 1920 jactura
2559 1850 2859 1908 feriuntur.
2906 1855 3112 1910 Annon
3155 1869 3310 1912 more
3353 1855 3586 1927 ibicum,
3619 1855 3796 1932 hujus

2179 1935 2373 1994 mundi
2403 1937 2836 1998 adversitatibus
2863 1941 3086 2012 cadens,
3104 1944 3262 2018 quasi
3295 1944 3354 2001 in
3373 1945 3492 2002 suis
3519 1962 3578 2004 se
3607 1947 3793 2005 corni-

2177 2026 2281 2084 bus
2309 2027 2620 2101 excipiebat
2633 2030 2858 2100 Paulus,
2881 2048 3008 2090 cum
3025 2031 3234 2091 diceret
3258 2051 3270 2089 :
3297 2036 3636 2108 Quaecunque
3655 2037 3794 2092 scri-

2171 2133 2268 2199 pta
2297 2131 2438 2196 sunt,
2467 2129 2542 2185 ad
2559 2137 2798 2186 nostram
2817 2131 3117 2186 doctrinam
3145 2125 3291 2186 973
3320 2131 3521 2205 scripta
3550 2139 3701 2201 sunt,
3733 2141 3794 2189 ut

2169 2234 2270 2290 per
2283 2221 2598 2291 patientiam
2614 2227 2661 2276 et
2679 2221 3087 2277 consolationem
3109 2221 3520 2295 Scripturarum
3541 2223 3794 2296 spemha-

2177 2307 2385 2366 beamus
2423 2311 2605 2380 (Rom.
2639 2327 2735 2378 xv,
2767 2309 2825 2382 4)
2847 2310 2876 2367 ἳ
2894 2311 3004 2382 Ipsi
3025 2311 3193 2368 etiam
3215 2327 3392 2368 cervas
3419 2313 3605 2370 vocati
3635 2321 3790 2383 sunt,

2175 2396 2320 2454 sicut
2343 2415 2440 2472 per
2465 2399 2757 2456 Jeremiam
2791 2399 2812 2434 ³
2839 2397 2907 2456 de
2936 2397 3258 2458 doctoribus
3287 2400 3503 2476 genitos
3522 2400 3674 2460 ﬁlios
3703 2402 3792 2460 in-

2173 2494 2330 2543 caute
2359 2487 2736 2546 deserentibus
2765 2489 2973 2546 dicitur
3002 2507 3015 2546 :
3055 2489 3228 2546 Cerva
3262 2491 3319 2545 in
3336 2509 3468 2562 agro
3479 2493 3712 2566 peperit,
3743 2500 3793 2549 et

2172 2579 2390 2650 reliquit
2407 2579 2620 2652 (Jerem.
2641 2597 2760 2650 xxv,
2778 2581 2860 2653 5).
2878 2580 3009 2653 Ipsi,
3026 2598 3179 2638 more
3193 2599 3508 2653 cervarum,
3525 2583 3790 2641 interemo

2173 2667 2282 2739 ptis
2300 2667 2474 2736 vitiis,
2505 2669 2660 2742 quasi
2689 2670 2982 2727 exstinctis
3011 2671 3359 2744 serpentibus
3389 2673 3616 2743 vivunt,
3647 2682 3704 2732 et
3719 2674 3792 2732 de

2173 2755 2290 2829 ipsa
2342 2757 2712 2816 exstinctione
2756 2759 3044 2830 vitiorum,
3077 2760 3144 2818 ad
3190 2761 3400 2820 fontem
3432 2761 3566 2820 vitae
3605 2763 3793 2822 acrius

2171 2844 2544 2905 inardescunt.
2577 2847 2732 2906 Unde
2754 2848 3046 2907 Psalmista
3073 2849 3183 2908 ait:
3213 2851 3363 2908 Sicut
3379 2869 3564 2908 cervus
3585 2853 3790 2910 deside-

2169 2941 2258 2992 rat
2285 2937 2356 2992 ad
2374 2935 2544 3008 fontes
2571 2955 2862 3009 aquarum,
2894 2939 2973 2996 ita
3001 2939 3464 2997 desideratanima
3487 2958 3604 2998 mea
3617 2941 3693 2997 ad
3715 2947 3787 3009 te,

2167 3025 2311 3082 Deus
2339 3027 2520 3095 (Psal.
2554 3044 2668 3094 xm,
2701 3028 2780 3101 2).
2823 3029 2932 3102 Ipsi
2975 3030 3140 3085 etiam
3170 3029 3303 3086 dum
3343 3029 3585 3088 labentia
3613 3030 3788 3106 hujus

2168 3121 2277 3171 tem
2283 3115 2598 3190 poralitatis
2614 3128 2894 3177 momenta
2913 3119 3070 3194 quasi
3093 3119 3344 3195 quaedam
3361 3119 3595 3180 ﬂumina
3607 3131 3790 3182 trans-

2167 3213 2322 3274 eunt,
2349 3207 2746 3280 compatientes
2775 3208 3066 3280 charitate,
3087 3227 3257 3268 onera
3283 3229 3383 3269 sua
3401 3211 3507 3270 sibi
3532 3213 3782 3272 invicem

2163 3305 2562 3370 superponunt,
2595 3298 2720 3371 quia
2761 3306 2923 3356 cauta
2953 3299 3336 3358 observatione
3365 3302 3694 3362 custodiunt
3719 3303 3785 3362 id

2161 3385 2310 3458 quod
2339 3386 2609 3458 scriptum
2639 3394 2722 3444 est
2754 3405 2766 3444 :
2798 3389 3028 3444 Invicem
3055 3407 3219 3446 onera
3252 3397 3427 3447 vestra
3453 3399 3690 3464 portate,
3722 3402 3780 3451 et

2159 3474 2234 3530 sic
2249 3475 2606 3548 adimplebitis
2627 3479 2784 3551 legem
2807 3478 3010 3536 Christi
3033 3480 3239 3552 (Galat.
3263 3496 3344 3549 vr,
3369 3479 3449 3552 2).
3473 3482 3616 3550 Quia
3633 3500 3776 3542 vero

2160 3571 2282 3636 post
2312 3565 2611 3622 adventum
2640 3567 2868 3623 Domini
2897 3567 3174 3640 spiritales
3189 3569 3438 3640 magistri
3464 3587 3562 3644 per
3593 3589 3776 3630 mun-

2159 3651 2291 3710 dum
2318 3654 2491 3726 sparsi
2521 3661 2671 3725 sunt,
2697 3656 2794 3730 qui
2814 3655 3132 3714 auditorum
3153 3658 3364 3716 animas
3395 3661 3416 3695 ‘
3447 3660 3507 3716 in
3535 3677 3770 3720 conver-

2157 3743 2311 3800 sione
2333 3759 2520 3816 parere
2541 3744 2891 3818 praedicando
2911 3747 3238 3818 potuissent,
3265 3755 3319 3806 et
3338 3749 3470 3823 quia
3490 3749 3599 3808 hoc
3617 3752 3770 3810 idem

2156 3839 2374 3906 tempus
2393 3833 2794 3892 incarnationis
2813 3835 3038 3892 Domini
3049 3843 3177 3894 ante
3188 3837 3582 3912 prophetarum
3599 3857 3769 3900 voces

2154 3923 2436 3996 cognitum
2467 3939 2580 3981 non
2617 3923 2748 3993 fuit,
2795 3927 3050 3999 quamvis
3079 3926 3270 3984 futura
3309 3928 3429 4002 ipsa
3457 3929 3771 3990 incarnatio

2155 4013 2488 4086 praecognita
2515 4013 2777 4071 omnibus
2807 4015 2998 4074 electis
3027 4016 3154 4086 fuit,
3186 4017 3325 4076 bene
3353 4018 3548 4077 beatus
3564 4020 3671 4078 Job
3701 4021 3771 4078 de
3881 4067 3883 4070 ‹

2153 4110 2398 4176 tempore
2417 4111 2606 4176 partus
2623 4104 2832 4162 ibicum
2848 4122 3248 4184 cervarumque
3267 4109 3590 4181 discutitur,
3607 4113 3772 4187 eique

2153 4192 2358 4249 dicitur
2391 4211 2403 4250 :
2436 4193 2695 4265 Nunquid
2709 4195 2847 4250 nosti
2863 4201 3061 4270 tempus
3074 4205 3269 4271 partus
3285 4199 3478 4256 ibicum
3499 4201 3558 4256 in
3571 4203 3769 4274 petris,

2150 4283 2232 4338 vel
2262 4282 2624 4354 parturientes
2651 4300 2833 4340 cervas
2863 4285 3154 4343 observasti
3181 4290 3210 4345 i’
3237 4289 3320 4346 Ac
3345 4289 3393 4346 si
3413 4288 3634 4348 dicatur
3661 4291 3718 4347 ei
3751 4309 3762 4348 :

2150 4369 2362 4428 Idcirco
2391 4377 2444 4428 te
2465 4372 2638 4443 egisse
2658 4373 2873 4447 aliquid
2901 4375 3216 4434 sublimiter
3235 4377 3440 4448 credis,
3459 4379 3592 4454 quia
3619 4379 3768 4438 illud

2148 4466 2366 4533 tempus
2385 4460 2622 4518 necdum
2652 4463 2922 4535 praevides
2951 4482 3061 4540 quo
3090 4467 3366 4540 spiritales
3411 4470 3664 4544 magistri
3703 4471 3766 4530 in

2153 4549 2424 4634 mundum
2455 4551 2608 4608 missi
2639 4569 2737 4626 per
2767 4553 3078 4612 doctrinam
3124 4557 3482 4632 antiquorum
3533 4567 3761 4633 patrum

2151 4639 2297 4697 ﬁlios
2325 4649 2605 4713 generant,
2628 4644 2854 4717 suisque
2875 4644 3158 4703 laboribus
3177 4647 3488 4706 animarum
3513 4649 3654 4708 mihi
3677 4651 3764 4709 lu-

2145 4747 2237 4788 cra
2253 4740 2618 4805 comportant.
2637 4735 2776 4792 Nam
2797 4735 2846 4792 si
2867 4735 3093 4794 illorum
3108 4737 3352 4796 fructum
3371 4739 3531 4814 quasi
3544 4740 3762 4798 ibicum

2147 4838 2544 4896 cenarumque
2587 4833 2776 4896 partus
2816 4825 3108 4899 aspiceres,
3159 4827 3319 4886 valde
3354 4828 3648 4888 humiliter
3689 4831 3762 4888 de

2147 4915 2244 4966 tua
2273 4909 2482 4968 virtute
2511 4911 2763 4968 sentires.
2781 4913 2975 4987 Magna
2995 4914 3198 4988 quippe
3219 4931 3340 4990 quas
3356 4915 3574 4990 agimus
3599 4917 3759 4992 quasi

2147 4998 2381 5056 minima
2425 5000 2702 5072 ducimus,
2747 5020 2874 5062 cum
2916 5003 3035 5063 haec
3075 5021 3173 5079 per
3222 5005 3456 5064 fortiora
3499 5009 3760 5082 exempla

2147 5104 2460 5161 pensamus.
2499 5091 2606 5149 Sed
2635 5099 2770 5150 tunc
2795 5094 2940 5166 apud
2969 5096 3147 5152 Deum
3178 5106 3435 5154 crescunt
3463 5113 3563 5172 per
3591 5099 3755 5156 meri-

2145 5186 2287 5248 tum,
2318 5196 2448 5237 cum
2475 5181 2621 5254 apud
2642 5183 3008 5256 nosmetipsos
3036 5201 3133 5257 per
3161 5184 3539 5244 humilitatem
3567 5187 3756 5246 decre-

2145 5276 2326 5326 εοιιιιῐ.

2219 5414 2358 5490 [νει.
2387 5414 2596 5492 XVII.]
2629 5416 2718 5474 37.
2749 5418 2858 5475 Per
2877 5434 3078 5486 cervas,
3111 5420 3389 5487 doctores;
3445 5438 3546 5495 per
3572 5421 3750 5491 ibices,

2143 5506 2416 5561 auditores
2433 5511 2659 5578 possunt
2686 5507 2930 5579 intelligi.
2963 5510 3230 5583 Exempla
3248 5516 3560 5567 sanctorum
3589 5513 3752 5586 inspi-

2218 5715 2234 5746 ⁵
2269 5711 2513 5792 Εξιιοίο.,
2546 5711 2746 5782 Laud.,
2775 5713 2936 5773 Corb.
2969 5715 3180 5783 Germ.,
3215 5714 3338 5771 Val.
3373 5714 3484 5784 CL,
3517 5716 3577 5771 in
3616 5735 3750 5774 con-

2147 5789 2452 5839 versatione.
