3920 6446
98 412 203 470 545

838 409 1217 468 MORALIUM
1253 409 1387 466 LIB.
1428 408 1613 465 XXX.
1653 437 1726 453 —
1761 407 1835 467 IN
1872 408 2099 467 CAPUT
2129 410 2373 467 XXXIX
2413 412 2476 467 B.
2520 410 2665 467 JOB.

3307 411 3414 470 546

100 540 285 597 cienda.
330 536 487 610 Regis
512 536 696 594 David
722 536 998 593 humilitas
1022 541 1073 594 et
1095 534 1378 608 patientia.
1413 535 1703 593 Contume-
1730 536 1782 597 A
1811 536 1939 609 quia
1968 544 2233 609 perceptas
2253 534 2440 608 gratiae
2464 535 2741 603 meminit,
2766 537 2880 592 vim
2910 538 3086 611 culpae
3117 539 3414 596 imminen-

101 631 222 688 liosa
246 628 410 685 verba
450 643 559 683 non
602 625 860 692 convicia,
898 625 989 683 sed
1026 624 1319 696 adjutoria.
1348 623 1590 681 credidit.
1626 622 1703 680 Iis

99 720 263 794 gratia
288 717 460 790 magis
495 732 657 788 quam
684 714 770 771 ira
803 714 1037 772 debetur.
1069 745 1141 758 —
1167 715 1407 772 Possunt
1434 728 1567 769 vero
1591 728 1704 769 cer-

100 826 282 867 varum
327 805 737 881 signiﬁcatione
785 803 1066 874 doctores,
1107 804 1476 877 appellatione
1523 809 1705 858 autem

101 898 320 966 ibicum,
355 896 452 970 qui
482 894 748 952 animalia
774 902 907 952 sunt
936 894 1190 964 minima,
1223 893 1502 951 auditores
1531 890 1707 947 intel—

100 989 207 1064 ligi.
239 990 304 1045 In
334 988 510 1061 petris
538 1003 672 1044 vero
702 985 874 1043 ibices
894 987 1139 1060 pariunt,
1163 986 1295 1060 quia
1312 985 1383 1042 ad
1401 981 1708 1042 exercenda

99 1086 276 1136 saneta
305 1094 472 1152 opera
500 1094 598 1151 per
628 1076 883 1151 exempla
916 1084 1135 1151 patrum
1160 1075 1586 1149 praecedentium
1617 1072 1711 1129 fe-

99 1167 426 1236 cundantur,
476 1175 538 1225 ut
566 1184 694 1225 cum
725 1167 959 1225 fortasse
1000 1174 1279 1240 praecepta
1312 1162 1574 1221 sublimia
1601 1178 1709 1218 au-

100 1258 278 1335 diunt,
301 1265 377 1327 et,
409 1256 755 1314 inﬁrmitatis
785 1258 1021 1331 propriae
1049 1256 1281 1326 conscii,
1311 1271 1375 1311 ea
1395 1270 1451 1310 se
1480 1253 1709 1325 implere

99 1364 250 1421 posse
281 1345 570 1415 diﬁidunt,
621 1345 895 1419 majorum
927 1347 1099 1403 vitam
1129 1345 1494 1418 conspiciant,
1544 1349 1707 1414 atque

100 1440 153 1495 in
180 1454 374 1494 eorum
410 1435 760 1494 considerata
800 1435 1134 1493 fortitudine
1177 1435 1447 1492 bonorum
1479 1448 1707 1504 operum

99 1530 236 1587 fetus
265 1536 498 1603 ponant.
530 1527 602 1583 Ut
628 1525 778 1582 enim
812 1542 990 1598 pauca
1021 1525 1090 1584 de
1118 1524 1310 1581 multis
1341 1525 1552 1597 loquar,
1582 1537 1712 1594 qua-

98 1627 254 1676 tenus
302 1618 588 1675 studiosus
635 1615 809 1673 lector
858 1615 1034 1672 multa
1079 1614 1140 1671 in
1182 1613 1371 1686 paucis
1414 1611 1707 1683 intelligat,

104 1709 221 1779 iste,
275 1707 575 1764 verborum
616 1705 971 1763 contumeliis
1003 1719 1249 1777 pressus,
1291 1718 1419 1759 cum
1448 1700 1711 1755 virtutem

99 1798 375 1873 patientiae
403 1810 622 1854 servare
651 1810 763 1850 non
799 1792 1026 1863 suﬁicit,
1058 1791 1239 1849 David
1268 1791 1477 1849 factum
1508 1789 1576 1845 ad
1602 1805 1713 1845 me-

1812 627 1884 683 tis
1911 626 2092 699 fregit.
2126 626 2263 684 Cum
2292 627 2440 681 enim
2470 625 2724 697 voluptas
2752 625 2967 683 lubrica
2995 635 3175 685 tentat
3202 629 3262 685 in
3291 643 3415 701 pro-

1813 718 2006 791 speris,
2056 717 2174 774 haec
2215 717 2332 789 ipsa
2372 723 2505 772 sunt
2546 730 2808 789 prospera
2858 717 3051 774 aculeo
3096 716 3417 774 tentationis

1814 805 2161 879 opponenda,
2204 813 2268 861 ut
2308 822 2373 862 eo
2409 804 2797 862 erubescamus
2838 821 3008 877 prava
3047 806 3416 875 committere,

1815 913 1925 970 quo
1954 914 2055 954 nos
2094 914 2125 953 a
2157 899 2270 953 Deo
2300 895 2658 952 meminimus
2686 897 2709 932 ὀ
2753 896 2993 969 gratuito
3035 895 3184 952 bona
3224 909 3422 967 perce-

1816 988 1979 1060 pisse,
2013 995 2067 1043 et
2097 988 2305 1043 illatam
2341 988 2574 1059 gratiam
2603 986 2946 1043 exteriorum
2978 998 3271 1041 munerum
3301 997 3422 1039 ver-

1815 1084 2003 1134 tamus
2032 1077 2090 1133 in
2128 1092 2279 1134 arma
2306 1078 2604 1145 virtutum,
2650 1083 2715 1133 ut
2757 1076 2871 1133 sint
2910 1082 3039 1132 ante
3081 1074 3273 1132 oculos
3301 1087 3423 1146 quas

1818 1167 2182 1242 percepimus,
2234 1174 2288 1223 et
2328 1183 2451 1241 quae
2481 1183 2581 1224 nos
2612 1166 2873 1223 alliciunt
2902 1165 3242 1238 subigamus.
3284 1161 3427 1232 Quia

1819 1259 1967 1316 enim
1998 1259 2252 1331 voluptas
2282 1258 2399 1331 ipsa
2443 1273 2513 1315 ex
2559 1257 2922 1331 prosperitate
2955 1257 3223 1322 nascitur,
3268 1252 3427 1327 ejus-

1819 1352 1944 1409 dem
1976 1352 2357 1424 prosperitatis
2394 1360 2477 1408 est
2504 1350 2948 1409 consideratione
2978 1348 3245 1418 ferienda,
3280 1363 3427 1421 qua-

1819 1449 1980 1501 tenus
2008 1441 2185 1498 hostis
2204 1448 2390 1498 noster
2409 1440 2558 1497 unde
2587 1441 2786 1511 oritur,
2820 1440 2949 1497 inde
2970 1440 3258 1496 moriatur.
3283 1435 3424 1495 Con-

1821 1531 2177 1589 siderandum
2202 1532 2406 1606 quippe
2426 1538 2508 1588 est
2526 1547 2596 1588 ne
2615 1539 2901 1604 acceptum
2925 1545 3127 1586 munus
3148 1537 3428 1585 vertamus
3450 1536 3453 1543 '

1823 1622 1879 1677 in
1910 1622 2133 1691 vitium,
2172 1637 2241 1678 ne
2269 1638 2366 1694 per
2404 1622 2648 1679 favorem
2687 1621 2817 1678 vita:
2860 1636 2960 1676 nos
3000 1616 3290 1675 absorbent
3318 1632 3431 1673 vo-

1822 1729 1952 1785 rago
1981 1712 2265 1785 nequitiae.
2299 1713 2441 1768 Iram
2472 1727 2709 1785 namque
2738 1718 2930 1769 contra
2958 1726 3059 1767 nos
3076 1708 3303 1781 superni
3322 1705 3429 1778 ju-

1822 1801 1966 1859 dicis
1997 1801 2534 1874 inexstinguibiliter
2572 1800 2945 1867 accendimus,
2978 1798 3023 1855 si
3054 1803 3247 1855 contra
3274 1794 3430 1851 beni-

102 1888 339 1945 ωοῐίόῐῐι
369 1885 618 1955 reducat,
651 1900 813 1958 quem
844 1900 968 1941 cum
1001 1889 1086 1940 ἳοῖ
1114 1881 1294 1939 semei
1324 1878 1594 1972 ορυνίοίίε
1620 1892 1711 1972 ξιτ·
1739 1910 1788 1972 Β
1829 1892 2094 1965 gnitatem
2144 1890 2298 1947 illius
2327 1892 2492 1947 etiam
2526 1907 2597 1948 ex
2626 1890 2743 1963 ipsa
2788 1904 2887 1946 sua
2926 1888 3179 1961 largitate
3213 1900 3435 1959 pugna-

102 1986 266 2052 geret,
315 1984 371 2035 et
399 1976 598 2033 armati
629 1991 883 2048 proceres
910 1974 1106 2032 ulcisci
1138 1969 1556 2038 contenderent,
1587 1968 1665 2024 ait
1695 1985 1708 2023 :

104 2068 241 2137 Quid
266 2067 402 2123 mihi
432 2073 479 2122 et
506 2066 653 2122 vobis
672 2065 776 2139 ﬁlii
808 2064 1055 2123 Sarviw?
1086 2062 1348 2121 Dimittite
1374 2076 1491 2117 eum
1519 2064 1579 2114 ut
1604 2075 1714 2113 ma-

103 2157 331 2224 ledicat;
358 2155 621 2214 Dominus
649 2154 789 2213 enim
811 2154 1063 2227 pracepit
1093 2153 1143 2208 ei
1162 2157 1221 2209 ut
1247 2150 1579 2207 malediceret
1605 2147 1715 2203 Da-

98 2246 223 2312 vid;
272 2252 322 2302 et
349 2245 469 2318 quis
505 2250 583 2300 est
625 2244 720 2317 qui
759 2243 956 2300 audeat
999 2242 1191 2309 dicere,
1236 2257 1403 2312 quare
1432 2238 1506 2294 sic
1533 2235 1717 2307 fecerit

100 2337 194 2405 (ΙΙ
216 2335 346 2407 Reg.
379 2351 499 2403 xvr,
534 2333 624 2407 10)
644 2333 672 2391 ?
719 2333 792 2391 Et
822 2333 988 2406 paulo
1021 2340 1146 2405 post
1178 2349 1189 2388 :
1222 2330 1487 2388 Dimittite
1512 2343 1631 2382 eum
1660 2329 1719 2380 ut

101 2424 387 2480 maledicat
402 2423 569 2494 juxta
592 2429 914 2496 praeceptum
959 2420 1198 2485 Domini,
1229 2420 1276 2473 si
1304 2416 1444 2489 forte
1476 2414 1724 2487 respiciat

103 2515 367 2572 Dominus
408 2512 745 2587 afﬂictionem
786 2528 976 2580 meam,
1028 2516 1075 2566 et
1114 2508 1309 2565 reddat
1351 2504 1485 2561 mihi
1532 2503 1723 2558 bonum

100 2620 202 2676 pro
247 2602 618 2659 maledictione
668 2601 764 2657 hac
816 2599 1075 2657 hodierna
1119 2596 1307 2671 (Ibid.,
1350 2594 1464 2667 i2).
1511 2592 1724 2661 Quibus

105 2693 358 2767 profecto
386 2691 572 2762 verbis
602 2689 814 2747 indicat
841 2688 971 2763 quia
1013 2704 1112 2761 pro
1144 2691 1455 2759 perpetrato
1483 2680 1724 2738 Bethsa-

102 2783 199 2839 bee
239 2782 474 2851 scelere,
520 2786 907 2853 exsurgentem
951 2784 1147 2834 contra
1173 2792 1230 2833 se
1258 2773 1438 2831 ﬁlium
1485 2770 1724 2843 fugiens,

101 2869 329 2927 reduxit
386 2868 458 2925 ad
512 2868 762 2923 animum
817 2866 1027 2921 malum
1071 2862 1219 2937 quod
1264 2860 1626 2934 perpetravit,
1675 2866 1730 2915 et

102 2958 497 3033 aequanimiter
525 2956 756 3029 pertulit
785 2953 933 3028 quod
965 2952 1217 3018 audivit;
1249 2958 1303 3007 et
1329 2947 1731 3006 contumeliosa

106 3052 280 3109 verba
332 3064 449 3106 non
493 3054 608 3103 tam
657 3046 913 3103 convicia
956 3060 1121 3118 quam
1157 3039 1433 3113 adjutoria
1472 3035 1729 3104 credidit,

104 3141 314 3216 quibus
343 3155 403 3196 se
428 3142 581 3202 974
608 3135 833 3209 purgari
864 3133 1080 3206 sibique
1110 3128 1362 3187 misereri
1390 3142 1546 3201 posse
1568 3125 1732 3199 judi-

108 3239 287 3297 cavit.
336 3235 495 3293 Tunc
525 3233 675 3291 enim
723 3231 879 3288 illata
922 3228 1179 3287 convicia
1222 3225 1362 3282 bene
1404 3223 1727 3289 toleramus,

109 3345 242 3388 cum
277 3328 337 3383 in
368 3331 580 3383 secreto
610 3322 814 3380 mentis
843 3319 913 3377 ad
943 3320 1085 3375 male
1127 3321 1439 3390 perpetrata
1480 3311 1733 3369 recurri-

109 3417 415 3476 mus.Leve
437 3415 640 3488 quippe
660 3409 945 3468 videbitur
960 3407 1107 3482 quod
1135 3405 1343 3479 injuria
1363 3402 1729 3477 percutimur,

112 3510 252 3567 dum
286 3506 347 3564 in
390 3504 607 3562 actione
646 3508 837 3558 nostra
878 3498 1254 3571 conspicimus
1295 3493 1426 3569 quia
1460 3491 1615 3566 pejus
1657 3496 1739 3546 est

113 3597 275 3674 quod
318 3609 691 3661 mereremur;
740 3591 930 3665 sicque
970 3588 1035 3646 ﬁt
1074 3595 1139 3644 ut
1177 3581 1533 3644 contumeliis
1566 3580 1741 3654 gratia

112 3694 298 3767 magis
326 3706 491 3765 quam
523 3688 605 3744 ira
658 3684 944 3753 debeatur,
996 3696 1229 3754 quarum
1280 3678 1601 3734 interventu
1627 3674 1741 3730 Deo

108 3765 312 3857 judice
346 3796 510 3854 poena
537 3776 760 3851 gravior
787 3772 1058 3832 declinari
1088 3785 1247 3844 posse
1274 3765 1594 3825 conﬁditur.

192 3927 342 4003 [νει.
375 3923 617 3999 Χνιη.]
651 3922 739 3981 38.
780 3922 900 3990 Qua
942 3924 1060 3975 arte
1101 3917 1297 3987 Ioseph
1347 3912 1628 3970 luxuriam
1653 3909 1746 4003 vi-

115 3998 275 4075 cerit.
325 4016 553 4073 Illatam
587 4012 824 4085 gratiam
860 4007 1192 4066 exteriorum
1227 4004 1329 4061 Dei
1357 4016 1657 4067 munerum,
1687 3998 1748 4053 in

117 4124 288 4167 anna
306 4106 571 4163 virtutum
595 4106 983 4159 convertamus.
1014 4097 1217 4156 Contra
1240 4095 1410 4152 Deum
1433 4108 1499 4148 ea:
1527 4089 1639 4160 ejus
1669 4088 1747 4144 be-

116 4197 336 4273 neﬁciis
356 4210 604 4270 pugnare
629 4210 727 4250 nos
750 4188 1191 4266 pudeat—Ecce
1218 4184 1360 4242 alius
1387 4176 1748 4273 dum‘mundi

117 4268 301 4364 hujus
328 4268 674 4346 successibus
717 4280 960 4357 proﬁcit,
1008 4277 1363 4336 lenocinante
1390 4270 1575 4364 cordis
1604 4268 1744 4364 laeti-

120 4356 229 4450 tia,
257 4376 468 4436 tentari
495 4391 554 4433 se
582 4356 822 4432 luxurias
857 4367 1103 4428 stimulis
1128 4366 1337 4431 sentit;
1371 4364 1387 4399 ¹
1421 4359 1518 4418 sed
1547 4356 1751 4450 Ioseph

125 4447 347 4529 factum
378 4466 447 4524 ad
478 4464 804 4522 memoriam
834 4465 1079 4526 revocat,
1108 4463 1164 4513 et
1192 4455 1251 4511 in
1279 4468 1406 4510 arce
1434 4466 1490 4508 se
1519 4447 1752 4507 castita-

122 4561 203 4619 tis
231 4565 443 4617 servat.
473 4554 582 4624 Qui
612 4553 745 4610 dum
777 4550 885 4607 sibi
914 4565 948 4606 a
971 4545 1201 4605 domina
1225 4542 1575 4614 conspiceret
1603 4539 1625 4574 ³
1654 4552 1752 4610 pu-

125 4652 347 4710 dicitia;
398 4648 603 4705 damna
639 4642 882 4712 suaderi,
937 4640 1017 4696 ait
1050 4656 1062 4694 :
1121 4639 1255 4694 Ecce
1301 4632 1544 4691 dominus
1584 4644 1754 4695 meus,
1782 4642 1833 4703 ι)
1863 4632 1903 4712 ξιξ

126 4740 381 4799 omnibus
427 4736 560 4792 mihi
591 4733 830 4799 traditis,
877 4731 1095 4802 ignorat
1122 4725 1253 4797 quid
1298 4723 1486 4780 habeat
1513 4721 1573 4776 in
1601 4719 1754 4775 domo

127 4849 258 4898 sua,
305 4845 400 4885 nec
426 4826 717 4899 quidquam
759 4827 835 4878 est
859 4819 1004 4893 quod
1028 4832 1137 4873 non
1163 4815 1224 4870 in
1248 4826 1377 4869 mea
1392 4812 1463 4868 sit
1484 4814 1755 4884 potestate,

130 4923 154 4958 ³
178 4920 270 4977 uel
297 4935 407 4974 non
440 4914 731 4972 tradiderit
753 4911 889 4969 mihi
909 4915 1111 4982 prater
1140 4913 1206 4972 te,
1228 4921 1351 4977 quas
1371 4919 1516 4960 uxor
1540 4900 1655 4971 ejus
1671 4914 1761 4965 es;

130 5007 406 5082 quomodo
432 5024 555 5079 ergo
576 5019 793 5077 possum
821 5001 916 5058 hoc
936 4999 1146 5067 malum
1170 4995 1374 5082 facere,
1395 4999 1444 5049 et
1465 5005 1680 5082 peccare
1702 4987 1762 5043 in

132 5079 420 5155 dominum
433 5112 602 5152 meum
617 5093 830 5165 (Genes.
846 5104 1028 5147 χχχιι
1039 5131 1054 5155 ,
1072 5086 1128 5156 8,
1140 5084 1200 5158 9)
1214 5085 1244 5140 ‘l
1255 5081 1469 5152 Quibus
1480 5079 1664 5136 verbis
1678 5093 1763 5134 os-

132 5188 401 5246 tenditur
421 5186 555 5260 quia
579 5183 728 5241 bona
747 5199 871 5257 quae
890 5184 1174 5238 assecutus
1202 5174 1384 5231 fuerat
1413 5178 1634 5260 repente
1652 5183 1764 5224 me-

137 5279 342 5337 moria
371 5259 586 5345 intulit,
616 5282 671 5331 et
700 5274 909 5329 malum
930 5267 1080 5345 quod
1107 5282 1164 5325 se
1193 5262 1447 5339 pulsabat
1473 5259 1678 5327 evicit;
1709 5265 1766 5315 et

219 5501 239 5536 ¹
274 5500 340 5555 In
369 5497 574 5565 Editis,
607 5495 697 5551 sed
722 5494 769 5550 si
797 5492 1006 5565 Ioseph.
1039 5486 1286 5565 Abestji
1312 5501 1346 5565 _a
1373 5482 1503 5565 Mss.
1539 5476 1764 5565 Ebrqic.

142 5550 651 5645 dissignat,
678 5550 942 5633 Vindocf,
962 5562 1163 5630 Laud.,
1200 5557 1365 5617 Corb.
1398 5555 1608 5621 Germ.,
1642 5550 1764 5609 Val.

143 5642 247 5750 Cl"
269 5652 411 5772 (iiii.
438 5711 525 5770 Cl.
558 5717 613 5768 et
638 5709 838 5778 Laud.,
861 5704 1272 5780 impudicitiam.

212 5787 248 5869 ,ξ
274 5764 582 5869 Diuiditur
598 5764 900 5838 tiri-ite].
934 5764 998 5834 ‘e:
1029 5776 1197 5843 Utic.,
1242 5771 1323 5829 uel
1349 5786 1456 5826 non
1485 5764 1774 5824 tradiderit

148 5859 262 5914 mih

226 5876 404 5996 ίηλιη
433 5924 674 5998 gratuita
698 5922 852 5990 bona,
884 5927 948 5978 ut
973 5918 1033 5977 in
1061 5915 1259 5974 Pratel.
1282 5921 1338 5972 et
1366 5911 1530 5972 Corb.
1557 5909 1768 5976 Germ.,

1827 1999 1967 2040 mus.

1899 2073 1987 2130 39.
2020 2072 2108 2128 Ad
2123 2070 2611 2144 contemplationem
2625 2068 2900 2126 anhelanti
2911 2067 3108 2125 Daniel
3124 2062 3432 2122 imitandus.

1829 2166 2005 2237 Sapor
2031 2163 2337 2219 carnalium
2370 2160 2756 2232 reprimendus.
2796 2158 3150 2215 Exteriorum
3176 2155 3439 2228 evagatio-

1826 2272 1943 2310 nem
1972 2253 2251 2321 cohibenti,
2282 2268 2505 2308 secessus
2532 2250 2761 2307 interior
2791 2250 3053 2323 aperitur.
3076 2247 3325 2304 —Alius
3358 2246 3439 2302 in-

1831 2353 1998 2401 ternae
2031 2343 2276 2401 scientiae
2306 2340 2660 2399 dulcedinem
2690 2355 2963 2415 quaerens,
3001 2355 3105 2395 nec
3133 2345 3320 2395 tamen
3346 2351 3444 2392 se-

1830 2442 1980 2492 creta
2008 2432 2128 2506 ejus
2153 2433 2471 2505 contingere
2499 2431 2824 2505 praevalens,
2855 2429 3102 2486 Danielis
3128 2427 3306 2483 vitam
3328 2426 3350 2461 ⁶
3372 2422 3443 2481 ad

1832 2522 2168 2582 imitandum
2189 2522 2477 2595 conspicit,
2496 2529 2551 2578 et
2564 2520 2933 2578 desideratum
2955 2518 3199 2576 scientiae
3219 2517 3441 2573 culmen

1833 2612 2218 2686 apprehendit.
2252 2613 2350 2668 Ille
2371 2611 2573 2685 quippe
2593 2610 2716 2683 quis
2737 2607 3090 2681 postmodum
3121 2621 3256 2662 voce
3281 2618 3443 2676 ange-

1834 2706 1942 2763 lica
1970 2722 2069 2779 pro
2099 2703 2434 2777 cognitionis
2467 2702 2699 2760 internae
2728 2697 3176 2773 concupiscentia
3199 2697 3287 2752 vir
3314 2694 3446 2751 desi-

1838 2795 2113 2852 deriorum
2135 2796 2341 2852 dicitur
2361 2794 2526 2865 (Dan.
2545 2809 2606 2862 x,
2628 2793 2744 2867 ll),
2779 2791 2932 2865 prius
2948 2791 3006 2847 in
3021 2791 3147 2847 aula
3161 2788 3313 2861 regia
3332 2804 3447 2845 car-

1838 2885 1927 2941 nis
1959 2884 2015 2939 in
2045 2899 2105 2939 se
2133 2882 2406 2939 desideria
2436 2880 2753 2938 edomuisse
2779 2887 3138 2947 memoratur,
3172 2885 3236 2933 ut
3266 2877 3345 2932 nil
3377 2892 3448 2933 ex

1839 2972 2260 3031 delectabilibus
2287 2971 2427 3028 cibis
2455 2971 2772 3042 attingeret,
2806 2968 2901 3026 sed
2932 2969 3096 3025 lautis
3124 2984 3188 3024 ac
3216 2967 3451 3023 mollio—
3476 3020 3479 3023 λ

1840 3064 1994 3120 ribus
2014 3062 2239 3118 duriora
2257 3070 2420 3133 atque
2440 3058 2717 3131 asperiora
2735 3056 2947 3113 cibaria
2960 3054 3243 3127 praeferret
3274 3054 3443 3125 (Dan.

1841 3171 1882 3223 ι,
1915 3154 2029 3226 12),
2058 3159 2121 3209 ιιι
2149 3150 2281 3207 dum
2310 3149 2417 3206 sibi
2435 3147 2744 3217 exterioris
2771 3145 2881 3203 cibi
2912 3142 3295 3200 blandimenta
3321 3141 3466 3199 sub-

1842 3242 2103 3311 traheret,
2131 3240 2201 3297 ad
2222 3238 2425 3296 interni
2455 3236 2644 3311 pabuli
2664 3235 3068 3292 delectamenta
3098 3232 3443 3306 perveniret;

1843 3340 1896 3388 et
1926 3338 2081 3388 tanto
2110 3328 2330 3387 avidius
2374 3335 2594 3401 gustum
2637 3324 2922 3398 sapientiai
2970 3323 3124 3379 intus
3151 3321 3448 3392 acciperet,

1846 3428 2052 3494 quanto
2081 3435 2328 3492 saporem
2359 3417 2540 3474 carnis
2560 3431 2659 3488 pro
2678 3413 2868 3471 eadem
2901 3411 3176 3485 sapientia
3202 3408 3339 3466 foris
3368 3422 3455 3464 ro-

1847 3510 2063 3568 bustius
2092 3507 2456 3582 repressisset.
2488 3505 2547 3562 Si
2578 3505 2727 3561 enim
2755 3519 2787 3559 a
2815 3518 2979 3560 carne
3006 3501 3114 3559 hoc
3144 3498 3293 3575 quod
3320 3499 3460 3557 libet

1850 3599 2247 3667 abscindimus,
2272 3600 2294 3634 ⁸
2325 3614 2459 3654 mox
2493 3596 2551 3652 in
2571 3594 2774 3668 spiritu
2803 3592 2950 3668 quod
2980 3591 3213 3648 delectet
3240 3588 3460 3646 inveni-

1851 3708 1995 3750 mus.
2026 3688 2331 3747 Intentioni
2360 3685 2562 3761 quippe
2588 3684 2811 3753 animae,
2858 3682 2907 3739 si
2935 3682 3181 3740 exterior
3211 3679 3463 3752 evagatio

1851 3780 2150 3849 clauditur,
2173 3777 2409 3837 interior
2436 3790 2683 3833 secessus
2711 3771 2975 3846 aperitur.
2999 3772 3137 3828 Nam
3165 3785 3275 3844 quo
3302 3776 3463 3825 extra

1854 3892 1912 3932 se
1939 3873 2119 3947 spargi
2152 3877 2374 3945 propter
2401 3865 2756 3939 disciplinam
2786 3878 2943 3919 mens
2973 3878 3088 3918 non
3120 3866 3321 3934 potest,
3344 3860 3364 3895 ⁷
3396 3874 3463 3916 eo

1854 3982 2019 4041 super
2065 3980 2122 4021 se
2170 3960 2456 4019 intendere
2497 3974 2593 4031 per
2636 3954 2945 4029 profectum
2990 3959 3192 4025 potest,
3237 3951 3370 4024 quia
3408 3956 3466 4005 et

1858 4058 1917 4114 in
1965 4056 2139 4112 altum
2183 4064 2426 4109 crescere
2474 4046 2637 4102 arbor
2679 4044 2913 4117 cogitur,
2963 4058 3084 4115 quae
3135 4054 3232 4113 per
3277 4053 3463 4094 ramos

1859 4145 2099 4204 diffundi
2119 4141 2478 4217 prohibetur;
2506 4144 2561 4194 et
2578 4151 2705 4195 cum
2725 4135 2875 4190 rivos
2900 4132 3072 4188 fontis
3091 4128 3466 4196 obstruimus,

1858 4237 2068 4294 ﬂuenta
2089 4247 2312 4305 surgere
2332 4229 2402 4287 ad
2421 4227 2706 4301 superiora
2725 4238 3111 4298 provocamus.
3136 4219 3310 4293 Igitur
3329 4217 3467 4275 dum

1860 4326 2096 4389 studiosi
2126 4324 2333 4399 quique
2370 4325 2687 4377 sanctorum
2716 4315 2890 4372 vitam
2929 4310 3205 4370 imitando
3236 4307 3472 4399 conspif

1859 4420 2038 4488 ciunt,
2082 4394 2162 4473 in_
2184 4394 2355 4487 petris
2388 4410 2560 4467 ibices
2586 4408 2732 4465 fetus
2760 4412 2995 4479 ponunt.
3036 4402 3182 4459 Hinc
3209 4406 3294 4456 est
3323 4394 3474 4472 quod
3586 4458 3587 4461 η

1863 4510 2140 4567 auditores
2182 4520 2310 4561 suos
2351 4500 2508 4575 quasi
2553 4497 2723 4555 ibices
2751 4495 2811 4552 in
2840 4493 3010 4568 petris
3039 4505 3227 4564 parere
3266 4489 3475 4547 Paulus

1863 4596 2211 4657 admonebat.
2257 4597 2404 4657 975
2434 4606 2562 4647 cum
2601 4584 2936 4644 enumeratis
2981 4581 3253 4654 majorum
3284 4579 3476 4638 virtu-

1864 4698 2014 4756 tibus
2038 4696 2245 4754 diceret
2277 4709 2290 4749 :
2325 4689 2583 4749 Habentes
2612 4692 2815 4743 tantam
2843 4681 3147 4755 impositam
3189 4679 3379 4735 nubem
3409 4684 3477 4735 te-

1867 4791 2048 4856 stium,
2098 4789 2406 4861 deponentes
2445 4798 2596 4839 omne
2628 4777 2864 4854 pondus,
2904 4780 2954 4831 et
2991 4774 3337 4830 circumstans
3358 4788 3474 4861 nos

1863 4860 2173 4954 peccatum,
2182 4894 2283 4949 per
2307 4874 2625 4949 patientiam
2653 4870 2675 4905 ⁸
2721 4881 3004 4924 curramus
3047 4863 3121 4919 ad
3144 4860 3479 4935 propositum

1869 4951 2020 5028 nobis
2048 4975 2309 5024 certamen
2342 4964 2534 5036 (Hebr.
2566 4977 2672 5028 χιι,
2702 4959 2781 5032 1).
2831 4958 2905 5013 Ει
2930 4969 3149 5012 rursum
3183 4968 3196 5008 :
3240 4951 3479 5018 Quorum

1870 5064 2127 5119 intuentes
2139 5059 2340 5116 exitum
2353 5050 2787 5116 conuersationis,
2804 5046 3091 5104 imitamini
3110 5043 3266 5117 ﬁdem
3282 5038 3478 5113 (Hebr.

1873 5171 1998 5222 xm,
2030 5153 2109 5226 7).

1948 5220 2087 5319 [rei
2120 5237 2298 5313 XIX]
2345 5236 2433 5294 to.
2472 5236 2607 5291 Cum
2632 5231 2818 5290 divina
2839 5232 3106 5303 praecepta
3133 5220 3479 5296 concipimus,

1878 5470 1936 5527 in
1967 5484 2077 5541 quo
2105 5465 2268 5539 paulo
2297 5467 2422 5519 ante
2449 5475 2581 5530 quos
2604 5472 2721 5512 nos.

1949 5543 1970 5577 ὃ
2002 5539 2177 5577 Drntnl
2255 5536 2328 5577 nd.
2356 5532 2719 5577 imihtirmem-

1951 5536 2225 5606 5'Pratel.,
2255 5536 2328 5592 ad
2356 5536 2719 5589 imitationem.

1951 5615 1973 5649 θ
2003 5610 2238 5669 Vindoc.
2270 5615 2324 5664 et
2352 5607 2427 5678 pl.
2460 5604 2830 5678 Norm.,_m_oa{
2854 5597 2912 5651 in
2944 5594 3161 5678 Christq
3184 5592 3354 5678 quo‘d.

1952 5687 1971 5721 ⁷
2003 5662 2239 5740 Ita—his;
2272 5662 2408 5752 pene
2437 5690 2650 5739 omnes,
2661 5662 2834 5727 'Editi
2862 5684 2961 5741 pro
2977 5662 3247 5723 intendere
3275 5662 3487 5719 habent

1882 5756 2204 5883 mitiﬁcae.
2234 5831 2289 5881 et
2317 5820 2482 5882 Corb.
2514 5819 2725 5888 Germ.,
2752 5828 3037 5871 curramus
3054 5798 3410 5884 propositum.
