3920 6380
469 379 574 436 547

1669 371 1915 430 SANCTI
1949 369 2289 430 GREGORII
2344 370 2571 427 MAGNI

3681 367 3788 424 548

469 521 574 559 non
597 502 776 558 statim
798 499 1154 573 partui-imus.
1185 530 1257 542 —
1284 499 1390 558 Sed
1417 515 1545 557 cum
1573 498 1765 555 divina
1797 504 2066 570 praecepta
2096 501 2148 559 A
2176 497 2396 570 quantis
2425 495 2729 565 doloribus,
2775 496 2930 570 quasi
2961 493 3292 568 quibusdam
3332 493 3626 550 conatibus
3657 494 3789 550 ani-

466 589 631 648 corde
655 593 671 625 ¹
702 589 1068 662 concipimus,
1099 605 1212 659 non
1241 589 1426 645 statim
1457 589 1612 661 quasi
1637 587 1750 660 jam
1782 586 1955 642 solide
1985 602 2073 641 co-

466 679 636 750 gitata
665 679 1025 750 parturimus.
1059 679 1215 734 Unde
1244 689 1298 735 et
1325 678 1516 733 beatus
1543 676 1645 732 Job
1675 693 1785 730 non
1815 675 1882 730 de
1912 682 2071 746 partu

465 767 694 836 ibicum,
728 767 823 824 sed
853 767 920 823 de
951 774 1197 839 tempore
1227 775 1414 838 partus
1445 765 1768 837 inquiritur.
1801 765 1960 832 Quod
1989 765 2069 820 vi-

465 857 669 914 delicet
697 866 913 928 tempus
948 859 994 913 si
1025 859 1083 913 in
1125 858 1542 928 nobismetipsis
1572 857 1669 911 vix
1699 855 2072 927 comprehen-

463 947 668 1015 dimus,
704 947 878 1002 multo
901 948 1075 1018 magis
1095 948 1150 1002 in
1175 949 1356 1003 aliena
1387 954 1568 1002 mente
1587 947 1884 1002 nescimus.
1911 945 2070 1002 Prius

465 1041 615 1092 enim
647 1036 875 1107 superni
915 1036 1136 1092 timoris
1177 1037 1388 1092 semina
1419 1043 1576 1091 utero
1603 1034 1786 1091 cordis
1819 1045 2070 1107 suscepta

462 1140 560 1198 per
600 1124 1016 1180 meditationem
1065 1124 1237 1181 studii
1288 1125 1649 1196 coagulantur
1685 1131 1748 1180 ut
1789 1132 2066 1192 maneant,

463 1215 814 1287 postmodum
827 1215 1038 1282 ,stricta
1051 1214 1357 1270 intentione
1367 1214 1719 1286 cogitationis
1733 1213 1915 1279 afﬁxa,
1934 1213 2065 1268 dum

463 1303 535 1361 ad
563 1303 912 1360 discretionis
942 1303 1210 1358 rationem
1241 1302 1498 1370 tendunt,
1521 1302 1679 1374 quasi
1709 1303 1766 1357 in
1798 1301 2066 1356 membro-

463 1409 588 1449 rum
617 1391 1035 1448 distinctionem
1067 1391 1411 1458 formantur;
1444 1390 1790 1457 dehinc,usu
1821 1405 2066 1462 perseve-

461 1482 656 1541 rantia
687 1483 708 1518 ³
740 1481 1066 1540 conﬁrmata
1094 1483 1248 1537 velut
1277 1481 1335 1536 in
1376 1481 1710 1536 soliditatem
1741 1480 1944 1535 ossium
1977 1494 2067 1532 ve-

461 1573 657 1640 niunt;
687 1571 756 1628 ad
783 1580 1093 1628 extremum
1115 1587 1266 1638 vero,
1291 1570 1536 1642 perfecta
1555 1570 1880 1625 auctoritate
1910 1567 2068 1624 robo-

461 1671 600 1731 rata,
637 1661 794 1734 quasi
825 1661 883 1716 in
929 1668 1151 1733 partum
1200 1659 1535 1730 procedunt;
1581 1675 1701 1731 quae
1730 1657 2069 1713 incrementa

462 1752 786 1810 divinorum
809 1751 1084 1806 seminum
1107 1750 1296 1805 nullus
1327 1750 1384 1804 in
1404 1750 1583 1805 aliena
1608 1757 1790 1804 mente
1819 1746 2066 1803 conside-

2181 603 2296 642 mas
2326 587 2384 642 in
2413 585 2520 641 ﬁde
2550 593 2604 642 et
2624 585 3040 642 conversatione
3063 583 3404 656 parturiunt;
3434 598 3601 656 quam
3627 592 3790 641 cauta

2180 692 2236 730 se
2266 675 2650 732 observatione
2697 674 3176 746 circumspiciunt,
3235 679 3298 729 ut
3352 672 3465 728 sint
3514 673 3688 729 fortes
3731 673 3788 729 in

2181 765 2486 836 praeceptis,
2523 769 2670 828 976
2707 764 3103 836 compatientes
3147 762 3202 817 in
3249 759 3696 829 inﬁrmitatibus,
3731 761 3789 816 in

2180 861 2347 916 minis
2388 863 2687 929 terribiles,
2722 861 2778 916 in
2808 859 3289 916 exhortationibus
3333 857 3547 926 blandi,
3601 859 3660 913 in
3691 875 3793 913 os—

2179 950 2460 1006 tendendo
2484 951 2802 1022 magisterio
2823 949 3080 1016 humiles,
3114 949 3172 1004 in
3193 965 3376 1006 rerum
3395 948 3789 1020 temporalium

2179 1048 2500 1112 contemptu
2530 1041 2900 1108 dominantes,
2935 1041 2991 1095 in
3023 1039 3324 1096 tolerandis
3355 1037 3793 1095 adversitatibus

2179 1129 2368 1199 rigidi,
2408 1137 2461 1184 et
2492 1137 2677 1185 tamen
2727 1129 2861 1185 dum
2911 1130 3058 1184 vires
3101 1145 3228 1185 suas
3268 1127 3493 1183 sibimet
3522 1144 3636 1183 non
3679 1127 3793 1182 tri-

2179 1219 2378 1286 buunt,
2406 1219 2614 1274 inﬁrmi
2641 1262 2654 1286 ,
2687 1227 2926 1291 quantus
2953 1220 3026 1274 sit
3051 1218 3130 1274 eis
3161 1218 3320 1273 dolor
3340 1217 3406 1273 de
3435 1216 3788 1284 cadentibus,

2178 1316 2418 1380 quantus
2439 1309 2507 1364 de
2528 1309 2804 1364 stantibus
2827 1309 3023 1375 timor;
3055 1324 3165 1380 quo
3191 1307 3406 1362 fervore
3425 1305 3533 1361 alia
3553 1305 3791 1378 adipisci

2177 1405 2462 1468 appetunt,
2493 1414 2603 1469 quo
2647 1414 2848 1470 pavore
2880 1397 2988 1452 alia
3030 1396 3224 1468 adepta
3253 1403 3600 1452 conservant.
3648 1393 3791 1461 Quia

2178 1485 2348 1555 igitur
2371 1502 2768 1557 perpaucorum
2796 1495 2879 1542 est
2906 1486 3010 1542 ista
3041 1501 3287 1557 pensare,
3309 1485 3447 1540 bene
3473 1485 3523 1540 ei
3545 1483 3786 1540 dicitur:

2186 1575 2272 1631 Vel
2293 1575 2652 1645 parturientes
2675 1593 2855 1632 cervas
2875 1575 3203 1631 observasti?

2249 1685 2388 1761 [νει.
2423 1686 2572 1762 XX]
2615 1688 2702 1745 43.
2739 1689 2842 1757 Qui
2866 1705 2965 1760 per
2993 1689 3224 1759 vigorem
3269 1686 3564 1757 disciplina:
3603 1692 3792 1758 patres

2176 1781 2316 1842 sunt,
2345 1793 2444 1846 per
2466 1777 2680 1847 pietatis
2708 1779 2910 1832 viscera
2939 1778 3043 1831 sint
3068 1783 3284 1831 matres.
3311 1805 3382 1816 —
3411 1776 3499 1830 Nil
3531 1791 3667 1830 vero
3693 1774 3789 1830 ob-

461 1847 567 1910 ηε»
590 1839 698 1895 ﬂigi
732 1840 849 1912 ipse
877 1839 972 1937 qui
993 1847 1160 1937 “real;
1184 1839 1320 1894 Nam
1351 1837 1451 1937 “Si.
1483 1836 1786 1910 quemlibet
1807 1833 1920 1937 iam
1950 1833 2066 1888 Vim
2101 1860 2148 1920 B
2179 1833 2482 1937 stat'quod.
2519 1866 2687 1921 verba
2733 1868 2877 1922 Deus
2918 1866 2985 1922 de
3026 1865 3348 1922 doctoribus
3395 1864 3624 1934 faciens,
3675 1882 3790 1920 non

460 1945 708 2002 supernae
739 1928 1198 2000 concupiscentia
1228 1927 1543 2000 concepisse
1573 1923 1938 1998 quarumdam
1967 1939 2066 1979 re-

465 2035 590 2075 rum
628 2017 979 2074 attestatione
1027 2019 1432 2090 cognoscimus,
1477 2015 1698 2091 quando
1739 2021 1926 2070 tamen
1957 2015 1978 2048 ³
2007 2013 2066 2068 in

460 2115 618 2182 partu
647 2117 899 2180 erumpat
930 2109 1269 2180 ignoramus.

528 2253 617 2310 41.
665 2254 894 2322 Quidam
926 2253 1063 2324 fet-us
1092 2251 1322 2308 abortivi
1366 2255 1508 2317 sunt,
1549 2248 1677 2320 quia
1724 2246 2064 2319 praematuri.

458 2344 613 2399 Bona
644 2349 822 2398 tenera
851 2344 1082 2398 humana
1123 2343 1238 2398 laus
1267 2337 1572 2409 exstinguit.
1603 2366 1674 2378 -—
1703 2335 1854 2407 Saepe
1881 2343 2063 2391 autem

457 2439 722 2504 concepta
765 2439 947 2488 mente
989 2431 1202 2487 semina
1244 2427 1533 2501 pervenire
1565 2425 1632 2482 ad
1670 2417 2072 2498 perfectionem

459 2529 758 2596 nequeunt,
806 2522 934 2594 quia
975 2519 1204 2576 oriendo
1235 2526 1450 2590 tempus
1480 2523 1666 2587 partus
1711 2512 2060 2571 antecedunt.

460 2612 532 2666 Et
562 2611 691 2682 quia
722 2611 955 2666 necdum
988 2611 1146 2682 plene
1179 2610 1200 2642 ⁴
1231 2608 1288 2663 in
1318 2606 1648 2678 cogitatione
1677 2606 1910 2661 formata
1939 2611 2064 2658 ante

460 2698 735 2754 humanos
755 2698 945 2754 oculos
967 2697 1260 2770 prodeunt,
1277 2697 1430 2751 velut
1446 2695 1698 2750 abortiva
1728 2694 2059 2749 moriuntur.

459 2785 611 2842 Bona
641 2787 842 2860 quippe
869 2785 1052 2841 adhuc
1072 2793 1277 2852 tenera,
1314 2785 1637 2855 plerumque
1668 2781 1909 2836 humana
1945 2783 2063 2836 lin-

461 2891 586 2949 gua,
618 2877 752 2932 dum
777 2875 890 2948 jam
923 2876 1076 2949 quasi
1101 2875 1265 2930 fortia
1293 2874 1498 2940 laudat,
1530 2872 1852 2944 exstinguit.
1887 2871 2062 2926 Tanto

457 2966 604 3022 enim
637 2965 866 3022 celerius
901 2965 1184 3031 occidunt,
1227 2972 1432 3036 quanto
1461 2961 1530 3017 ad
1572 2961 1778 3016 favoris
1807 2961 2060 3016 notitiam

455 3053 843 3126 intempestive
861 3061 1246 3126 prorumpunt.
1266 3054 1673 3124 Nonnunquam
1705 3067 1836 3106 vero
1863 3051 2059 3122 imper-

454 3142 598 3199 fecta
623 3153 811 3200 nostra
851 3141 1113 3215 cogitatio
1143 3141 1378 3197 necdum
1411 3140 1685 3208 roborata,
1730 3138 1862 3194 dum
1894 3138 2060 3195 citius

2175 1970 2489 2023 cervorum,
2538 1956 2633 2011 sed
2675 1972 2961 2012 cervarum
3005 1971 3097 2010 eos
3130 1955 3309 2026 specie
3350 1953 3622 2026 designat,
3657 1955 3793 2028 quia

2177 2042 2447 2099 nimirum
2473 2044 2494 2078 ⁸
2525 2045 2609 2100 illi
2645 2045 2762 2100 veri
2791 2046 3040 2102 doctores
3069 2052 3219 2112 sunt,
3242 2043 3336 2116 qui
3358 2061 3484 2100 cum
3515 2060 3613 2116 per
3632 2044 3790 2116 vigo-

2178 2148 2292 2187 rem
2324 2132 2634 2204 disciplinaa
2665 2141 2844 2205 patres
2873 2142 3023 2200 sunt,
3056 2149 3152 2204 per
3181 2132 3402 2204 pietatis
3433 2133 3648 2188 viscera
3670 2150 3791 2190 esse

2179 2227 2380 2276 matres
2405 2231 2702 2279 noverunt.
2758 2222 2863 2290 Qui
2915 2221 3126 2277 labores
3155 2229 3358 2277 sanctae
3403 2223 3793 2294 conceptionis

2177 2312 2436 2380 tolerant,
2468 2321 2522 2368 et
2550 2311 2912 2384 proferendos
2929 2314 3041 2367 Deo
3063 2311 3206 2367 ﬁlios
3235 2312 3381 2368 intra
3409 2321 3630 2368 uterum
3660 2312 3790 2368 cha-

2175 2400 2358 2455 ritatis
2387 2410 2628 2473 portant.
2674 2404 2736 2458 In
2764 2401 2976 2457 edenda
3015 2403 3162 2456 enim
3195 2401 3348 2473 prole
3379 2402 3620 2473 amplius
3657 2418 3790 2457 ma-

2175 2495 2284 2544 tres
2315 2489 2588 2558 laborant,
2631 2507 2751 2563 quze
2780 2497 3116 2546 crescentem
3145 2490 3291 2545 intra
3318 2498 3541 2546 uterum
3576 2507 3792 2546 conce-

2176 2577 2442 2649 ptionem,
2475 2580 2641 2651 longo
2673 2581 2946 2635 mensium
2978 2587 3222 2651 tempore
3251 2579 3548 2647 sustinent,
3577 2586 3633 2634 et
3663 2596 3786 2652 quae

2173 2683 2242 2720 ex
2282 2674 2439 2722 utero
2482 2669 2867 2740 procedentem
2918 2684 3030 2723 non
3073 2668 3191 2723 sine
3235 2669 3446 2739 magnis
3493 2667 3789 2724 doloribus

2172 2754 2477 2826 deponunt.
2512 2757 2666 2814 Unde
2696 2765 2749 2812 et
2789 2757 2880 2814 hic
2907 2763 3034 2829 apta
3069 2755 3508 2812 consnderatione
3538 2756 3788 2828 subjun-

2173 2845 2321 2916 gitur
2353 2861 2366 2901 :

2627 2943 2856 3000 CAPUT
2893 2944 2972 2999 x1
3011 2941 3154 3015 (nec.
3185 2943 3282 3018 X].

2242 3043 2414 3101 Vnus.
2447 3044 2502 3100 2.
2533 3075 2604 3086 —
2631 3043 2997 3100 Dinumerasti
3021 3061 3215 3099 menses
3245 3050 3517 3115 conceptus
3541 3061 3742 3101 earum
3761 3049 3788 3104 Ῡ

2239 3142 2326 3199 44.
2361 3143 2466 3198 Per
2493 3160 2782 3214 congruum
2813 3149 3011 3215 tempus
3039 3149 3281 3214 concepta
3309 3143 3506 3198 soboles
3527 3143 3585 3196 in
3604 3145 3790 3202 cordis

455 3233 776 3291 hominibus
795 3233 1127 3302 ostenditur,
1149 3232 1523 3287 resistentium
1543 3231 1876 3286 adversitate
1895 3229 2056 3285 dissi-
2092 3221 2135 3282 C
2171 3237 2318 3287 utero
2347 3231 2597 3302 gestanda
2628 3237 2687 3285 ut
2717 3232 2875 3286 vivat.
2908 3263 2978 3273 —
3004 3232 3190 3288 Sancti
3233 3230 3380 3287 enim
3413 3230 3521 3286 viri
3550 3248 3684 3289 cum
3719 3233 3787 3290 de

455 3330 647 3394 patur;
694 3332 749 3380 et
777 3340 904 3381 cum
934 3331 1166 3380 conatur
1193 3329 1320 3378 ante
1348 3329 1568 3394 tempus
1595 3320 1772 3376 videri
1803 3320 1932 3392 quia
1959 3321 2054 3389 sit,

455 3413 477 3446 ‘
508 3412 621 3482 agit
649 3421 710 3468 ut
737 3427 848 3466 non
871 3411 962 3466 sit.
981 3411 1167 3467 Sancti
1188 3417 1370 3465 autem
1391 3409 1523 3476 viri,
1555 3408 1686 3481 quia
1712 3415 1910 3464 cuncta
1937 3423 2056 3480 quae

452 3499 593 3558 bene
633 3501 878 3572 cogitant
926 3499 1148 3556 student
1194 3507 1257 3556 ut
1298 3499 1513 3555 occulte
1555 3498 1962 3564 convalescant,
2002 3504 2056 3553 et

453 3591 609 3664 quasi
654 3607 1000 3663 processuros
1032 3590 1176 3646 fetus
1215 3589 1366 3662 prius
1410 3589 1553 3644 intra
1584 3595 1806 3644 uterum
1855 3589 2056 3644 mentis

453 3679 716 3750 formant,
746 3687 892 3736 recte
919 3678 1110 3734 beatus
1133 3678 1236 3735 Job
1268 3677 1336 3734 de
1373 3685 1560 3750 partus
1589 3685 1833 3750 tempore
1859 3677 2055 3733 discu-

451 3769 610 3838 titur,
635 3769 792 3843 'quod
812 3768 1073 3825 videlicet
1092 3768 1396 3840 unicuique
1419 3767 1636 3840 quando
1657 3768 1729 3824 sit
1747 3782 2054 3839 congruum

452 3858 561 3915 nisi
588 3875 619 3915 a
637 3867 880 3916 creatore
907 3857 1173 3914 nescitur.
1199 3857 1304 3926 Qui
1339 3857 1472 3912 dum
1499 3859 1520 3893 ⁶
1542 3857 1843 3930 penetralia
1872 3855 2054 3913 cordis

451 3949 668 4020 aspicit,
717 3949 940 4023 quando
967 3949 1038 4007 ad
1067 3949 1365 4006 humanam
1409 3947 1666 4006 notitiam
1696 3947 1840 4004 bona
1868 3955 2056 4002 nostra

451 4055 690 4111 congrue
722 4047 1037 4109 nascantur,
1081 4038 1464 4113 apprehendit.
1512 4039 1657 4094 Bene
1689 4039 1872 4110 itaque
1901 4037 2054 4092 dici—

447 4134 542 4184 tur
573 4147 583 4184 :
624 4130 881 4200 Nunquid
908 4129 1046 4185 nosti
1091 4136 1289 4201 tempus
1321 4134 1514 4200 partus
1543 4127 1734 4182 ibicum
1763 4127 1818 4181 in
1843 4127 2054 4197 petris?

449 4219 532 4273 Ac
554 4217 601 4272 si
621 4228 806 4288 aperte
828 4219 1010 4275 dicat:
1042 4219 1112 4274 Ut
1133 4234 1254 4290 ego,
1285 4219 1380 4288 qui
1410 4217 1619 4272 ideirco
1647 4217 1946 4271 electorum
1980 4214 2052 4270 fe-

447 4312 540 4361 tus
559 4307 780 4362 vivaces
799 4307 962 4374 facio,
984 4309 1004 4342 7
1029 4309 1155 4380 quia
1180 4306 1430 4377 praescito
1445 4305 1501 4360 in
1523 4312 1766 4376 tempore
1788 4303 2049 4375 produco.

449 4395 596 4452 Bene
627 4402 810 4450 autem
843 4397 1064 4468 expleto
1109 4395 1224 4450 fetu
1265 4394 1583 4450 auditorum
1617 4392 1875 4450 subditur
1910 4411 1921 4448 :
1966 4393 2054 4450 Vel

441 4485 803 4557 parturientes
817 4502 998 4540 cervas
1017 4484 1306 4540 observasti
1325 4487 1352 4541 9
1380 4485 1751 4539 Parturientes
1766 4483 1913 4538 enim
1944 4499 2054 4538 cer-

2168 3321 2420 3394 profectu
2467 3319 2782 3377 auditorum
2827 3321 3093 3394 cogitant,
3150 3322 3306 3396 quasi
3345 3319 3460 3392 jam
3507 3321 3565 3376 in
3618 3331 3788 3380 utero

2167 3411 2584 3482 conceptionem
2637 3417 2875 3482 portant.
2924 3410 3029 3467 Sed
3057 3427 3183 3466 cum
3227 3409 3496 3466 nonnulla
3524 3427 3650 3483 quae
3685 3412 3787 3468 di-

2167 3499 2340 3556 cenda
2365 3507 2494 3555 sunt
2522 3498 2808 3568 differunt,
2840 3509 2895 3556 et
2926 3508 3114 3572 aptum
3144 3499 3260 3555 suis
3288 3498 3785 3557 exhortationibus

2165 3596 2382 3661 tempus
2417 3597 2689 3662 quaerunt,
2738 3590 2890 3644 velut
2914 3606 2946 3645 a
2976 3599 3136 3661 partu
3167 3605 3329 3662 quem
3359 3587 3479 3645 ﬁeri
3508 3597 3786 3662 appetunt

2165 3678 2224 3734 in
2271 3677 2543 3734 mensium
2588 3677 2909 3749 prolixitate
2961 3677 3282 3733 dilatantur.
3314 3678 3413 3754 _Et
3455 3694 3598 3750 saepe
3637 3679 3781 3736 dum

2166 3768 2413 3842 quaedam
2443 3785 2562 3841 quas
2594 3768 2862 3836 sentiunt,
2905 3767 3292 3840 intempestive
3319 3766 3503 3825 dicere
3530 3767 3785 3826 audien-

2166 3858 2315 3914 tibus
2334 3858 2554 3926 nolunt,
2587 3858 2646 3913 in
2669 3859 2786 3929 ipsa
2814 3857 3071 3914 tarditate
3093 3858 3433 3931 proferendae
3460 3861 3781 3927 sententiae,

2166 3949 2281 4005 sive
2310 3948 2379 4004 ad
2406 3947 2524 4004 haec
2551 3965 2673 4020 quae
2701 3947 2981 4004 suadenda
3008 3955 3157 4016 sunt,
3187 3965 3284 4006 seu
3309 3949 3379 4006 ad
3405 3950 3503 4006 illa
3530 3967 3655 4024 quae
3695 3953 3781 4008 in.

2165 4036 2458 4110 crepanda,
2480 4038 2715 4094 consilio
2745 4037 2929 4093 altiori
2958 4037 3271 4096 ﬁrmantur.
3302 4039 3374 4094 Et
3402 4037 3535 4094 dum
3564 4041 3780 4111 cogita-

2164 4134 2257 4182 tur
2299 4125 2416 4181 vita
2466 4126 2734 4195 ﬁliorum,
2773 4143 2876 4182 nec
2912 4135 3096 4183 tamen
3139 4135 3266 4184 ante
3311 4135 3530 4200 tempus
3579 4129 3780 4202 lingua

2165 4216 2458 4273 consilium
2489 4215 2689 4272 mentis
2717 4215 2892 4288 ejicit,
2933 4217 3089 4289 quasi
3111 4216 3229 4290 jam
3259 4225 3521 4290 concepta
3550 4219 3779 4277 soboles

2166 4307 2306 4361 intra
2338 4313 2555 4361 uterum
2583 4305 2800 4374 crescit,
2827 4313 2889 4360 ut
2916 4305 2984 4361 ad
3013 4306 3329 4363 auditorum
3360 4308 3617 4364 notitiam
3637 4317 3780 4367 tunc

2164 4395 2434 4452 sententia
2454 4395 2638 4451 cordis
2651 4402 2828 4464 exeat,
2861 4396 3083 4468 quando
3099 4399 3311 4470 prolata
3330 4398 3544 4454 utiliter
3565 4401 3588 4434 θ
3610 4401 3777 4472 quasi

2163 4501 2264 4558 per
2298 4501 2602 4556 congruum
2646 4493 2863 4556 tempus
2909 4494 3098 4558 partus
3137 4488 3310 4544 vivat.
3365 4489 3438 4543 Et
3477 4489 3610 4560 quia
3649 4487 3777 4546 haec

448 4589 546 4629 vas
565 4573 855 4630 observare
883 4582 964 4629 est
1001 4574 1128 4630 illos
1161 4573 1370 4629 labores
1400 4579 1614 4644 patrum
1648 4573 1742 4645 qui
1773 4573 2048 4644 spiritales
2081 4582 2129 4641 D
2164 4574 2418 4631 homines
2440 4574 2497 4630 in
2516 4575 2902 4646 magistrorum
2924 4584 3106 4632 mente
3137 4577 3356 4649 quando
3377 4580 3462 4632 vel
3487 4579 3776 4650 quomodo

445 4661 592 4719 ﬁlios
621 4671 886 4734 generant
913 4671 1074 4720 cauta
1101 4662 1542 4719 consideratione
1571 4678 1814 4734 pensare.

517 4753 605 4811 42.
646 4755 1065 4811 Praedicatorum
1093 4757 1302 4810 animas
1327 4753 1747 4824 parturientium
1784 4752 1876 4822 qui
1904 4752 2048 4806 dolo-

443 4861 550 4915 res,
595 4862 712 4916 quw
762 4845 923 4900 dotes.
955 4875 1026 4886 —
1063 4845 1302 4900 Solerter
1346 4843 1547 4916 quippe
1590 4841 1919 4898 intuendum
1967 4849 2049 4896 est

443 4935 592 5009 quod
621 4936 714 4993 hic
743 4953 926 4993 sermo
957 4944 1067 4992 tam
1105 4936 1399 5008 vigilanter
1427 4933 1789 5005 imprimitur,
1821 4941 1882 4988 ut
1900 4932 2045 4988 dica-

441 5033 553 5095 tur,
598 5027 908 5093 observasti,
945 5025 1076 5099 quia
1119 5026 1312 5098 utique
1357 5037 1756 5095 perpaucorum
1786 5029 1868 5077 est
1905 5038 2048 5094 pen-

442 5132 561 5172 sare
616 5118 740 5192 quis
798 5117 954 5174 labor
1007 5116 1081 5172 sit
1137 5116 1195 5171 in
1251 5112 1737 5186 praedicationibus
1787 5120 2042 5183 patrum;

479 5422 489 5432 .
518 5352 533 5387 ¹
569 5350 732 5408 Corb.
765 5353 974 5420 Germ.,
1005 5350 1253 5416 Ebroic.,
1282 5347 1482 5404 Pratel.
1515 5354 1568 5402 et
1595 5347 1810 5413 Norm.,
1839 5346 2042 5418 conspi-

443 5438 831 5560 cm'mlslindoc”
861 5493 1060 5548 Pratel.
1093 5503 1147 5549 et
1176 5493 1344 5560 Utic.,
1374 5490 1632 5561 formata,
1654 5489 1902 5560 Ebroic.,
1923 5507 2041 5546 con-

441 5562 696 5632 famula.

514 5637 536 5670 ³
567 5635 710 5690 Pler.
729 5635 957 5706 Norm.,
995 5635 1052 5689 in
1075 5641 1312 5706 partum.

515 5707 539 5742 ‘
568 5705 818 5778 Ebroic.,
849 5707 903 5760 in
925 5705 1238 5778 cognitione.

514 5779 536 5812 ⁶
567 5776 719 5836 Editi
748 5793 874 5834 eum
908 5776 1070 5834 Corb.
1107 5777 1318 5841 Germ.,
1347 5777 1504 5849 quasi
1525 5778 1706 5849 agitur
1729 5783 1788 5830 ut
1815 5794 1921 5831 non
1951 5776 2038 5849 sit.

468 5864 502 5902 n
529 5849 862 5922 quibusdam
892 5856 1076 5903 tamen
1106 5853 1216 5903 vet.
1247 5847 1523 5904 omittitur
1546 5847 1724 5921 quasi.
1753 5847 2040 5922 Expressi-

2159 4672 2391 4735 agantur
2435 4665 2710 4736 ignorant,
2759 4667 2904 4722 Deus
2938 4681 3068 4722 vero
3096 4666 3165 4721 ad
3211 4667 3598 4723 retributionis
3640 4669 3774 4739 glo-

2159 4754 2299 4809 riam
2332 4770 2442 4810 non
2473 4755 2652 4810 solum
2684 4753 2934 4810 effectum
2967 4754 3299 4823 considerat,
3329 4755 3424 4812 sed
3451 4757 3618 4811 etiam
3652 4773 3771 4814 mo-

2159 4851 2345 4900 menta
2373 4843 2769 4914 cogitationum
2794 4845 2992 4916 signat,
3015 4853 3161 4900 recte
3193 4845 3261 4901 ad
3291 4845 3510 4902 beatum
3539 4847 3646 4902 Job
3675 4847 3770 4903 di-

2156 4933 2303 4990 citur
2322 4951 2333 4989 :
2363 4934 2731 4989 Dinumerasti
2744 4951 2940 4989 menses
2955 4941 3228 5006 conceptus
3242 4953 3427 4991 earum
3444 4939 3472 4992 Ῡ
3488 4936 3770 4994 Subaudis

2155 5031 2217 5078 ut
2263 5040 2380 5095 ego,
2428 5024 2523 5097 qui
2568 5025 2627 5080 in
2673 5024 2878 5082 sanctis
2925 5024 3376 5096 praedicatoribus
3422 5042 3536 5082 non
3580 5028 3765 5082 solum

2153 5114 2367 5172 fructus
2395 5116 2733 5174 exteriorum
2775 5133 3025 5190 operum,
3070 5116 3166 5174 sed
3207 5117 3354 5190 ipsas
3386 5117 3638 5176 diutinas
3666 5134 3765 5174 co-

2151 5361 2276 5402 mus
2301 5346 2430 5402 Mss.
2462 5345 2692 5414 Turon.,
2724 5345 2986 5416 Vindoc.,
3032 5347 3249 5415 Norm.,
3280 5345 3477 5415 Laud.,
3511 5347 3639 5404 Val.
3671 5347 3760 5406 Cl.

2223 5420 2246 5466 9
2273 5418 2470 5472 Pratel.
2495 5426 2549 5489 et
2577 5417 2742 5474 Corb.
2766 5418 2978 5487 Germ.,
3002 5419 3354 5489 penetrabilia
3381 5418 3578 5476 cordis.
3615 5419 3763 5478 Con-

2149 5490 2398 5546 sentiunt
2429 5488 2576 5544 Edit.
2611 5490 2782 5545 Paris.
2819 5491 2956 5545 1495
2985 5488 3038 5546 et
3067 5490 3233 5546 Basil.
3271 5490 3429 5546 1514.

2220 5560 2242 5596 ⁷
2271 5559 2519 5632 Ebroic.,
2545 5562 2812 5632 prtescita.
2846 5563 2927 5617 Ita
2957 5570 3066 5616 vet.
3101 5561 3204 5616 Ed.
3237 5561 3407 5618 Basil.

2223 5631 2246 5667 ⁸
2275 5631 2446 5687 Laud.
2478 5631 2683 5688 et'Val.
2716 5633 2824 5697 CL,
2856 5633 2941 5688 illi
2970 5650 3088 5688 vere
3119 5633 3373 5689 doctores.

2221 5705 2244 5738 ⁹
2275 5702 2536 5769 Vindoc.,
2566 5705 2780 5772 Norm.,
2813 5703 3151 5773 Laud.,Val.
3184 5702 3292 5773 CL,
3326 5704 3484 5776 quasi
3508 5721 3611 5777 per
3637 5721 3762 5760 con-

2147 5791 2342 5844 gruum
2365 5781 2606 5844 partum.
