  <div class='ocr_page' id='page_1' title='image "/cluster/home/n/w/nwhite01/storage/ocr_20150623/76/umn.31951002477369g/282.png"; bbox 0 0 3920 6372; ppageno 0'>
   <div class='ocr_carea' id='block_1_1' title="bbox 142 325 248 383">
    <p class='ocr_par' dir='ltr' id='par_1_1' title="bbox 142 325 248 383">
     <span class='ocr_line' id='line_1_1' title="bbox 142 325 248 383; baseline 0 -1"><span class='ocrx_word' id='word_1_1' title='bbox 142 325 248 383; x_wconf 77' lang='grc'>549</span> 
     </span>
    </p>
   </div>
   <div class='ocr_carea' id='block_1_2' title="bbox 894 335 2728 426">
    <p class='ocr_par' dir='ltr' id='par_1_2' title="bbox 894 335 2728 426">
     <span class='ocr_line' id='line_1_2' title="bbox 894 335 2728 426; baseline 0.018 -34"><span class='ocrx_word' id='word_1_2' title='bbox 894 335 1270 399; x_wconf 84' lang='lat' dir='ltr'>MORALIUM</span> <span class='ocrx_word' id='word_1_3' title='bbox 1308 343 1442 400; x_wconf 88' lang='lat' dir='ltr'>LIB.</span> <span class='ocrx_word' id='word_1_4' title='bbox 1487 343 1672 405; x_wconf 85' lang='lat' dir='ltr'>XXX.</span> <span class='ocrx_word' id='word_1_5' title='bbox 1712 378 1782 393; x_wconf 84' lang='lat'><em>-</em></span> <span class='ocrx_word' id='word_1_6' title='bbox 1817 349 1891 408; x_wconf 91' lang='lat' dir='ltr'>IN</span> <span class='ocrx_word' id='word_1_7' title='bbox 1928 351 2156 413; x_wconf 85' lang='lat' dir='ltr'>CAPUT</span> <span class='ocrx_word' id='word_1_8' title='bbox 2195 359 2441 419; x_wconf 80' lang='lat' dir='ltr'><strong>XXXIX</strong></span> <span class='ocrx_word' id='word_1_9' title='bbox 2481 365 2542 422; x_wconf 89' lang='grc' dir='ltr'><strong>Β.</strong></span> <span class='ocrx_word' id='word_1_10' title='bbox 2583 366 2728 426; x_wconf 88' lang='lat' dir='ltr'>JOB.</span> 
     </span>
    </p>
   </div>
   <div class='ocr_carea' id='block_1_3' title="bbox 3355 382 3458 441">
    <p class='ocr_par' dir='ltr' id='par_1_3' title="bbox 3355 382 3458 441">
     <span class='ocr_line' id='line_1_3' title="bbox 3355 382 3458 441; baseline 0 0"><span class='ocrx_word' id='word_1_11' title='bbox 3355 382 3458 441; x_wconf 89' lang='grc'>551</span> 
     </span>
    </p>
   </div>
   <div class='ocr_carea' id='block_1_4' title="bbox 144 451 3464 577">
    <p class='ocr_par' dir='ltr' id='par_1_4' title="bbox 144 451 3464 577">
     <span class='ocr_line' id='line_1_4' title="bbox 144 451 3464 577; baseline 0.019 -73"><span class='ocrx_word' id='word_1_12' title='bbox 144 451 439 524; x_wconf 86' lang='lat' dir='ltr'>gitationes</span> <span class='ocrx_word' id='word_1_13' title='bbox 488 470 738 526; x_wconf 90' lang='lat' dir='ltr'>numero,</span> <span class='ocrx_word' id='word_1_14' title='bbox 772 460 787 494; x_wconf 81' lang='grc' dir='ltr'>ί</span> <span class='ocrx_word' id='word_1_15' title='bbox 819 462 915 534; x_wconf 86' lang='lat' dir='ltr'>qui</span> <span class='ocrx_word' id='word_1_16' title='bbox 971 471 1027 520; x_wconf 94' lang='lat' dir='ltr'>et</span> <span class='ocrx_word' id='word_1_17' title='bbox 1082 481 1172 523; x_wconf 89' lang='lat' dir='ltr'>eas</span> <span class='ocrx_word' id='word_1_18' title='bbox 1218 467 1287 525; x_wconf 90' lang='lat' dir='ltr'>ad</span> <span class='ocrx_word' id='word_1_19' title='bbox 1330 470 1751 531; x_wconf 76' lang='lat' dir='ltr'>retributionem</span> <span class='ocrx_word' id='word_1_20' title='bbox 1779 481 1830 541; x_wconf 87' lang='grc' dir='ltr'>Α</span> <span class='ocrx_word' id='word_1_21' title='bbox 1859 494 2021 535; x_wconf 75' lang='lat' dir='ltr'>cerva</span> <span class='ocrx_word' id='word_1_22' title='bbox 2050 483 2265 553; x_wconf 88' lang='lat' dir='ltr'>pariens</span> <span class='ocrx_word' id='word_1_23' title='bbox 2312 489 2621 560; x_wconf 77' lang='lat' dir='ltr'>emittebat,</span> <span class='ocrx_word' id='word_1_24' title='bbox 2654 496 2872 565; x_wconf 83' lang='lat' dir='ltr'>quando</span> <span class='ocrx_word' id='word_1_25' title='bbox 2901 500 3108 560; x_wconf 84' lang='lat' dir='ltr'>eisdem</span> <span class='ocrx_word' id='word_1_26' title='bbox 3139 516 3264 577; x_wconf 88' lang='lat' dir='ltr'>post</span> <span class='ocrx_word' id='word_1_27' title='bbox 3294 525 3352 566; x_wconf 92' lang='lat' dir='ltr'>se</span> <span class='ocrx_word' id='word_1_28' title='bbox 3379 526 3464 568; x_wconf 86' lang='lat' dir='ltr'>re-</span> 
     </span>
    </p>
   </div>
   <div class='ocr_carea' id='block_1_5' title="bbox 143 558 316 600">
    <p class='ocr_par' dir='ltr' id='par_1_5' title="bbox 143 558 316 600">
     <span class='ocr_line' id='line_1_5' title="bbox 143 558 316 600; baseline 0 -1"><span class='ocrx_word' id='word_1_29' title='bbox 143 558 295 600; x_wconf 72' lang='grc' dir='ltr'>εθΠο</span> <span class='ocrx_word' id='word_1_30' title='bbox 304 587 316 599; x_wconf 91' lang='grc'>.</span> 
     </span>
    </p>
   </div>
   <div class='ocr_carea' id='block_1_6' title="bbox 209 631 1740 724">
    <p class='ocr_par' dir='ltr' id='par_1_6' title="bbox 209 631 1740 724">
     <span class='ocr_line' id='line_1_6' title="bbox 209 631 1740 724; baseline 0.012 -34"><span class='ocrx_word' id='word_1_31' title='bbox 209 631 346 724; x_wconf 77' lang='grc' dir='ltr'>[νει.</span> <span class='ocrx_word' id='word_1_32' title='bbox 376 634 560 724; x_wconf 61' lang='grc' dir='ltr'>ΧΧΙ]</span> <span class='ocrx_word' id='word_1_33' title='bbox 594 636 683 696; x_wconf 78' lang='grc'>45.</span> <span class='ocrx_word' id='word_1_34' title='bbox 733 640 837 708; x_wconf 82' lang='lat' dir='ltr'>Qui</span> <span class='ocrx_word' id='word_1_35' title='bbox 874 659 927 699; x_wconf 80' lang='lat' dir='ltr'>se</span> <span class='ocrx_word' id='word_1_36' title='bbox 965 645 1038 701; x_wconf 85' lang='lat' dir='ltr'>ad</span> <span class='ocrx_word' id='word_1_37' title='bbox 1069 648 1473 718; x_wconf 70' lang='lat' dir='ltr'>prwdicandum</span> <span class='ocrx_word' id='word_1_38' title='bbox 1518 659 1740 724; x_wconf 88' lang='lat' dir='ltr'>parant,</span> 
     </span>
    </p>
   </div>
   <div class='ocr_carea' id='block_1_7' title="bbox 136 722 1743 813">
    <p class='ocr_par' dir='ltr' id='par_1_7' title="bbox 136 722 1743 813">
     <span class='ocr_line' id='line_1_7' title="bbox 136 722 1743 813; baseline 0.016 -39"><span class='ocrx_word' id='word_1_39' title='bbox 136 722 283 792; x_wconf 81' lang='lat' dir='ltr'>prius</span> <span class='ocrx_word' id='word_1_40' title='bbox 312 739 366 777; x_wconf 88' lang='lat' dir='ltr'>se</span> <span class='ocrx_word' id='word_1_41' title='bbox 402 722 630 781; x_wconf 86' lang='lat' dir='ltr'>interius</span> <span class='ocrx_word' id='word_1_42' title='bbox 663 728 950 788; x_wconf 85' lang='lat' dir='ltr'>virtutibus</span> <span class='ocrx_word' id='word_1_43' title='bbox 982 734 1246 795; x_wconf 86' lang='lat' dir='ltr'>iunovent.</span> <span class='ocrx_word' id='word_1_44' title='bbox 1283 770 1355 782; x_wconf 92' lang='lat'><strong>—</strong></span> <span class='ocrx_word' id='word_1_45' title='bbox 1384 722 1619 797; x_wconf 82' lang='lat' dir='ltr'>Possunt</span> <span class='ocrx_word' id='word_1_46' title='bbox 1648 758 1743 813; x_wconf 86' lang='lat' dir='ltr'>per</span> 
     </span>
    </p>
   </div>
   <div class='ocr_carea' id='block_1_8' title="bbox 139 815 1739 903">
    <p class='ocr_par' dir='ltr' id='par_1_8' title="bbox 139 815 1739 903">
     <span class='ocr_line' id='line_1_8' title="bbox 139 815 1739 903; baseline 0.014 -37"><span class='ocrx_word' id='word_1_47' title='bbox 139 827 362 880; x_wconf 85' lang='lat' dir='ltr'>menses,</span> <span class='ocrx_word' id='word_1_48' title='bbox 397 815 532 887; x_wconf 86' lang='lat' dir='ltr'>quia</span> <span class='ocrx_word' id='word_1_49' title='bbox 559 820 803 891; x_wconf 80' lang='lat' dir='ltr'>congesti</span> <span class='ocrx_word' id='word_1_50' title='bbox 833 821 950 881; x_wconf 91' lang='lat' dir='ltr'>dies</span> <span class='ocrx_word' id='word_1_51' title='bbox 980 834 1130 897; x_wconf 93' lang='lat' dir='ltr'>sunt,</span> <span class='ocrx_word' id='word_1_52' title='bbox 1162 830 1328 887; x_wconf 88' lang='lat' dir='ltr'>etiam</span> <span class='ocrx_word' id='word_1_53' title='bbox 1360 831 1739 903; x_wconf 74' lang='lat' dir='ltr'>multiplicatae</span> 
     </span>
    </p>
   </div>
   <div class='ocr_carea' id='block_1_9' title="bbox 139 903 1737 993">
    <p class='ocr_par' dir='ltr' id='par_1_9' title="bbox 139 903 1737 993">
     <span class='ocr_line' id='line_1_9' title="bbox 139 903 1737 993; baseline 0.013 -37"><span class='ocrx_word' id='word_1_54' title='bbox 139 903 363 961; x_wconf 82' lang='lat' dir='ltr'>virtutes</span> <span class='ocrx_word' id='word_1_55' title='bbox 394 903 655 980; x_wconf 80' lang='lat' dir='ltr'>intelligi.</span> <span class='ocrx_word' id='word_1_56' title='bbox 691 911 752 967; x_wconf 93' lang='lat' dir='ltr'>In</span> <span class='ocrx_word' id='word_1_57' title='bbox 784 915 1066 973; x_wconf 88' lang='lat' dir='ltr'>mensibus</span> <span class='ocrx_word' id='word_1_58' title='bbox 1096 935 1313 993; x_wconf 89' lang='lat' dir='ltr'>quoque</span> <span class='ocrx_word' id='word_1_59' title='bbox 1343 921 1473 977; x_wconf 88' lang='lat' dir='ltr'>luna</span> <span class='ocrx_word' id='word_1_60' title='bbox 1502 921 1737 978; x_wconf 90' lang='lat' dir='ltr'>renasci-</span> 
     </span>
    </p>
   </div>
   <div class='ocr_carea' id='block_1_10' title="bbox 137 992 1737 1083">
    <p class='ocr_par' dir='ltr' id='par_1_10' title="bbox 137 992 1737 1083">
     <span class='ocr_line' id='line_1_10' title="bbox 137 992 1737 1083; baseline 0.013 -36"><span class='ocrx_word' id='word_1_61' title='bbox 137 1002 249 1059; x_wconf 86' lang='lat' dir='ltr'>tur;</span> <span class='ocrx_word' id='word_1_62' title='bbox 283 992 480 1068; x_wconf 91' lang='lat' dir='ltr'>nilque</span> <span class='ocrx_word' id='word_1_63' title='bbox 510 996 692 1055; x_wconf 85' lang='lat' dir='ltr'>obstat</span> <span class='ocrx_word' id='word_1_64' title='bbox 722 1000 767 1056; x_wconf 89' lang='lat' dir='ltr'>si</span> <span class='ocrx_word' id='word_1_65' title='bbox 800 1018 896 1074; x_wconf 92' lang='lat' dir='ltr'>per</span> <span class='ocrx_word' id='word_1_66' title='bbox 925 1021 1139 1063; x_wconf 89' lang='lat' dir='ltr'>menses</span> <span class='ocrx_word' id='word_1_67' title='bbox 1159 1008 1181 1042; x_wconf 87' lang='grc'>²</span> <span class='ocrx_word' id='word_1_68' title='bbox 1204 992 1349 1065; x_wconf 86' lang='lat' dir='ltr'>nova</span> <span class='ocrx_word' id='word_1_69' title='bbox 1376 1012 1737 1083; x_wconf 82' lang='lat' dir='ltr'>regeneratio-</span> 
     </span>
    </p>
   </div>
   <div class='ocr_carea' id='block_1_11' title="bbox 135 1081 1729 1171">
    <p class='ocr_par' dir='ltr' id='par_1_11' title="bbox 135 1081 1729 1171">
     <span class='ocr_line' id='line_1_11' title="bbox 135 1081 1729 1171; baseline 0.01 -34"><span class='ocrx_word' id='word_1_70' title='bbox 135 1081 215 1138; x_wconf 88' lang='lat' dir='ltr'>nis</span> <span class='ocrx_word' id='word_1_71' title='bbox 242 1092 496 1142; x_wconf 84' lang='lat' dir='ltr'>creatura</span> <span class='ocrx_word' id='word_1_72' title='bbox 525 1087 793 1159; x_wconf 85' lang='lat' dir='ltr'>signetur.</span> <span class='ocrx_word' id='word_1_73' title='bbox 818 1092 897 1148; x_wconf 90' lang='lat' dir='ltr'>De</span> <span class='ocrx_word' id='word_1_74' title='bbox 917 1109 1024 1166; x_wconf 89' lang='lat' dir='ltr'>qua</span> <span class='ocrx_word' id='word_1_75' title='bbox 1042 1095 1245 1154; x_wconf 87' lang='lat' dir='ltr'>Paulus</span> <span class='ocrx_word' id='word_1_76' title='bbox 1264 1081 1544 1171; x_wconf 83' lang='lat' dir='ltr'>apostolus</span> <span class='ocrx_word' id='word_1_77' title='bbox 1564 1098 1729 1155; x_wconf 87' lang='lat' dir='ltr'>dicit:</span> 
     </span>
    </p>
   </div>
   <div class='ocr_carea' id='block_1_12' title="bbox 134 1172 1737 1260">
    <p class='ocr_par' dir='ltr' id='par_1_12' title="bbox 134 1172 1737 1260">
     <span class='ocr_line' id='line_1_12' title="bbox 134 1172 1737 1260; baseline 0.01 -33"><span class='ocrx_word' id='word_1_78' title='bbox 134 1173 195 1228; x_wconf 80' lang='lat' dir='ltr'>In</span> <span class='ocrx_word' id='word_1_79' title='bbox 224 1172 436 1230; x_wconf 86' lang='lat' dir='ltr'>Christo</span> <span class='ocrx_word' id='word_1_80' title='bbox 466 1176 593 1232; x_wconf 85' lang='lat' dir='ltr'>Jesu</span> <span class='ocrx_word' id='word_1_81' title='bbox 619 1195 783 1249; x_wconf 84' lang='lat' dir='ltr'>neque</span> <span class='ocrx_word' id='word_1_82' title='bbox 806 1181 1136 1241; x_wconf 81' lang='lat' dir='ltr'>circumcisio</span> <span class='ocrx_word' id='word_1_83' title='bbox 1164 1188 1375 1259; x_wconf 86' lang='lat' dir='ltr'>aliquid</span> <span class='ocrx_word' id='word_1_84' title='bbox 1399 1191 1555 1258; x_wconf 85' lang='lat' dir='ltr'>valet,</span> <span class='ocrx_word' id='word_1_85' title='bbox 1574 1207 1737 1260; x_wconf 87' lang='lat' dir='ltr'>neque</span> 
     </span>
    </p>
   </div>
   <div class='ocr_carea' id='block_1_13' title="bbox 128 1262 1729 1350">
    <p class='ocr_par' dir='ltr' id='par_1_13' title="bbox 128 1262 1729 1350">
     <span class='ocr_line' id='line_1_13' title="bbox 128 1262 1729 1350; baseline 0.011 -36"><span class='ocrx_word' id='word_1_86' title='bbox 128 1262 465 1333; x_wconf 79' lang='lat' dir='ltr'>prteputium,</span> <span class='ocrx_word' id='word_1_87' title='bbox 497 1266 587 1321; x_wconf 88' lang='lat' dir='ltr'>sed</span> <span class='ocrx_word' id='word_1_88' title='bbox 614 1284 751 1324; x_wconf 87' lang='lat' dir='ltr'>nova</span> <span class='ocrx_word' id='word_1_89' title='bbox 774 1278 1023 1329; x_wconf 81' lang='lat' dir='ltr'>creatura</span> <span class='ocrx_word' id='word_1_90' title='bbox 1055 1274 1262 1346; x_wconf 85' lang='lat' dir='ltr'>(Galat.</span> <span class='ocrx_word' id='word_1_91' title='bbox 1296 1295 1352 1347; x_wconf 88' lang='lat' dir='ltr'>v,</span> <span class='ocrx_word' id='word_1_92' title='bbox 1394 1279 1460 1343; x_wconf 88' lang='lat'>6;</span> <span class='ocrx_word' id='word_1_93' title='bbox 1502 1296 1580 1346; x_wconf 78' lang='lat' dir='ltr'>vr,</span> <span class='ocrx_word' id='word_1_94' title='bbox 1618 1278 1729 1350; x_wconf 83' lang='grc'>15).</span> 
     </span>
    </p>
   </div>
   <div class='ocr_carea' id='block_1_14' title="bbox 132 1349 1730 1439">
    <p class='ocr_par' dir='ltr' id='par_1_14' title="bbox 132 1349 1730 1439">
     <span class='ocr_line' id='line_1_14' title="bbox 132 1349 1730 1439; baseline 0.01 -34"><span class='ocrx_word' id='word_1_95' title='bbox 132 1349 307 1408; x_wconf 83' lang='lat' dir='ltr'>Sancti</span> <span class='ocrx_word' id='word_1_96' title='bbox 337 1353 512 1425; x_wconf 90' lang='lat' dir='ltr'>igitur</span> <span class='ocrx_word' id='word_1_97' title='bbox 542 1355 672 1426; x_wconf 89' lang='lat' dir='ltr'>viri,</span> <span class='ocrx_word' id='word_1_98' title='bbox 707 1373 835 1415; x_wconf 92' lang='lat' dir='ltr'>cum</span> <span class='ocrx_word' id='word_1_99' title='bbox 873 1378 929 1417; x_wconf 90' lang='lat' dir='ltr'>se</span> <span class='ocrx_word' id='word_1_100' title='bbox 972 1363 1041 1419; x_wconf 89' lang='lat' dir='ltr'>ad</span> <span class='ocrx_word' id='word_1_101' title='bbox 1070 1365 1483 1436; x_wconf 64' lang='lat' dir='ltr'>praedicandum</span> <span class='ocrx_word' id='word_1_102' title='bbox 1515 1373 1730 1439; x_wconf 85' lang='lat' dir='ltr'>parant,</span> 
     </span>
    </p>
   </div>
   <div class='ocr_carea' id='block_1_15' title="bbox 130 1439 1733 1524">
    <p class='ocr_par' dir='ltr' id='par_1_15' title="bbox 130 1439 1733 1524">
     <span class='ocr_line' id='line_1_15' title="bbox 130 1439 1733 1524; baseline 0.012 -30"><span class='ocrx_word' id='word_1_103' title='bbox 130 1439 273 1511; x_wconf 89' lang='lat' dir='ltr'>prius</span> <span class='ocrx_word' id='word_1_104' title='bbox 313 1457 372 1498; x_wconf 90' lang='lat' dir='ltr'>se</span> <span class='ocrx_word' id='word_1_105' title='bbox 422 1442 660 1502; x_wconf 91' lang='lat' dir='ltr'>interius</span> <span class='ocrx_word' id='word_1_106' title='bbox 702 1448 1007 1508; x_wconf 81' lang='lat' dir='ltr'>virtutibus</span> <span class='ocrx_word' id='word_1_107' title='bbox 1060 1453 1352 1524; x_wconf 89' lang='lat' dir='ltr'>innovant,</span> <span class='ocrx_word' id='word_1_108' title='bbox 1402 1466 1464 1513; x_wconf 93' lang='lat' dir='ltr'>ut</span> <span class='ocrx_word' id='word_1_109' title='bbox 1509 1457 1579 1512; x_wconf 89' lang='lat' dir='ltr'>ad</span> <span class='ocrx_word' id='word_1_110' title='bbox 1628 1456 1733 1513; x_wconf 91' lang='lat' dir='ltr'>hoc</span> 
     </span>
    </p>
   </div>
   <div class='ocr_carea' id='block_1_16' title="bbox 130 1528 1732 1607">
    <p class='ocr_par' dir='ltr' id='par_1_16' title="bbox 130 1528 1732 1607">
     <span class='ocr_line' id='line_1_16' title="bbox 130 1528 1732 1607; baseline 0.012 -25"><span class='ocrx_word' id='word_1_111' title='bbox 130 1528 266 1601; x_wconf 91' lang='lat' dir='ltr'>quod</span> <span class='ocrx_word' id='word_1_112' title='bbox 304 1529 587 1604; x_wconf 90' lang='lat' dir='ltr'>loquendo</span> <span class='ocrx_word' id='word_1_113' title='bbox 632 1534 851 1607; x_wconf 89' lang='lat' dir='ltr'>docent,</span> <span class='ocrx_word' id='word_1_114' title='bbox 883 1540 1125 1598; x_wconf 86' lang='lat' dir='ltr'>vivendo</span> <span class='ocrx_word' id='word_1_115' title='bbox 1168 1545 1524 1603; x_wconf 85' lang='lat' dir='ltr'>concordent.</span> <span class='ocrx_word' id='word_1_116' title='bbox 1571 1546 1732 1602; x_wconf 89' lang='lat' dir='ltr'>Prius</span> 
     </span>
    </p>
   </div>
   <div class='ocr_carea' id='block_1_17' title="bbox 129 1616 1730 1703">
    <p class='ocr_par' dir='ltr' id='par_1_17' title="bbox 129 1616 1730 1703">
     <span class='ocr_line' id='line_1_17' title="bbox 129 1616 1730 1703; baseline 0.012 -32"><span class='ocrx_word' id='word_1_117' title='bbox 129 1632 220 1672; x_wconf 87' lang='lat' dir='ltr'>sua</span> <span class='ocrx_word' id='word_1_118' title='bbox 246 1616 466 1677; x_wconf 90' lang='lat' dir='ltr'>interna</span> <span class='ocrx_word' id='word_1_119' title='bbox 494 1624 867 1696; x_wconf 87' lang='lat' dir='ltr'>considerant,</span> <span class='ocrx_word' id='word_1_120' title='bbox 889 1638 1052 1703; x_wconf 88' lang='lat' dir='ltr'>atque</span> <span class='ocrx_word' id='word_1_121' title='bbox 1081 1648 1113 1688; x_wconf 92' lang='lat' dir='ltr'>a</span> <span class='ocrx_word' id='word_1_122' title='bbox 1141 1635 1357 1692; x_wconf 89' lang='lat' dir='ltr'>cunctis</span> <span class='ocrx_word' id='word_1_123' title='bbox 1384 1652 1441 1691; x_wconf 91' lang='lat' dir='ltr'>se</span> <span class='ocrx_word' id='word_1_124' title='bbox 1461 1635 1730 1692; x_wconf 90' lang='lat' dir='ltr'>vitiorum</span> 
     </span>
    </p>
   </div>
   <div class='ocr_carea' id='block_1_18' title="bbox 126 1706 1731 1796">
    <p class='ocr_par' dir='ltr' id='par_1_18' title="bbox 126 1706 1731 1796">
     <span class='ocr_line' id='line_1_18' title="bbox 126 1706 1731 1796; baseline 0.012 -35"><span class='ocrx_word' id='word_1_125' title='bbox 126 1706 372 1765; x_wconf 87' lang='lat' dir='ltr'>sordibus</span> <span class='ocrx_word' id='word_1_126' title='bbox 401 1712 734 1785; x_wconf 89' lang='lat' dir='ltr'>emundant,</span> <span class='ocrx_word' id='word_1_127' title='bbox 774 1727 1032 1777; x_wconf 85' lang='lat' dir='ltr'>curantes</span> <span class='ocrx_word' id='word_1_128' title='bbox 1060 1738 1409 1796; x_wconf 87' lang='lat' dir='ltr'>summopere</span> <span class='ocrx_word' id='word_1_129' title='bbox 1447 1733 1511 1781; x_wconf 90' lang='lat' dir='ltr'>ut</span> <span class='ocrx_word' id='word_1_130' title='bbox 1539 1732 1731 1781; x_wconf 88' lang='lat' dir='ltr'>contra</span> 
     </span>
    </p>
   </div>
   <div class='ocr_carea' id='block_1_19' title="bbox 123 1797 1728 1883">
    <p class='ocr_par' dir='ltr' id='par_1_19' title="bbox 123 1797 1728 1883">
     <span class='ocr_line' id='line_1_19' title="bbox 123 1797 1728 1883; baseline 0.011 -30"><span class='ocrx_word' id='word_1_131' title='bbox 123 1797 250 1855; x_wconf 88' lang='lat' dir='ltr'>iram</span> <span class='ocrx_word' id='word_1_132' title='bbox 308 1804 600 1873; x_wconf 66' lang='lat' dir='ltr'>patientiae</span> <span class='ocrx_word' id='word_1_133' title='bbox 656 1807 778 1865; x_wconf 88' lang='lat' dir='ltr'>luce</span> <span class='ocrx_word' id='word_1_134' title='bbox 830 1811 1236 1883; x_wconf 89' lang='lat' dir='ltr'>resplendeant,</span> <span class='ocrx_word' id='word_1_135' title='bbox 1297 1825 1489 1873; x_wconf 85' lang='lat' dir='ltr'>contra</span> <span class='ocrx_word' id='word_1_136' title='bbox 1545 1815 1728 1872; x_wconf 85' lang='lat' dir='ltr'>carnis</span> 
     </span>
    </p>
   </div>
   <div class='ocr_carea' id='block_1_20' title="bbox 122 1889 1727 1977">
    <p class='ocr_par' dir='ltr' id='par_1_20' title="bbox 122 1889 1727 1977">
     <span class='ocr_line' id='line_1_20' title="bbox 122 1889 1727 1977; baseline 0.016 -33"><span class='ocrx_word' id='word_1_137' title='bbox 122 1889 389 1948; x_wconf 89' lang='lat' dir='ltr'>luxuriam</span> <span class='ocrx_word' id='word_1_138' title='bbox 440 1895 615 1951; x_wconf 84' lang='lat' dir='ltr'>etiam</span> <span class='ocrx_word' id='word_1_139' title='bbox 663 1899 847 1955; x_wconf 88' lang='lat' dir='ltr'>cordis</span> <span class='ocrx_word' id='word_1_140' title='bbox 893 1903 1170 1960; x_wconf 88' lang='lat' dir='ltr'>munditia</span> <span class='ocrx_word' id='word_1_141' title='bbox 1213 1905 1540 1977; x_wconf 89' lang='lat' dir='ltr'>fulgescant,</span> <span class='ocrx_word' id='word_1_142' title='bbox 1582 1913 1727 1970; x_wconf 85' lang='lat'>9&#39;77</span> 
     </span>
    </p>
   </div>
   <div class='ocr_carea' id='block_1_21' title="bbox 120 1995 1725 2071">
    <p class='ocr_par' dir='ltr' id='par_1_21' title="bbox 120 1995 1725 2071">
     <span class='ocr_line' id='line_1_21' title="bbox 120 1995 1725 2071; baseline 0.013 -29"><span class='ocrx_word' id='word_1_143' title='bbox 120 1995 297 2044; x_wconf 91' lang='lat' dir='ltr'>contra</span> <span class='ocrx_word' id='word_1_144' title='bbox 351 1998 640 2064; x_wconf 88' lang='lat' dir='ltr'>torporem</span> <span class='ocrx_word' id='word_1_145' title='bbox 702 1996 821 2051; x_wconf 89' lang='lat' dir='ltr'>zelo</span> <span class='ocrx_word' id='word_1_146' title='bbox 868 2000 1159 2071; x_wconf 89' lang='lat' dir='ltr'>candeant,</span> <span class='ocrx_word' id='word_1_147' title='bbox 1218 2013 1412 2060; x_wconf 89' lang='lat' dir='ltr'>contra</span> <span class='ocrx_word' id='word_1_148' title='bbox 1465 2007 1725 2063; x_wconf 89' lang='lat' dir='ltr'>confusos</span> 
     </span>
    </p>
   </div>
   <div class='ocr_carea' id='block_1_22' title="bbox 120 2078 1723 2164">
    <p class='ocr_par' dir='ltr' id='par_1_22' title="bbox 120 2078 1723 2164">
     <span class='ocr_line' id='line_1_22' title="bbox 120 2078 1723 2164; baseline 0.014 -32"><span class='ocrx_word' id='word_1_149' title='bbox 120 2078 571 2152; x_wconf 65' lang='lat' dir='ltr'>pracipitationis</span> <span class='ocrx_word' id='word_1_150' title='bbox 600 2094 782 2143; x_wconf 88' lang='lat' dir='ltr'>motus</span> <span class='ocrx_word' id='word_1_151' title='bbox 811 2103 1004 2148; x_wconf 88' lang='lat' dir='ltr'>serena</span> <span class='ocrx_word' id='word_1_152' title='bbox 1033 2093 1302 2164; x_wconf 86' lang='lat' dir='ltr'>gravitate</span> <span class='ocrx_word' id='word_1_153' title='bbox 1323 2095 1574 2162; x_wconf 88' lang='lat' dir='ltr'>rutilent,</span> <span class='ocrx_word' id='word_1_154' title='bbox 1595 2114 1723 2154; x_wconf 90' lang='lat' dir='ltr'>con-</span> 
     </span>
    </p>
   </div>
   <div class='ocr_carea' id='block_1_23' title="bbox 118 2171 1722 2254">
    <p class='ocr_par' dir='ltr' id='par_1_23' title="bbox 118 2171 1722 2254">
     <span class='ocr_line' id='line_1_23' title="bbox 118 2171 1722 2254; baseline 0.013 -31"><span class='ocrx_word' id='word_1_155' title='bbox 118 2176 193 2224; x_wconf 88' lang='lat' dir='ltr'>tra</span> <span class='ocrx_word' id='word_1_156' title='bbox 219 2171 539 2243; x_wconf 79' lang='lat' dir='ltr'>superbiam</span> <span class='ocrx_word' id='word_1_157' title='bbox 571 2191 699 2232; x_wconf 89' lang='lat' dir='ltr'>vera</span> <span class='ocrx_word' id='word_1_158' title='bbox 728 2176 1044 2237; x_wconf 86' lang='lat' dir='ltr'>humilitate</span> <span class='ocrx_word' id='word_1_159' title='bbox 1075 2184 1311 2254; x_wconf 88' lang='lat' dir='ltr'>luceant,</span> <span class='ocrx_word' id='word_1_160' title='bbox 1336 2194 1529 2243; x_wconf 89' lang='lat' dir='ltr'>contra</span> <span class='ocrx_word' id='word_1_161' title='bbox 1557 2187 1722 2243; x_wconf 87' lang='lat' dir='ltr'>timo-</span> 
     </span>
    </p>
   </div>
   <div class='ocr_carea' id='block_1_24' title="bbox 118 2261 1722 2348">
    <p class='ocr_par' dir='ltr' id='par_1_24' title="bbox 118 2261 1722 2348">
     <span class='ocr_line' id='line_1_24' title="bbox 118 2261 1722 2348; baseline 0.013 -36"><span class='ocrx_word' id='word_1_162' title='bbox 118 2273 222 2315; x_wconf 90' lang='lat' dir='ltr'>rem</span> <span class='ocrx_word' id='word_1_163' title='bbox 251 2261 423 2318; x_wconf 87' lang='lat' dir='ltr'>radiis</span> <span class='ocrx_word' id='word_1_164' title='bbox 453 2266 804 2323; x_wconf 82' lang='lat' dir='ltr'>auctoritatis</span> <span class='ocrx_word' id='word_1_165' title='bbox 833 2270 1155 2329; x_wconf 87' lang='lat' dir='ltr'>clarescant.</span> <span class='ocrx_word' id='word_1_166' title='bbox 1180 2274 1319 2342; x_wconf 88' lang='lat' dir='ltr'>Quia</span> <span class='ocrx_word' id='word_1_167' title='bbox 1334 2293 1462 2348; x_wconf 90' lang='lat' dir='ltr'>ergo</span> <span class='ocrx_word' id='word_1_168' title='bbox 1482 2285 1638 2334; x_wconf 87' lang='lat' dir='ltr'>tanta</span> <span class='ocrx_word' id='word_1_169' title='bbox 1664 2279 1722 2333; x_wconf 92' lang='lat' dir='ltr'>in</span> 
     </span>
    </p>
   </div>
   <div class='ocr_carea' id='block_1_25' title="bbox 121 2349 1721 2438">
    <p class='ocr_par' dir='ltr' id='par_1_25' title="bbox 121 2349 1721 2438">
     <span class='ocr_line' id='line_1_25' title="bbox 121 2349 1721 2438; baseline 0.014 -36"><span class='ocrx_word' id='word_1_170' title='bbox 121 2361 170 2401; x_wconf 85' lang='lat' dir='ltr'>se</span> <span class='ocrx_word' id='word_1_171' title='bbox 197 2349 345 2419; x_wconf 91' lang='lat' dir='ltr'>prius</span> <span class='ocrx_word' id='word_1_172' title='bbox 374 2352 565 2410; x_wconf 88' lang='lat' dir='ltr'>studia</span> <span class='ocrx_word' id='word_1_173' title='bbox 593 2366 915 2428; x_wconf 85' lang='lat' dir='ltr'>congerunt,</span> <span class='ocrx_word' id='word_1_174' title='bbox 948 2363 1104 2433; x_wconf 89' lang='lat' dir='ltr'>quasi</span> <span class='ocrx_word' id='word_1_175' title='bbox 1136 2363 1193 2418; x_wconf 92' lang='lat' dir='ltr'>in</span> <span class='ocrx_word' id='word_1_176' title='bbox 1224 2374 1496 2438; x_wconf 90' lang='lat' dir='ltr'>conceptu</span> <span class='ocrx_word' id='word_1_177' title='bbox 1518 2377 1721 2425; x_wconf 66' lang='lat' dir='ltr'>sanctae</span> 
     </span>
    </p>
   </div>
   <div class='ocr_carea' id='block_1_26' title="bbox 122 2437 1718 2522">
    <p class='ocr_par' dir='ltr' id='par_1_26' title="bbox 122 2437 1718 2522">
     <span class='ocr_line' id='line_1_26' title="bbox 122 2437 1718 2522; baseline 0.013 -29"><span class='ocrx_word' id='word_1_178' title='bbox 122 2437 524 2506; x_wconf 61' lang='lat' dir='ltr'>pradicationis</span> <span class='ocrx_word' id='word_1_179' title='bbox 570 2460 783 2502; x_wconf 89' lang='lat' dir='ltr'>menses</span> <span class='ocrx_word' id='word_1_180' title='bbox 812 2448 1084 2506; x_wconf 88' lang='lat' dir='ltr'>virtutum</span> <span class='ocrx_word' id='word_1_181' title='bbox 1116 2450 1277 2510; x_wconf 92' lang='lat' dir='ltr'>ﬁunt.</span> <span class='ocrx_word' id='word_1_182' title='bbox 1312 2437 1460 2522; x_wconf 80' lang='lat' dir='ltr'>QuOs</span> <span class='ocrx_word' id='word_1_183' title='bbox 1503 2473 1718 2513; x_wconf 91' lang='lat' dir='ltr'>menses</span> 
     </span>
    </p>
   </div>
   <div class='ocr_carea' id='block_1_27' title="bbox 120 2525 1719 2612">
    <p class='ocr_par' dir='ltr' id='par_1_27' title="bbox 120 2525 1719 2612">
     <span class='ocr_line' id='line_1_27' title="bbox 120 2525 1719 2612; baseline 0.014 -31"><span class='ocrx_word' id='word_1_184' title='bbox 120 2525 381 2587; x_wconf 90' lang='lat' dir='ltr'>Dominus</span> <span class='ocrx_word' id='word_1_185' title='bbox 431 2534 584 2589; x_wconf 92' lang='lat' dir='ltr'>solus</span> <span class='ocrx_word' id='word_1_186' title='bbox 613 2533 946 2606; x_wconf 89' lang='lat' dir='ltr'>dinumerat,</span> <span class='ocrx_word' id='word_1_187' title='bbox 978 2541 1109 2612; x_wconf 88' lang='lat' dir='ltr'>quia</span> <span class='ocrx_word' id='word_1_188' title='bbox 1137 2543 1325 2599; x_wconf 89' lang='lat' dir='ltr'>eadem</span> <span class='ocrx_word' id='word_1_189' title='bbox 1355 2545 1501 2601; x_wconf 91' lang='lat' dir='ltr'>bona</span> <span class='ocrx_word' id='word_1_190' title='bbox 1528 2547 1584 2602; x_wconf 92' lang='lat' dir='ltr'>in</span> <span class='ocrx_word' id='word_1_191' title='bbox 1616 2563 1719 2602; x_wconf 93' lang='lat' dir='ltr'>eo-</span> 
     </span>
    </p>
   </div>
   <div class='ocr_carea' id='block_1_28' title="bbox 121 2618 1720 2707">
    <p class='ocr_par' dir='ltr' id='par_1_28' title="bbox 121 2618 1720 2707">
     <span class='ocr_line' id='line_1_28' title="bbox 121 2618 1720 2707; baseline 0.013 -36"><span class='ocrx_word' id='word_1_192' title='bbox 121 2630 228 2671; x_wconf 84' lang='lat' dir='ltr'>rum</span> <span class='ocrx_word' id='word_1_193' title='bbox 258 2618 526 2677; x_wconf 89' lang='lat' dir='ltr'>cordibus</span> <span class='ocrx_word' id='word_1_194' title='bbox 573 2639 684 2678; x_wconf 92' lang='lat' dir='ltr'>non</span> <span class='ocrx_word' id='word_1_195' title='bbox 726 2625 834 2680; x_wconf 87' lang='lat' dir='ltr'>nisi</span> <span class='ocrx_word' id='word_1_196' title='bbox 872 2626 966 2699; x_wconf 89' lang='lat' dir='ltr'>qui</span> <span class='ocrx_word' id='word_1_197' title='bbox 1015 2629 1167 2686; x_wconf 89' lang='lat' dir='ltr'>dedit</span> <span class='ocrx_word' id='word_1_198' title='bbox 1215 2641 1425 2703; x_wconf 89' lang='lat' dir='ltr'>pensat.</span> <span class='ocrx_word' id='word_1_199' title='bbox 1472 2636 1542 2690; x_wconf 89' lang='lat' dir='ltr'>Et</span> <span class='ocrx_word' id='word_1_200' title='bbox 1590 2636 1720 2707; x_wconf 88' lang='lat' dir='ltr'>quia</span> 
     </span>
    </p>
   </div>
   <div class='ocr_carea' id='block_1_29' title="bbox 116 2701 1719 2796">
    <p class='ocr_par' dir='ltr' id='par_1_29' title="bbox 116 2701 1719 2796">
     <span class='ocr_line' id='line_1_29' title="bbox 116 2701 1719 2796; baseline 0.012 -35"><span class='ocrx_word' id='word_1_201' title='bbox 116 2701 259 2773; x_wconf 85' lang='lat' dir='ltr'>juxta</span> <span class='ocrx_word' id='word_1_202' title='bbox 288 2724 609 2767; x_wconf 89' lang='lat' dir='ltr'>mensuram</span> <span class='ocrx_word' id='word_1_203' title='bbox 634 2713 904 2770; x_wconf 90' lang='lat' dir='ltr'>virtutum</span> <span class='ocrx_word' id='word_1_204' title='bbox 930 2716 1156 2776; x_wconf 82' lang='lat' dir='ltr'>eﬁ‘ectus</span> <span class='ocrx_word' id='word_1_205' title='bbox 1176 2701 1341 2777; x_wconf 76' lang='lat' dir='ltr'>etiam</span> <span class='ocrx_word' id='word_1_206' title='bbox 1362 2722 1719 2796; x_wconf 87' lang='lat' dir='ltr'>subsequitur</span> 
     </span>
    </p>
   </div>
   <div class='ocr_carea' id='block_1_30' title="bbox 118 2792 1015 2876">
    <p class='ocr_par' dir='ltr' id='par_1_30' title="bbox 118 2792 1015 2876">
     <span class='ocr_line' id='line_1_30' title="bbox 118 2792 1015 2876; baseline 0.013 -26"><span class='ocrx_word' id='word_1_207' title='bbox 118 2792 412 2869; x_wconf 85' lang='lat' dir='ltr'>fructuum,</span> <span class='ocrx_word' id='word_1_208' title='bbox 444 2808 592 2856; x_wconf 90' lang='lat' dir='ltr'>recte</span> <span class='ocrx_word' id='word_1_209' title='bbox 624 2802 1015 2876; x_wconf 88' lang='lat' dir='ltr'>subjungitur:</span> 
     </span>
    </p>
   </div>
   <div class='ocr_carea' id='block_1_31' title="bbox 726 2919 1107 2980">
    <p class='ocr_par' dir='ltr' id='par_1_31' title="bbox 726 2919 1107 2980">
     <span class='ocr_line' id='line_1_31' title="bbox 726 2919 1107 2980; baseline 0.01 -4"><span class='ocrx_word' id='word_1_210' title='bbox 726 2919 955 2978; x_wconf 87' lang='lat' dir='ltr'>CAPUT</span> <span class='ocrx_word' id='word_1_211' title='bbox 984 2923 1107 2980; x_wconf 92' lang='lat' dir='ltr'>XII.</span> 
     </span>
    </p>
   </div>
   <div class='ocr_carea' id='block_1_32' title="bbox 178 3002 1407 3086">
    <p class='ocr_par' dir='ltr' id='par_1_32' title="bbox 178 3002 1407 3086">
     <span class='ocr_line' id='line_1_32' title="bbox 178 3002 1407 3086; baseline 0.012 -26"><span class='ocrx_word' id='word_1_212' title='bbox 178 3002 307 3061; x_wconf 77' lang='lat' dir='ltr'>IBID.</span> <span class='ocrx_word' id='word_1_213' title='bbox 340 3036 416 3049; x_wconf 96' lang='lat'><strong>—</strong></span> <span class='ocrx_word' id='word_1_214' title='bbox 443 3007 521 3062; x_wconf 90' lang='lat' dir='ltr'>Et</span> <span class='ocrx_word' id='word_1_215' title='bbox 548 3009 691 3064; x_wconf 80' lang='lat' dir='ltr'>scisti</span> <span class='ocrx_word' id='word_1_216' title='bbox 722 3016 920 3084; x_wconf 82' lang='lat' dir='ltr'>tempus</span> <span class='ocrx_word' id='word_1_217' title='bbox 951 3022 1146 3086; x_wconf 88' lang='lat' dir='ltr'>partus</span> <span class='ocrx_word' id='word_1_218' title='bbox 1175 3021 1407 3075; x_wconf 74' lang='lat' dir='ltr'>earum?</span> 
     </span>
    </p>
   </div>
   <div class='ocr_carea' id='block_1_33' title="bbox 176 3090 1714 3179">
    <p class='ocr_par' dir='ltr' id='par_1_33' title="bbox 176 3090 1714 3179">
     <span class='ocr_line' id='line_1_33' title="bbox 176 3090 1714 3179; baseline 0.012 -32"><span class='ocrx_word' id='word_1_219' title='bbox 176 3090 259 3149; x_wconf 74' lang='grc'>46.</span> <span class='ocrx_word' id='word_1_220' title='bbox 300 3095 573 3153; x_wconf 78' lang='lat' dir='ltr'>Virtutum</span> <span class='ocrx_word' id='word_1_221' title='bbox 600 3116 901 3156; x_wconf 83' lang='lat' dir='ltr'>mensuram</span> <span class='ocrx_word' id='word_1_222' title='bbox 929 3101 1137 3172; x_wconf 79' lang='lat' dir='ltr'>fructus</span> <span class='ocrx_word' id='word_1_223' title='bbox 1167 3107 1311 3161; x_wconf 87' lang='lat' dir='ltr'>ratio</span> <span class='ocrx_word' id='word_1_224' title='bbox 1350 3107 1609 3179; x_wconf 76' lang='lat' dir='ltr'>sequitur.</span> <span class='ocrx_word' id='word_1_225' title='bbox 1643 3140 1714 3151; x_wconf 89' lang='lat'>—</span> 
     </span>
    </p>
   </div>
   <div class='ocr_carea' id='block_1_34' title="bbox 1855 566 3463 656">
    <p class='ocr_par' dir='ltr' id='par_1_34' title="bbox 1855 566 3463 656">
     <span class='ocr_line' id='line_1_34' title="bbox 1855 566 3463 656; baseline 0.021 -33"><span class='ocrx_word' id='word_1_226' title='bbox 1855 566 2154 628; x_wconf 89' lang='lat' dir='ltr'>deuntibus</span> <span class='ocrx_word' id='word_1_227' title='bbox 2183 573 2495 635; x_wconf 85' lang='lat' dir='ltr'>exclamare</span> <span class='ocrx_word' id='word_1_228' title='bbox 2525 581 2837 654; x_wconf 88' lang='lat' dir='ltr'>cogebatur,</span> <span class='ocrx_word' id='word_1_229' title='bbox 2871 588 3098 648; x_wconf 87' lang='lat' dir='ltr'>dicens:</span> <span class='ocrx_word' id='word_1_230' title='bbox 3205 566 3463 656; x_wconf 82' lang='lat' dir='ltr'>insensati</span> 
     </span>
    </p>
   </div>
   <div class='ocr_carea' id='block_1_35' title="bbox 1856 656 3461 748">
    <p class='ocr_par' dir='ltr' id='par_1_35' title="bbox 1856 656 3461 748">
     <span class='ocr_line' id='line_1_35' title="bbox 1856 656 3461 748; baseline 0.02 -36"><span class='ocrx_word' id='word_1_231' title='bbox 1856 656 2081 728; x_wconf 64' lang='lat' dir='ltr'>Galatia,</span> <span class='ocrx_word' id='word_1_232' title='bbox 2107 663 2228 732; x_wconf 86' lang='lat' dir='ltr'>quis</span> <span class='ocrx_word' id='word_1_233' title='bbox 2266 681 2357 719; x_wconf 87' lang='lat' dir='ltr'>vos</span> <span class='ocrx_word' id='word_1_234' title='bbox 2385 664 2711 736; x_wconf 87' lang='lat' dir='ltr'>fascinavit;</span> <span class='ocrx_word' id='word_1_235' title='bbox 2738 677 2785 726; x_wconf 88' lang='lat' dir='ltr'>et</span> <span class='ocrx_word' id='word_1_236' title='bbox 2805 674 2879 728; x_wconf 87' lang='lat' dir='ltr'>sic</span> <span class='ocrx_word' id='word_1_237' title='bbox 2910 679 3061 734; x_wconf 83' lang='lat' dir='ltr'>stulti</span> <span class='ocrx_word' id='word_1_238' title='bbox 3085 682 3232 748; x_wconf 84' lang='lat' dir='ltr'>estis,</span> <span class='ocrx_word' id='word_1_239' title='bbox 3265 693 3323 741; x_wconf 90' lang='lat' dir='ltr'>ut</span> <span class='ocrx_word' id='word_1_240' title='bbox 3342 704 3461 743; x_wconf 89' lang='lat' dir='ltr'>cum</span> 
     </span>
    </p>
   </div>
   <div class='ocr_carea' id='block_1_36' title="bbox 1850 749 3454 845">
    <p class='ocr_par' dir='ltr' id='par_1_36' title="bbox 1850 749 3454 845">
     <span class='ocr_line' id='line_1_36' title="bbox 1850 749 3454 845; baseline 0.02 -44"><span class='ocrx_word' id='word_1_241' title='bbox 1850 749 2046 819; x_wconf 80' lang='lat' dir='ltr'>spiritu</span> <span class='ocrx_word' id='word_1_242' title='bbox 2088 754 2368 823; x_wconf 69' lang='lat' dir='ltr'>caperitis,</span> <span class='ocrx_word' id='word_1_243' title='bbox 2410 773 2553 812; x_wconf 86' lang='lat' dir='ltr'>nunc</span> <span class='ocrx_word' id='word_1_244' title='bbox 2592 776 2752 815; x_wconf 88' lang='lat' dir='ltr'>carne</span> <span class='ocrx_word' id='word_1_245' title='bbox 2780 770 3210 827; x_wconf 85' lang='lat' dir='ltr'>consummemini</span> <span class='ocrx_word' id='word_1_246' title='bbox 3243 774 3454 845; x_wconf 88' lang='lat' dir='ltr'>(Galat.</span> 
     </span>
    </p>
   </div>
   <div class='ocr_carea' id='block_1_37' title="bbox 1850 840 3461 934">
    <p class='ocr_par' dir='ltr' id='par_1_37' title="bbox 1850 840 3461 934">
     <span class='ocr_line' id='line_1_37' title="bbox 1850 840 3461 934; baseline 0.019 -43"><span class='ocrx_word' id='word_1_247' title='bbox 1850 853 1932 905; x_wconf 90' lang='grc' dir='ltr'><strong>ιιι,</strong></span> <span class='ocrx_word' id='word_1_248' title='bbox 1967 840 2019 911; x_wconf 90' lang='grc'>1)</span> <span class='ocrx_word' id='word_1_249' title='bbox 2040 840 2068 896; x_wconf 71' lang='grc' dir='ltr'><em>Ἱ</em></span> <span class='ocrx_word' id='word_1_250' title='bbox 2097 843 2184 898; x_wconf 85' lang='lat' dir='ltr'>vel</span> <span class='ocrx_word' id='word_1_251' title='bbox 2214 853 2393 901; x_wconf 91' lang='lat' dir='ltr'>certe:</span> <span class='ocrx_word' id='word_1_252' title='bbox 2433 848 2742 908; x_wconf 81' lang='lat' dir='ltr'>Currebatis</span> <span class='ocrx_word' id='word_1_253' title='bbox 2770 854 2912 923; x_wconf 83' lang='lat' dir='ltr'>bene,</span> <span class='ocrx_word' id='word_1_254' title='bbox 2944 858 3038 927; x_wconf 87' lang='lat' dir='ltr'>qui</span> <span class='ocrx_word' id='word_1_255' title='bbox 3067 876 3160 916; x_wconf 90' lang='lat' dir='ltr'>vos</span> <span class='ocrx_word' id='word_1_256' title='bbox 3188 840 3461 934; x_wconf 81' lang='lat' dir='ltr'>impedivit</span> 
     </span>
    </p>
   </div>
   <div class='ocr_carea' id='block_1_38' title="bbox 1849 929 3460 1024">
    <p class='ocr_par' dir='ltr' id='par_1_38' title="bbox 1849 929 3460 1024">
     <span class='ocr_line' id='line_1_38' title="bbox 1849 929 3460 1024; baseline 0.019 -44"><span class='ocrx_word' id='word_1_257' title='bbox 1849 929 2061 984; x_wconf 83' lang='lat' dir='ltr'>veritati</span> <span class='ocrx_word' id='word_1_258' title='bbox 2105 948 2212 987; x_wconf 86' lang='lat' dir='ltr'>non</span> <span class='ocrx_word' id='word_1_259' title='bbox 2260 935 2469 993; x_wconf 89' lang='lat' dir='ltr'>obedire</span> <span class='ocrx_word' id='word_1_260' title='bbox 2500 938 2705 1009; x_wconf 88' lang='lat' dir='ltr'>(Galat.</span> <span class='ocrx_word' id='word_1_261' title='bbox 2739 961 2795 1012; x_wconf 77' lang='grc' dir='ltr'><strong>ν,</strong></span> <span class='ocrx_word' id='word_1_262' title='bbox 2830 946 2933 1017; x_wconf 67' lang='lat'>7)?</span> <span class='ocrx_word' id='word_1_263' title='bbox 2980 947 3173 1015; x_wconf 88' lang='lat' dir='ltr'>Qualis</span> <span class='ocrx_word' id='word_1_264' title='bbox 3204 929 3275 1007; x_wconf 45' lang='lat' dir='ltr'>in.</span> <span class='ocrx_word' id='word_1_265' title='bbox 3293 952 3460 1024; x_wconf 88' lang='lat' dir='ltr'>hujus</span> 
     </span>
    </p>
   </div>
   <div class='ocr_carea' id='block_1_39' title="bbox 1847 1026 3459 1111">
    <p class='ocr_par' dir='ltr' id='par_1_39' title="bbox 1847 1026 3459 1111">
     <span class='ocr_line' id='line_1_39' title="bbox 1847 1026 3459 1111; baseline 0.019 -40"><span class='ocrx_word' id='word_1_266' title='bbox 1847 1033 2020 1074; x_wconf 86' lang='lat' dir='ltr'>cervae</span> <span class='ocrx_word' id='word_1_267' title='bbox 2053 1029 2209 1091; x_wconf 88' lang='lat' dir='ltr'>partu</span> <span class='ocrx_word' id='word_1_268' title='bbox 2252 1026 2468 1097; x_wconf 88' lang='lat' dir='ltr'>rugitus</span> <span class='ocrx_word' id='word_1_269' title='bbox 2514 1029 2642 1099; x_wconf 89' lang='lat' dir='ltr'>fuit,</span> <span class='ocrx_word' id='word_1_270' title='bbox 2693 1048 2813 1105; x_wconf 74' lang='lat' dir='ltr'>quae</span> <span class='ocrx_word' id='word_1_271' title='bbox 2861 1034 2959 1091; x_wconf 91' lang='lat' dir='ltr'>diu</span> <span class='ocrx_word' id='word_1_272' title='bbox 2988 1048 3284 1111; x_wconf 89' lang='lat' dir='ltr'>conceptos</span> <span class='ocrx_word' id='word_1_273' title='bbox 3313 1042 3459 1102; x_wconf 84' lang='lat' dir='ltr'>ﬁlios</span> 
     </span>
    </p>
   </div>
   <div class='ocr_carea' id='block_1_40' title="bbox 1846 1110 3458 1203">
    <p class='ocr_par' dir='ltr' id='par_1_40' title="bbox 1846 1110 3458 1203">
     <span class='ocr_line' id='line_1_40' title="bbox 1846 1110 3458 1203; baseline 0.019 -43"><span class='ocrx_word' id='word_1_274' title='bbox 1846 1122 1970 1162; x_wconf 91' lang='lat' dir='ltr'>cum</span> <span class='ocrx_word' id='word_1_275' title='bbox 2002 1116 2083 1165; x_wconf 91' lang='lat' dir='ltr'>tot</span> <span class='ocrx_word' id='word_1_276' title='bbox 2112 1110 2532 1173; x_wconf 80' lang='lat' dir='ltr'>difﬁcultatibus</span> <span class='ocrx_word' id='word_1_277' title='bbox 2564 1122 2793 1191; x_wconf 89' lang='lat' dir='ltr'>peperit,</span> <span class='ocrx_word' id='word_1_278' title='bbox 2826 1132 2880 1181; x_wconf 92' lang='lat' dir='ltr'>et</span> <span class='ocrx_word' id='word_1_279' title='bbox 2909 1110 3241 1202; x_wconf 88' lang='lat' dir='ltr'>quandoque</span> <span class='ocrx_word' id='word_1_280' title='bbox 3272 1142 3458 1203; x_wconf 90' lang='lat' dir='ltr'>partos</span> 
     </span>
    </p>
   </div>
   <div class='ocr_carea' id='block_1_41' title="bbox 1843 1196 3454 1284">
    <p class='ocr_par' dir='ltr' id='par_1_41' title="bbox 1843 1196 3454 1284">
     <span class='ocr_line' id='line_1_41' title="bbox 1843 1196 3454 1284; baseline 0.017 -34"><span class='ocrx_word' id='word_1_281' title='bbox 1843 1196 1912 1252; x_wconf 90' lang='lat' dir='ltr'>ad</span> <span class='ocrx_word' id='word_1_282' title='bbox 1944 1198 2168 1256; x_wconf 69' lang='lat' dir='ltr'>malitia)</span> <span class='ocrx_word' id='word_1_283' title='bbox 2197 1211 2416 1260; x_wconf 88' lang='lat' dir='ltr'>uterum</span> <span class='ocrx_word' id='word_1_284' title='bbox 2454 1206 2658 1266; x_wconf 89' lang='lat' dir='ltr'>redisse</span> <span class='ocrx_word' id='word_1_285' title='bbox 2687 1196 2993 1284; x_wconf 76' lang='lat' dir='ltr'>cognovit?</span> <span class='ocrx_word' id='word_1_286' title='bbox 3023 1215 3454 1278; x_wconf 90' lang='lat' dir='ltr'>Consideremus</span> 
     </span>
    </p>
   </div>
   <div class='ocr_carea' id='block_1_42' title="bbox 1844 1286 3451 1382">
    <p class='ocr_par' dir='ltr' id='par_1_42' title="bbox 1844 1286 3451 1382">
     <span class='ocr_line' id='line_1_42' title="bbox 1844 1286 3451 1382; baseline 0.017 -43"><span class='ocrx_word' id='word_1_287' title='bbox 1844 1286 1977 1356; x_wconf 90' lang='lat' dir='ltr'>quid</span> <span class='ocrx_word' id='word_1_288' title='bbox 1998 1287 2205 1345; x_wconf 89' lang='lat' dir='ltr'>doloris</span> <span class='ocrx_word' id='word_1_289' title='bbox 2228 1290 2503 1363; x_wconf 88' lang='lat' dir='ltr'>habuerit,</span> <span class='ocrx_word' id='word_1_290' title='bbox 2528 1298 2661 1371; x_wconf 90' lang='lat' dir='ltr'>quid</span> <span class='ocrx_word' id='word_1_291' title='bbox 2692 1301 2916 1373; x_wconf 88' lang='lat' dir='ltr'>laboris,</span> <span class='ocrx_word' id='word_1_292' title='bbox 2941 1322 3063 1378; x_wconf 68' lang='lat' dir='ltr'>quas</span> <span class='ocrx_word' id='word_1_293' title='bbox 3085 1316 3140 1363; x_wconf 89' lang='lat' dir='ltr'>et</span> <span class='ocrx_word' id='word_1_294' title='bbox 3165 1316 3451 1382; x_wconf 86' lang='lat' dir='ltr'>postquam</span> 
     </span>
    </p>
   </div>
   <div class='ocr_carea' id='block_1_43' title="bbox 1844 1377 3457 1467">
    <p class='ocr_par' dir='ltr' id='par_1_43' title="bbox 1844 1377 3457 1467">
     <span class='ocr_line' id='line_1_43' title="bbox 1844 1377 3457 1467; baseline 0.015 -36"><span class='ocrx_word' id='word_1_295' title='bbox 1844 1377 2025 1448; x_wconf 90' lang='lat' dir='ltr'>potuit</span> <span class='ocrx_word' id='word_1_296' title='bbox 2045 1391 2310 1455; x_wconf 91' lang='lat' dir='ltr'>concepta</span> <span class='ocrx_word' id='word_1_297' title='bbox 2329 1382 2507 1456; x_wconf 91' lang='lat' dir='ltr'>edere,</span> <span class='ocrx_word' id='word_1_298' title='bbox 2532 1404 2754 1447; x_wconf 87' lang='lat' dir='ltr'>rursum</span> <span class='ocrx_word' id='word_1_299' title='bbox 2773 1409 2894 1449; x_wconf 90' lang='lat' dir='ltr'>com</span> <span class='ocrx_word' id='word_1_300' title='bbox 2900 1377 3056 1467; x_wconf 83' lang='lat' dir='ltr'>pulsa</span> <span class='ocrx_word' id='word_1_301' title='bbox 3081 1377 3457 1457; x_wconf 46' lang='lat' dir='ltr'>estexst—incta</span> 
     </span>
    </p>
   </div>
   <div class='ocr_carea' id='block_1_44' title="bbox 1843 1468 2129 1526">
    <p class='ocr_par' dir='ltr' id='par_1_44' title="bbox 1843 1468 2129 1526">
     <span class='ocr_line' id='line_1_44' title="bbox 1843 1468 2129 1526; baseline 0.024 -7"><span class='ocrx_word' id='word_1_302' title='bbox 1843 1468 2129 1526; x_wconf 86' lang='lat' dir='ltr'>suscitare.</span> 
     </span>
    </p>
   </div>
   <div class='ocr_carea' id='block_1_45' title="bbox 1915 1581 3454 1668">
    <p class='ocr_par' dir='ltr' id='par_1_45' title="bbox 1915 1581 3454 1668">
     <span class='ocr_line' id='line_1_45' title="bbox 1915 1581 3454 1668; baseline 0.015 -30"><span class='ocrx_word' id='word_1_303' title='bbox 1915 1581 2053 1654; x_wconf 89' lang='lat' dir='ltr'>[Vet.</span> <span class='ocrx_word' id='word_1_304' title='bbox 2088 1587 2298 1662; x_wconf 84' lang='lat' dir='ltr'>XXII.]</span> <span class='ocrx_word' id='word_1_305' title='bbox 2330 1590 2418 1646; x_wconf 76' lang='grc'>48.</span> <span class='ocrx_word' id='word_1_306' title='bbox 2461 1592 2582 1649; x_wconf 84' lang='lat' dir='ltr'>Nisi</span> <span class='ocrx_word' id='word_1_307' title='bbox 2608 1593 2682 1649; x_wconf 83' lang='lat' dir='ltr'>ad</span> <span class='ocrx_word' id='word_1_308' title='bbox 2710 1595 3070 1668; x_wconf 82' lang='lat' dir='ltr'>inﬁrmitatem</span> <span class='ocrx_word' id='word_1_309' title='bbox 3097 1608 3340 1659; x_wconf 86' lang='lat' dir='ltr'>nostram</span> <span class='ocrx_word' id='word_1_310' title='bbox 3369 1605 3454 1661; x_wconf 86' lang='lat' dir='ltr'>de-</span> 
     </span>
    </p>
   </div>
   <div class='ocr_carea' id='block_1_46' title="bbox 1840 1672 3451 1762">
    <p class='ocr_par' dir='ltr' id='par_1_46' title="bbox 1840 1672 3451 1762">
     <span class='ocr_line' id='line_1_46' title="bbox 1840 1672 3451 1762; baseline 0.017 -40"><span class='ocrx_word' id='word_1_311' title='bbox 1840 1672 2139 1729; x_wconf 85' lang='lat' dir='ltr'>scenderent</span> <span class='ocrx_word' id='word_1_312' title='bbox 2157 1684 2205 1730; x_wconf 85' lang='lat' dir='ltr'>et</span> <span class='ocrx_word' id='word_1_313' title='bbox 2230 1677 2665 1748; x_wconf 85' lang='lat' dir='ltr'>incurvarentur,</span> <span class='ocrx_word' id='word_1_314' title='bbox 2682 1684 2824 1755; x_wconf 77' lang='lat' dir='ltr'>ﬁlios</span> <span class='ocrx_word' id='word_1_315' title='bbox 2852 1687 2911 1740; x_wconf 84' lang='lat' dir='ltr'>in</span> <span class='ocrx_word' id='word_1_316' title='bbox 2938 1688 3041 1759; x_wconf 79' lang='lat' dir='ltr'>ﬁde</span> <span class='ocrx_word' id='word_1_317' title='bbox 3066 1707 3174 1745; x_wconf 82' lang='lat' dir='ltr'>non</span> <span class='ocrx_word' id='word_1_318' title='bbox 3200 1708 3451 1762; x_wconf 84' lang='lat' dir='ltr'>procrea-</span> 
     </span>
    </p>
   </div>
   <div class='ocr_carea' id='block_1_47' title="bbox 1839 1764 3449 1840">
    <p class='ocr_par' dir='ltr' id='par_1_47' title="bbox 1839 1764 3449 1840">
     <span class='ocr_line' id='line_1_47' title="bbox 1839 1764 3449 1840; baseline 0.017 -27"><span class='ocrx_word' id='word_1_319' title='bbox 1839 1768 1976 1816; x_wconf 87' lang='lat' dir='ltr'>rent.</span> <span class='ocrx_word' id='word_1_320' title='bbox 2026 1764 2222 1833; x_wconf 84' lang='lat' dir='ltr'>Sapere</span> <span class='ocrx_word' id='word_1_321' title='bbox 2261 1768 2335 1822; x_wconf 89' lang='lat' dir='ltr'>ad</span> <span class='ocrx_word' id='word_1_322' title='bbox 2388 1769 2720 1825; x_wconf 82' lang='lat' dir='ltr'>sobrietatem</span> <span class='ocrx_word' id='word_1_323' title='bbox 2767 1774 2966 1831; x_wconf 86' lang='lat' dir='ltr'>debent.</span> <span class='ocrx_word' id='word_1_324' title='bbox 3017 1807 3089 1819; x_wconf 88' lang='lat'><em>—</em></span> <span class='ocrx_word' id='word_1_325' title='bbox 3132 1780 3449 1840; x_wconf 89' lang='lat' dir='ltr'>Notandum</span> 
     </span>
    </p>
   </div>
   <div class='ocr_carea' id='block_1_48' title="bbox 1762 1850 3451 1930">
    <p class='ocr_par' dir='ltr' id='par_1_48' title="bbox 1762 1850 3451 1930">
     <span class='ocr_line' id='line_1_48' title="bbox 1762 1850 3451 1930; baseline 0.015 -28"><span class='ocrx_word' id='word_1_326' title='bbox 1762 1850 1808 1909; x_wconf 92' lang='lat' dir='ltr'><strong>B</strong></span> <span class='ocrx_word' id='word_1_327' title='bbox 1842 1864 1971 1905; x_wconf 88' lang='lat' dir='ltr'>vero</span> <span class='ocrx_word' id='word_1_328' title='bbox 1998 1867 2348 1925; x_wconf 87' lang='lat' dir='ltr'>summopere</span> <span class='ocrx_word' id='word_1_329' title='bbox 2367 1864 2449 1911; x_wconf 90' lang='lat' dir='ltr'>est</span> <span class='ocrx_word' id='word_1_330' title='bbox 2469 1858 2618 1930; x_wconf 92' lang='lat' dir='ltr'>quod</span> <span class='ocrx_word' id='word_1_331' title='bbox 2650 1860 2767 1916; x_wconf 68' lang='lat' dir='ltr'>istas</span> <span class='ocrx_word' id='word_1_332' title='bbox 2797 1878 2973 1919; x_wconf 61' lang='lat' dir='ltr'>cervas</span> <span class='ocrx_word' id='word_1_333' title='bbox 3001 1864 3370 1926; x_wconf 77' lang='lat' dir='ltr'>incurventur</span> <span class='ocrx_word' id='word_1_334' title='bbox 3390 1882 3451 1928; x_wconf 91' lang='lat' dir='ltr'>ut</span> 
     </span>
    </p>
   </div>
   <div class='ocr_carea' id='block_1_49' title="bbox 1836 1940 3443 2029">
    <p class='ocr_par' dir='ltr' id='par_1_49' title="bbox 1836 1940 3443 2029">
     <span class='ocr_line' id='line_1_49' title="bbox 1836 1940 3443 2029; baseline 0.015 -35"><span class='ocrx_word' id='word_1_335' title='bbox 1836 1940 2072 2011; x_wconf 89' lang='lat' dir='ltr'>pariant,</span> <span class='ocrx_word' id='word_1_336' title='bbox 2106 1945 2235 2015; x_wconf 89' lang='lat' dir='ltr'>quia</span> <span class='ocrx_word' id='word_1_337' title='bbox 2258 1944 2525 2003; x_wconf 90' lang='lat' dir='ltr'>nimirum</span> <span class='ocrx_word' id='word_1_338' title='bbox 2556 1948 2601 2004; x_wconf 91' lang='lat' dir='ltr'>si</span> <span class='ocrx_word' id='word_1_339' title='bbox 2631 1959 2824 2023; x_wconf 82' lang='lat' dir='ltr'>erectae</span> <span class='ocrx_word' id='word_1_340' title='bbox 2854 1960 3083 2024; x_wconf 89' lang='lat' dir='ltr'>starent,</span> <span class='ocrx_word' id='word_1_341' title='bbox 3113 1973 3300 2029; x_wconf 87' lang='lat' dir='ltr'>parere</span> <span class='ocrx_word' id='word_1_342' title='bbox 3331 1978 3443 2018; x_wconf 89' lang='lat' dir='ltr'>non</span> 
     </span>
    </p>
   </div>
   <div class='ocr_carea' id='block_1_50' title="bbox 1836 2030 3447 2109">
    <p class='ocr_par' dir='ltr' id='par_1_50' title="bbox 1836 2030 3447 2109">
     <span class='ocr_line' id='line_1_50' title="bbox 1836 2030 3447 2109; baseline 0.016 -28"><span class='ocrx_word' id='word_1_343' title='bbox 1836 2030 2103 2087; x_wconf 87' lang='lat' dir='ltr'>valerent.</span> <span class='ocrx_word' id='word_1_344' title='bbox 2148 2033 2265 2089; x_wconf 91' lang='lat' dir='ltr'>Nisi</span> <span class='ocrx_word' id='word_1_345' title='bbox 2306 2036 2454 2091; x_wconf 92' lang='lat' dir='ltr'>enim</span> <span class='ocrx_word' id='word_1_346' title='bbox 2488 2037 2876 2109; x_wconf 83' lang='lat' dir='ltr'>praedicatores</span> <span class='ocrx_word' id='word_1_347' title='bbox 2904 2045 3080 2101; x_wconf 89' lang='lat' dir='ltr'>sancti</span> <span class='ocrx_word' id='word_1_348' title='bbox 3112 2046 3180 2102; x_wconf 88' lang='lat' dir='ltr'>ab</span> <span class='ocrx_word' id='word_1_349' title='bbox 3207 2048 3306 2104; x_wconf 89' lang='lat' dir='ltr'>illa</span> <span class='ocrx_word' id='word_1_350' title='bbox 3346 2050 3447 2106; x_wconf 85' lang='lat' dir='ltr'>im-</span> 
     </span>
    </p>
   </div>
   <div class='ocr_carea' id='block_1_51' title="bbox 1834 2120 3446 2207">
    <p class='ocr_par' dir='ltr' id='par_1_51' title="bbox 1834 2120 3446 2207">
     <span class='ocr_line' id='line_1_51' title="bbox 1834 2120 3446 2207; baseline 0.015 -35"><span class='ocrx_word' id='word_1_351' title='bbox 1834 2120 2124 2176; x_wconf 88' lang='lat' dir='ltr'>mensitate</span> <span class='ocrx_word' id='word_1_352' title='bbox 2144 2125 2629 2195; x_wconf 88' lang='lat' dir='ltr'>contemplationis</span> <span class='ocrx_word' id='word_1_353' title='bbox 2649 2127 2881 2186; x_wconf 63' lang='lat' dir='ltr'>internas</span> <span class='ocrx_word' id='word_1_354' title='bbox 2911 2148 3075 2205; x_wconf 89' lang='lat' dir='ltr'>quam</span> <span class='ocrx_word' id='word_1_355' title='bbox 3105 2136 3354 2207; x_wconf 84' lang='lat' dir='ltr'>capiunt,</span> <span class='ocrx_word' id='word_1_356' title='bbox 3376 2139 3446 2196; x_wconf 91' lang='lat' dir='ltr'>ad</span> 
     </span>
    </p>
   </div>
   <div class='ocr_carea' id='block_1_52' title="bbox 1834 2206 3443 2300">
    <p class='ocr_par' dir='ltr' id='par_1_52' title="bbox 1834 2206 3443 2300">
     <span class='ocr_line' id='line_1_52' title="bbox 1834 2206 3443 2300; baseline 0.015 -39"><span class='ocrx_word' id='word_1_357' title='bbox 1834 2206 2215 2267; x_wconf 89' lang='lat' dir='ltr'>inﬁrmitatem</span> <span class='ocrx_word' id='word_1_358' title='bbox 2246 2222 2490 2270; x_wconf 87' lang='lat' dir='ltr'>nostram</span> <span class='ocrx_word' id='word_1_359' title='bbox 2523 2214 2844 2275; x_wconf 92' lang='lat' dir='ltr'>humillima</span> <span class='ocrx_word' id='word_1_360' title='bbox 2872 2220 3263 2292; x_wconf 80' lang='lat' dir='ltr'>praedicatione</span> <span class='ocrx_word' id='word_1_361' title='bbox 3284 2229 3443 2300; x_wconf 85' lang='lat' dir='ltr'>quasi</span> 
     </span>
    </p>
   </div>
   <div class='ocr_carea' id='block_1_53' title="bbox 1833 2296 3445 2390">
    <p class='ocr_par' dir='ltr' id='par_1_53' title="bbox 1833 2296 3445 2390">
     <span class='ocr_line' id='line_1_53' title="bbox 1833 2296 3445 2390; baseline 0.015 -40"><span class='ocrx_word' id='word_1_362' title='bbox 1833 2296 2069 2368; x_wconf 89' lang='lat' dir='ltr'>quadam</span> <span class='ocrx_word' id='word_1_363' title='bbox 2100 2298 2485 2358; x_wconf 89' lang='lat' dir='ltr'>incurvatione</span> <span class='ocrx_word' id='word_1_364' title='bbox 2505 2304 2919 2377; x_wconf 85' lang='lat' dir='ltr'>descenderent,</span> <span class='ocrx_word' id='word_1_365' title='bbox 2944 2326 3229 2386; x_wconf 90' lang='lat' dir='ltr'>nunquam</span> <span class='ocrx_word' id='word_1_366' title='bbox 3253 2296 3445 2390; x_wconf 75' lang='lat' dir='ltr'>utique</span> 
     </span>
    </p>
   </div>
   <div class='ocr_carea' id='block_1_54' title="bbox 1831 2384 3440 2471">
    <p class='ocr_par' dir='ltr' id='par_1_54' title="bbox 1831 2384 3440 2471">
     <span class='ocr_line' id='line_1_54' title="bbox 1831 2384 3440 2471; baseline 0.014 -32"><span class='ocrx_word' id='word_1_367' title='bbox 1831 2384 1891 2439; x_wconf 92' lang='lat' dir='ltr'>in</span> <span class='ocrx_word' id='word_1_368' title='bbox 1920 2384 2028 2441; x_wconf 89' lang='lat' dir='ltr'>ﬁde</span> <span class='ocrx_word' id='word_1_369' title='bbox 2055 2385 2201 2444; x_wconf 89' lang='lat' dir='ltr'>ﬁlios</span> <span class='ocrx_word' id='word_1_370' title='bbox 2222 2402 2588 2460; x_wconf 88' lang='lat' dir='ltr'>procrearent.</span> <span class='ocrx_word' id='word_1_371' title='bbox 2616 2395 2786 2451; x_wconf 89' lang='lat' dir='ltr'>Nobis</span> <span class='ocrx_word' id='word_1_372' title='bbox 2815 2399 3018 2470; x_wconf 89' lang='lat' dir='ltr'>quippe</span> <span class='ocrx_word' id='word_1_373' title='bbox 3048 2384 3303 2471; x_wconf 75' lang='lat' dir='ltr'>prodesse</span> <span class='ocrx_word' id='word_1_374' title='bbox 3327 2384 3440 2462; x_wconf 76' lang='lat' dir='ltr'>non</span> 
     </span>
    </p>
   </div>
   <div class='ocr_carea' id='block_1_55' title="bbox 1830 2476 3435 2562">
    <p class='ocr_par' dir='ltr' id='par_1_55' title="bbox 1830 2476 3435 2562">
     <span class='ocr_line' id='line_1_55' title="bbox 1830 2476 3435 2562; baseline 0.016 -34"><span class='ocrx_word' id='word_1_375' title='bbox 1830 2485 2072 2545; x_wconf 87' lang='lat' dir='ltr'>possent,</span> <span class='ocrx_word' id='word_1_376' title='bbox 2102 2476 2149 2532; x_wconf 88' lang='lat' dir='ltr'>si</span> <span class='ocrx_word' id='word_1_377' title='bbox 2180 2476 2238 2533; x_wconf 90' lang='lat' dir='ltr'>in</span> <span class='ocrx_word' id='word_1_378' title='bbox 2269 2497 2380 2535; x_wconf 67' lang='lat' dir='ltr'>suae</span> <span class='ocrx_word' id='word_1_379' title='bbox 2410 2482 2723 2541; x_wconf 89' lang='lat' dir='ltr'>altitudinis</span> <span class='ocrx_word' id='word_1_380' title='bbox 2752 2487 3031 2545; x_wconf 91' lang='lat' dir='ltr'>erectione</span> <span class='ocrx_word' id='word_1_381' title='bbox 3060 2493 3435 2562; x_wconf 89' lang='lat' dir='ltr'>persisterent.</span> 
     </span>
    </p>
   </div>
   <div class='ocr_carea' id='block_1_56' title="bbox 1829 2561 3431 2647">
    <p class='ocr_par' dir='ltr' id='par_1_56' title="bbox 1829 2561 3431 2647">
     <span class='ocr_line' id='line_1_56' title="bbox 1829 2561 3431 2647; baseline 0.015 -30"><span class='ocrx_word' id='word_1_382' title='bbox 1829 2561 1935 2618; x_wconf 90' lang='lat' dir='ltr'>Sed</span> <span class='ocrx_word' id='word_1_383' title='bbox 1964 2564 2252 2624; x_wconf 89' lang='lat' dir='ltr'>videamus</span> <span class='ocrx_word' id='word_1_384' title='bbox 2281 2586 2501 2626; x_wconf 90' lang='lat' dir='ltr'>cervam</span> <span class='ocrx_word' id='word_1_385' title='bbox 2532 2588 2649 2629; x_wconf 89' lang='lat' dir='ltr'>sese</span> <span class='ocrx_word' id='word_1_386' title='bbox 2692 2581 2754 2629; x_wconf 89' lang='lat' dir='ltr'>ut</span> <span class='ocrx_word' id='word_1_387' title='bbox 2800 2577 2974 2647; x_wconf 87' lang='lat' dir='ltr'>pariat</span> <span class='ocrx_word' id='word_1_388' title='bbox 3006 2561 3392 2639; x_wconf 11' lang='lat' dir='ltr'>in’curvantem</span> <span class='ocrx_word' id='word_1_389' title='bbox 3420 2604 3431 2642; x_wconf 88' lang='lat'>:</span> 
     </span>
    </p>
   </div>
   <div class='ocr_carea' id='block_1_57' title="bbox 1828 2653 3440 2741">
    <p class='ocr_par' dir='ltr' id='par_1_57' title="bbox 1828 2653 3440 2741">
     <span class='ocr_line' id='line_1_57' title="bbox 1828 2653 3440 2741; baseline 0.014 -34"><span class='ocrx_word' id='word_1_390' title='bbox 1828 2653 1965 2723; x_wconf 90' lang='lat' dir='ltr'>Ego,</span> <span class='ocrx_word' id='word_1_391' title='bbox 1994 2654 2195 2728; x_wconf 90' lang='lat' dir='ltr'>inquit,</span> <span class='ocrx_word' id='word_1_392' title='bbox 2233 2676 2340 2713; x_wconf 86' lang='lat' dir='ltr'>nou</span> <span class='ocrx_word' id='word_1_393' title='bbox 2362 2662 2511 2730; x_wconf 84' lang='lat' dir='ltr'>potui</span> <span class='ocrx_word' id='word_1_394' title='bbox 2543 2663 2684 2718; x_wconf 82' lang='lat' dir='ltr'>vobis</span> <span class='ocrx_word' id='word_1_395' title='bbox 2717 2665 2863 2735; x_wconf 86' lang='lat' dir='ltr'>loqui</span> <span class='ocrx_word' id='word_1_396' title='bbox 2889 2669 3047 2737; x_wconf 87' lang='lat' dir='ltr'>quasi</span> <span class='ocrx_word' id='word_1_397' title='bbox 3084 2670 3440 2741; x_wconf 84' lang='lat' dir='ltr'>spiritalibus,</span> 
     </span>
    </p>
   </div>
   <div class='ocr_carea' id='block_1_58' title="bbox 1827 2741 3437 2825">
    <p class='ocr_par' dir='ltr' id='par_1_58' title="bbox 1827 2741 3437 2825">
     <span class='ocr_line' id='line_1_58' title="bbox 1827 2741 3437 2825; baseline 0.015 -31"><span class='ocrx_word' id='word_1_398' title='bbox 1827 2741 1915 2795; x_wconf 86' lang='lat' dir='ltr'>sed</span> <span class='ocrx_word' id='word_1_399' title='bbox 1943 2745 2101 2812; x_wconf 88' lang='lat' dir='ltr'>quasi</span> <span class='ocrx_word' id='word_1_400' title='bbox 2128 2749 2456 2815; x_wconf 85' lang='lat' dir='ltr'>carnalibus,</span> <span class='ocrx_word' id='word_1_401' title='bbox 2485 2757 2742 2822; x_wconf 85' lang='lat' dir='ltr'>tanquam</span> <span class='ocrx_word' id='word_1_402' title='bbox 2760 2757 3012 2825; x_wconf 81' lang='lat' dir='ltr'>parvulis</span> <span class='ocrx_word' id='word_1_403' title='bbox 3026 2757 3085 2811; x_wconf 88' lang='lat' dir='ltr'>in</span> <span class='ocrx_word' id='word_1_404' title='bbox 3108 2757 3321 2815; x_wconf 82' lang='lat' dir='ltr'>Christo</span> <span class='ocrx_word' id='word_1_405' title='bbox 3353 2764 3437 2819; x_wconf 90' lang='lat' dir='ltr'>lac</span> 
     </span>
    </p>
   </div>
   <div class='ocr_carea' id='block_1_59' title="bbox 1826 2829 3439 2925">
    <p class='ocr_par' dir='ltr' id='par_1_59' title="bbox 1826 2829 3439 2925">
     <span class='ocr_line' id='line_1_59' title="bbox 1826 2829 3439 2925; baseline 0.015 -42"><span class='ocrx_word' id='word_1_406' title='bbox 1826 2829 1972 2885; x_wconf 83' lang='lat' dir='ltr'>vobis</span> <span class='ocrx_word' id='word_1_407' title='bbox 2010 2840 2197 2902; x_wconf 86' lang='lat' dir='ltr'>potum</span> <span class='ocrx_word' id='word_1_408' title='bbox 2240 2837 2381 2901; x_wconf 83' lang='lat' dir='ltr'>dedi,</span> <span class='ocrx_word' id='word_1_409' title='bbox 2410 2855 2517 2893; x_wconf 83' lang='lat' dir='ltr'>non</span> <span class='ocrx_word' id='word_1_410' title='bbox 2559 2858 2728 2896; x_wconf 88' lang='lat' dir='ltr'>escam</span> <span class='ocrx_word' id='word_1_411' title='bbox 2775 2842 2834 2913; x_wconf 95' lang='grc' dir='ltr'>(Ι</span> <span class='ocrx_word' id='word_1_412' title='bbox 2861 2845 2986 2901; x_wconf 85' lang='lat' dir='ltr'>Cor.</span> <span class='ocrx_word' id='word_1_413' title='bbox 3022 2863 3109 2912; x_wconf 81' lang='grc' dir='ltr'><strong>ιιι,</strong></span> <span class='ocrx_word' id='word_1_414' title='bbox 3144 2848 3221 2921; x_wconf 82' lang='grc'>1).</span> <span class='ocrx_word' id='word_1_415' title='bbox 3257 2851 3439 2925; x_wconf 87' lang='lat' dir='ltr'>Atque</span> 
     </span>
    </p>
   </div>
   <div class='ocr_carea' id='block_1_60' title="bbox 1826 2918 3429 3006">
    <p class='ocr_par' dir='ltr' id='par_1_60' title="bbox 1826 2918 3429 3006">
     <span class='ocr_line' id='line_1_60' title="bbox 1826 2918 3429 3006; baseline 0.014 -34"><span class='ocrx_word' id='word_1_416' title='bbox 1826 2934 1957 2973; x_wconf 87' lang='lat' dir='ltr'>mox</span> <span class='ocrx_word' id='word_1_417' title='bbox 1970 2918 2213 2990; x_wconf 87' lang='lat' dir='ltr'>ejusdem</span> <span class='ocrx_word' id='word_1_418' title='bbox 2227 2922 2631 2982; x_wconf 90' lang='lat' dir='ltr'>incurvationis</span> <span class='ocrx_word' id='word_1_419' title='bbox 2646 2945 2838 2986; x_wconf 87' lang='lat' dir='ltr'>causas</span> <span class='ocrx_word' id='word_1_420' title='bbox 2853 2918 3200 3006; x_wconf 76' lang='lat' dir='ltr'>exsequitur,</span> <span class='ocrx_word' id='word_1_421' title='bbox 3218 2936 3429 2995; x_wconf 89' lang='lat' dir='ltr'>dicens:</span> 
     </span>
    </p>
   </div>
   <div class='ocr_carea' id='block_1_61' title="bbox 1824 3007 3431 3097">
    <p class='ocr_par' dir='ltr' id='par_1_61' title="bbox 1824 3007 3431 3097">
     <span class='ocr_line' id='line_1_61' title="bbox 1824 3007 3431 3097; baseline 0.013 -35"><span class='ocrx_word' id='word_1_422' title='bbox 1824 3007 2073 3064; x_wconf 82' lang='lat' dir='ltr'>Nondum</span> <span class='ocrx_word' id='word_1_423' title='bbox 2101 3012 2237 3065; x_wconf 83' lang='lat' dir='ltr'>enim</span> <span class='ocrx_word' id='word_1_424' title='bbox 2268 3014 2544 3083; x_wconf 83' lang='lat' dir='ltr'>poteratis,</span> <span class='ocrx_word' id='word_1_425' title='bbox 2586 3017 2677 3071; x_wconf 87' lang='lat' dir='ltr'>sed</span> <span class='ocrx_word' id='word_1_426' title='bbox 2708 3034 2800 3072; x_wconf 89' lang='lat' dir='ltr'>nec</span> <span class='ocrx_word' id='word_1_427' title='bbox 2825 3020 3000 3075; x_wconf 87' lang='lat' dir='ltr'>adhuc</span> <span class='ocrx_word' id='word_1_428' title='bbox 3039 3025 3253 3092; x_wconf 83' lang='lat' dir='ltr'>quidem</span> <span class='ocrx_word' id='word_1_429' title='bbox 3288 3034 3431 3097; x_wconf 84' lang='lat' dir='ltr'>pote-</span> 
     </span>
    </p>
   </div>
   <div class='ocr_carea' id='block_1_62' title="bbox 1823 3098 3428 3183">
    <p class='ocr_par' dir='ltr' id='par_1_62' title="bbox 1823 3098 3428 3183">
     <span class='ocr_line' id='line_1_62' title="bbox 1823 3098 3428 3183; baseline 0.012 -30"><span class='ocrx_word' id='word_1_430' title='bbox 1823 3098 1917 3153; x_wconf 86' lang='lat' dir='ltr'>stis</span> <span class='ocrx_word' id='word_1_431' title='bbox 1948 3098 2136 3171; x_wconf 85' lang='lat' dir='ltr'>(Ibid.,</span> <span class='ocrx_word' id='word_1_432' title='bbox 2166 3102 2247 3175; x_wconf 81' lang='lat'>2).</span> <span class='ocrx_word' id='word_1_433' title='bbox 2271 3102 2377 3159; x_wconf 88' lang='lat' dir='ltr'>Sed</span> <span class='ocrx_word' id='word_1_434' title='bbox 2401 3103 2545 3160; x_wconf 89' lang='lat' dir='ltr'>hanc</span> <span class='ocrx_word' id='word_1_435' title='bbox 2563 3121 2802 3175; x_wconf 89' lang='lat' dir='ltr'>cervam,</span> <span class='ocrx_word' id='word_1_436' title='bbox 2826 3124 2949 3181; x_wconf 86' lang='lat' dir='ltr'>quae</span> <span class='ocrx_word' id='word_1_437' title='bbox 2972 3122 3195 3183; x_wconf 91' lang='lat' dir='ltr'>propter</span> <span class='ocrx_word' id='word_1_438' title='bbox 3223 3130 3325 3171; x_wconf 90' lang='lat' dir='ltr'>nos</span> <span class='ocrx_word' id='word_1_439' title='bbox 3347 3116 3428 3173; x_wconf 90' lang='lat' dir='ltr'>in-</span> 
     </span>
    </p>
   </div>
   <div class='ocr_carea' id='block_1_63' title="bbox 117 3178 1715 3273">
    <p class='ocr_par' dir='ltr' id='par_1_63' title="bbox 117 3178 1706 3267">
     <span class='ocr_line' id='line_1_63' title="bbox 117 3178 1706 3267; baseline 0.012 -31"><span class='ocrx_word' id='word_1_440' title='bbox 117 3178 396 3255; x_wconf 88' lang='lat' dir='ltr'>Subaudis,</span> <span class='ocrx_word' id='word_1_441' title='bbox 430 3185 504 3242; x_wconf 90' lang='lat' dir='ltr'>Ut</span> <span class='ocrx_word' id='word_1_442' title='bbox 532 3203 650 3259; x_wconf 90' lang='lat' dir='ltr'>ego,</span> <span class='ocrx_word' id='word_1_443' title='bbox 683 3190 778 3263; x_wconf 90' lang='lat' dir='ltr'>qui</span> <span class='ocrx_word' id='word_1_444' title='bbox 810 3190 942 3247; x_wconf 91' lang='lat' dir='ltr'>dum</span> <span class='ocrx_word' id='word_1_445' title='bbox 975 3193 1032 3248; x_wconf 92' lang='lat' dir='ltr'>in</span> <span class='ocrx_word' id='word_1_446' title='bbox 1068 3178 1706 3267; x_wconf 11' lang='lat' dir='ltr'>cogitationeﬂvirtutum</span> 
     </span>
    </p>
   </div>
   <div class='ocr_carea' id='block_1_64' title="bbox 1827 3178 3425 3273">
    <p class='ocr_par' dir='ltr' id='par_1_64' title="bbox 1827 3178 3425 3265">
     <span class='ocr_line' id='line_1_64' title="bbox 1827 3178 3425 3265; baseline 0.013 -22"><span class='ocrx_word' id='word_1_447' title='bbox 1827 3199 2047 3247; x_wconf 81' lang='lat' dir='ltr'>curvata</span> <span class='ocrx_word' id='word_1_448' title='bbox 2068 3201 2170 3260; x_wconf 89' lang='lat' dir='ltr'>est,</span> <span class='ocrx_word' id='word_1_449' title='bbox 2193 3208 2377 3265; x_wconf 69' lang='lat' dir='ltr'>quaeso</span> <span class='ocrx_word' id='word_1_450' title='bbox 2400 3194 2687 3253; x_wconf 88' lang='lat' dir='ltr'>videamus</span> <span class='ocrx_word' id='word_1_451' title='bbox 2711 3178 2860 3261; x_wconf 57' lang='lat' dir='ltr'>97S</span> <span class='ocrx_word' id='word_1_452' title='bbox 2887 3178 3146 3258; x_wconf 75' lang='lat' dir='ltr'>erectam.</span> <span class='ocrx_word' id='word_1_453' title='bbox 3170 3204 3298 3261; x_wconf 89' lang='lat' dir='ltr'>Ait:</span> <span class='ocrx_word' id='word_1_454' title='bbox 3329 3207 3425 3262; x_wconf 86' lang='lat' dir='ltr'>Sa-</span> 
     </span>
    </p>
   </div>
   <div class='ocr_carea' id='block_1_65' title="bbox 116 3273 1707 3360">
    <p class='ocr_par' dir='ltr' id='par_1_65' title="bbox 116 3273 1707 3360">
     <span class='ocr_line' id='line_1_65' title="bbox 116 3273 1707 3360; baseline 0.012 -35"><span class='ocrx_word' id='word_1_455' title='bbox 116 3284 312 3329; x_wconf 87' lang='lat' dir='ltr'>menses</span> <span class='ocrx_word' id='word_1_456' title='bbox 358 3273 675 3346; x_wconf 91' lang='lat' dir='ltr'>dinumero,</span> <span class='ocrx_word' id='word_1_457' title='bbox 708 3279 929 3352; x_wconf 91' lang='lat' dir='ltr'>quando</span> <span class='ocrx_word' id='word_1_458' title='bbox 967 3281 1075 3340; x_wconf 88' lang='lat' dir='ltr'>hoc</span> <span class='ocrx_word' id='word_1_459' title='bbox 1101 3283 1251 3356; x_wconf 90' lang='lat' dir='ltr'>quod</span> <span class='ocrx_word' id='word_1_460' title='bbox 1293 3285 1521 3357; x_wconf 89' lang='lat' dir='ltr'>implere</span> <span class='ocrx_word' id='word_1_461' title='bbox 1550 3303 1707 3360; x_wconf 88' lang='lat' dir='ltr'>appe-</span> 
     </span>
    </p>
   </div>
   <div class='ocr_carea' id='block_1_66' title="bbox 121 3364 1708 3443">
    <p class='ocr_par' dir='ltr' id='par_1_66' title="bbox 121 3364 1708 3443">
     <span class='ocr_line' id='line_1_66' title="bbox 121 3364 1708 3443; baseline 0.012 -29"><span class='ocrx_word' id='word_1_462' title='bbox 121 3364 232 3416; x_wconf 85' lang='lat' dir='ltr'>tunt</span> <span class='ocrx_word' id='word_1_463' title='bbox 259 3378 447 3434; x_wconf 90' lang='lat' dir='ltr'>parere</span> <span class='ocrx_word' id='word_1_464' title='bbox 485 3365 703 3423; x_wconf 86' lang='lat' dir='ltr'>valeant</span> <span class='ocrx_word' id='word_1_465' title='bbox 737 3368 871 3438; x_wconf 92' lang='lat' dir='ltr'>scio,</span> <span class='ocrx_word' id='word_1_466' title='bbox 905 3370 1034 3443; x_wconf 85' lang='lat' dir='ltr'>quia</span> <span class='ocrx_word' id='word_1_467' title='bbox 1063 3372 1329 3429; x_wconf 91' lang='lat' dir='ltr'>nimirum</span> <span class='ocrx_word' id='word_1_468' title='bbox 1362 3372 1493 3431; x_wconf 90' lang='lat' dir='ltr'>dum</span> <span class='ocrx_word' id='word_1_469' title='bbox 1526 3376 1708 3433; x_wconf 88' lang='lat' dir='ltr'>cordis</span> 
     </span>
    </p>
   </div>
   <div class='ocr_carea' id='block_1_67' title="bbox 113 3450 1706 3536">
    <p class='ocr_par' dir='ltr' id='par_1_67' title="bbox 113 3450 1706 3536">
     <span class='ocr_line' id='line_1_67' title="bbox 113 3450 1706 3536; baseline 0.012 -35"><span class='ocrx_word' id='word_1_470' title='bbox 113 3450 310 3507; x_wconf 90' lang='lat' dir='ltr'>occulta</span> <span class='ocrx_word' id='word_1_471' title='bbox 337 3453 647 3525; x_wconf 89' lang='lat' dir='ltr'>conspicio,</span> <span class='ocrx_word' id='word_1_472' title='bbox 678 3455 927 3513; x_wconf 88' lang='lat' dir='ltr'>futurum</span> <span class='ocrx_word' id='word_1_473' title='bbox 959 3458 1095 3516; x_wconf 88' lang='lat' dir='ltr'>foris</span> <span class='ocrx_word' id='word_1_474' title='bbox 1125 3460 1378 3518; x_wconf 78' lang='lat' dir='ltr'>effectum</span> <span class='ocrx_word' id='word_1_475' title='bbox 1410 3465 1592 3536; x_wconf 90' lang='lat' dir='ltr'>operis</span> <span class='ocrx_word' id='word_1_476' title='bbox 1626 3464 1706 3520; x_wconf 90' lang='lat' dir='ltr'>in-</span> 
     </span>
    </p>
   </div>
   <div class='ocr_carea' id='block_1_68' title="bbox 112 3536 1472 3625">
    <p class='ocr_par' dir='ltr' id='par_1_68' title="bbox 112 3536 1472 3625">
     <span class='ocr_line' id='line_1_68' title="bbox 112 3536 1472 3625; baseline 0.015 -36"><span class='ocrx_word' id='word_1_477' title='bbox 112 3542 190 3591; x_wconf 88' lang='lat' dir='ltr'>tus</span> <span class='ocrx_word' id='word_1_478' title='bbox 216 3536 271 3593; x_wconf 92' lang='lat' dir='ltr'>in</span> <span class='ocrx_word' id='word_1_479' title='bbox 299 3542 548 3612; x_wconf 88' lang='lat' dir='ltr'>pondere</span> <span class='ocrx_word' id='word_1_480' title='bbox 576 3545 926 3616; x_wconf 71' lang='lat' dir='ltr'>cogitationis</span> <span class='ocrx_word' id='word_1_481' title='bbox 953 3564 1142 3621; x_wconf 90' lang='lat' dir='ltr'>penso.</span> <span class='ocrx_word' id='word_1_482' title='bbox 1176 3551 1472 3625; x_wconf 90' lang='lat' dir='ltr'>Sequitur:</span> 
     </span>
    </p>
   </div>
   <div class='ocr_carea' id='block_1_69' title="bbox 704 3632 1108 3695">
    <p class='ocr_par' dir='ltr' id='par_1_69' title="bbox 704 3632 1108 3695">
     <span class='ocr_line' id='line_1_69' title="bbox 704 3632 1108 3695; baseline 0.012 -5"><span class='ocrx_word' id='word_1_483' title='bbox 704 3632 929 3693; x_wconf 84' lang='lat' dir='ltr'>CAPUT</span> <span class='ocrx_word' id='word_1_484' title='bbox 958 3638 1108 3695; x_wconf 92' lang='lat' dir='ltr'>XIII.</span> 
     </span>
    </p>
   </div>
   <div class='ocr_carea' id='block_1_70' title="bbox 1813 3286 3426 3372">
    <p class='ocr_par' dir='ltr' id='par_1_70' title="bbox 1813 3286 3426 3372">
     <span class='ocr_line' id='line_1_70' title="bbox 1813 3286 3426 3372; baseline 0.012 -33"><span class='ocrx_word' id='word_1_485' title='bbox 1813 3286 2070 3357; x_wconf 83' lang='lat' dir='ltr'>pientiam</span> <span class='ocrx_word' id='word_1_486' title='bbox 2119 3289 2387 3360; x_wconf 87' lang='lat' dir='ltr'>loquimur</span> <span class='ocrx_word' id='word_1_487' title='bbox 2427 3292 2566 3347; x_wconf 87' lang='lat' dir='ltr'>inter</span> <span class='ocrx_word' id='word_1_488' title='bbox 2591 3293 2848 3365; x_wconf 83' lang='lat' dir='ltr'>perfectos</span> <span class='ocrx_word' id='word_1_489' title='bbox 2896 3295 2956 3368; x_wconf 89' lang='grc' dir='ltr'>(Ι</span> <span class='ocrx_word' id='word_1_490' title='bbox 2980 3296 3106 3353; x_wconf 90' lang='lat' dir='ltr'>Cor.</span> <span class='ocrx_word' id='word_1_491' title='bbox 3141 3314 3205 3368; x_wconf 87' lang='grc' dir='ltr'>ιι,</span> <span class='ocrx_word' id='word_1_492' title='bbox 3237 3299 3318 3372; x_wconf 87' lang='grc'>6).</span> <span class='ocrx_word' id='word_1_493' title='bbox 3353 3302 3426 3359; x_wconf 91' lang='lat' dir='ltr'>Et</span> 
     </span>
    </p>
   </div>
   <div class='ocr_carea' id='block_1_71' title="bbox 1818 3378 3423 3463">
    <p class='ocr_par' dir='ltr' id='par_1_71' title="bbox 1818 3378 3423 3463">
     <span class='ocr_line' id='line_1_71' title="bbox 1818 3378 3423 3463; baseline 0.011 -34"><span class='ocrx_word' id='word_1_494' title='bbox 1818 3390 2074 3432; x_wconf 89' lang='lat' dir='ltr'>rursum:</span> <span class='ocrx_word' id='word_1_495' title='bbox 2111 3378 2229 3434; x_wconf 88' lang='lat' dir='ltr'>Sive</span> <span class='ocrx_word' id='word_1_496' title='bbox 2255 3386 2419 3435; x_wconf 87' lang='lat' dir='ltr'>mente</span> <span class='ocrx_word' id='word_1_497' title='bbox 2449 3382 2764 3453; x_wconf 71' lang='lat' dir='ltr'>excedimus,</span> <span class='ocrx_word' id='word_1_498' title='bbox 2795 3385 2905 3440; x_wconf 90' lang='lat' dir='ltr'>Deo</span> <span class='ocrx_word' id='word_1_499' title='bbox 2936 3385 3026 3457; x_wconf 90' lang='lat' dir='ltr'>(II</span> <span class='ocrx_word' id='word_1_500' title='bbox 3054 3387 3180 3444; x_wconf 86' lang='lat' dir='ltr'>Cor.</span> <span class='ocrx_word' id='word_1_501' title='bbox 3216 3405 3272 3457; x_wconf 88' lang='lat' dir='ltr'>v,</span> <span class='ocrx_word' id='word_1_502' title='bbox 3310 3390 3423 3463; x_wconf 85' lang='grc'>13).</span> 
     </span>
    </p>
   </div>
   <div class='ocr_carea' id='block_1_72' title="bbox 1818 3461 3426 3549">
    <p class='ocr_par' dir='ltr' id='par_1_72' title="bbox 1818 3461 3426 3549">
     <span class='ocr_line' id='line_1_72' title="bbox 1818 3461 3426 3549; baseline 0.009 -29"><span class='ocrx_word' id='word_1_503' title='bbox 1818 3461 1955 3520; x_wconf 86' lang='lat' dir='ltr'>Cum</span> <span class='ocrx_word' id='word_1_504' title='bbox 1998 3480 2129 3522; x_wconf 91' lang='lat' dir='ltr'>vero</span> <span class='ocrx_word' id='word_1_505' title='bbox 2178 3477 2357 3525; x_wconf 88' lang='lat' dir='ltr'>mente</span> <span class='ocrx_word' id='word_1_506' title='bbox 2387 3469 2606 3527; x_wconf 91' lang='lat' dir='ltr'>excedit</span> <span class='ocrx_word' id='word_1_507' title='bbox 2646 3473 2783 3542; x_wconf 92' lang='lat' dir='ltr'>Deo,</span> <span class='ocrx_word' id='word_1_508' title='bbox 2826 3490 3114 3531; x_wconf 85' lang='lat' dir='ltr'>excessum</span> <span class='ocrx_word' id='word_1_509' title='bbox 3163 3474 3284 3549; x_wconf 88' lang='lat' dir='ltr'>ejus</span> <span class='ocrx_word' id='word_1_510' title='bbox 3326 3494 3426 3535; x_wconf 90' lang='lat' dir='ltr'>nos</span> 
     </span>
    </p>
   </div>
   <div class='ocr_carea' id='block_1_73' title="bbox 1817 3552 3425 3634">
    <p class='ocr_par' dir='ltr' id='par_1_73' title="bbox 1817 3552 3425 3634">
     <span class='ocr_line' id='line_1_73' title="bbox 1817 3552 3425 3634; baseline 0.012 -29"><span class='ocrx_word' id='word_1_511' title='bbox 1817 3552 2045 3608; x_wconf 92' lang='lat' dir='ltr'>omnino</span> <span class='ocrx_word' id='word_1_512' title='bbox 2069 3570 2181 3611; x_wconf 91' lang='lat' dir='ltr'>non</span> <span class='ocrx_word' id='word_1_513' title='bbox 2210 3558 2479 3628; x_wconf 87' lang='lat' dir='ltr'>capimus.</span> <span class='ocrx_word' id='word_1_514' title='bbox 2512 3561 2584 3617; x_wconf 93' lang='lat' dir='ltr'>Ut</span> <span class='ocrx_word' id='word_1_515' title='bbox 2610 3576 2739 3633; x_wconf 89' lang='lat' dir='ltr'>ergo</span> <span class='ocrx_word' id='word_1_516' title='bbox 2760 3578 2863 3619; x_wconf 91' lang='lat' dir='ltr'>nos</span> <span class='ocrx_word' id='word_1_517' title='bbox 2884 3564 3425 3634; x_wconf 86' lang='lat' dir='ltr'>lucretur,incurva-</span> 
     </span>
    </p>
   </div>
   <div class='ocr_carea' id='block_1_74' title="bbox 1817 3641 3423 3725">
    <p class='ocr_par' dir='ltr' id='par_1_74' title="bbox 1817 3641 3423 3725">
     <span class='ocr_line' id='line_1_74' title="bbox 1817 3641 3423 3725; baseline 0.011 -29"><span class='ocrx_word' id='word_1_518' title='bbox 1817 3647 1908 3697; x_wconf 92' lang='lat' dir='ltr'>tur</span> <span class='ocrx_word' id='word_1_519' title='bbox 1935 3641 2006 3698; x_wconf 90' lang='lat' dir='ltr'>ad</span> <span class='ocrx_word' id='word_1_520' title='bbox 2031 3659 2150 3700; x_wconf 90' lang='lat' dir='ltr'>nos.</span> <span class='ocrx_word' id='word_1_521' title='bbox 2175 3646 2329 3702; x_wconf 89' lang='lat' dir='ltr'>Unde</span> <span class='ocrx_word' id='word_1_522' title='bbox 2354 3648 2474 3705; x_wconf 83' lang='lat' dir='ltr'>illic</span> <span class='ocrx_word' id='word_1_523' title='bbox 2501 3658 2625 3722; x_wconf 91' lang='lat' dir='ltr'>apte</span> <span class='ocrx_word' id='word_1_524' title='bbox 2652 3650 2975 3725; x_wconf 87' lang='lat' dir='ltr'>subjungit:</span> <span class='ocrx_word' id='word_1_525' title='bbox 3012 3654 3131 3710; x_wconf 83' lang='lat' dir='ltr'>Sive</span> <span class='ocrx_word' id='word_1_526' title='bbox 3148 3655 3317 3713; x_wconf 85' lang='lat' dir='ltr'>sobrii</span> <span class='ocrx_word' id='word_1_527' title='bbox 3335 3674 3423 3713; x_wconf 87' lang='lat' dir='ltr'>su-</span> 
     </span>
    </p>
   </div>
   <div class='ocr_carea' id='block_1_75' title="bbox 174 3713 3419 3819">
    <p class='ocr_par' dir='ltr' id='par_1_75' title="bbox 174 3713 3419 3819">
     <span class='ocr_line' id='line_1_75' title="bbox 174 3713 3419 3819; baseline 0.01 -48"><span class='ocrx_word' id='word_1_528' title='bbox 174 3713 337 3774; x_wconf 58' lang='grc' dir='ltr'>νεεδ.</span> <span class='ocrx_word' id='word_1_529' title='bbox 371 3716 424 3776; x_wconf 88' lang='lat'>3.</span> <span class='ocrx_word' id='word_1_530' title='bbox 466 3750 537 3762; x_wconf 93' lang='lat'><em>—</em></span> <span class='ocrx_word' id='word_1_531' title='bbox 562 3721 924 3779; x_wconf 85' lang='lat' dir='ltr'>Incurvantur</span> <span class='ocrx_word' id='word_1_532' title='bbox 950 3726 1022 3781; x_wconf 88' lang='lat' dir='ltr'>ad</span> <span class='ocrx_word' id='word_1_533' title='bbox 1048 3725 1234 3796; x_wconf 81' lang='lat' dir='ltr'>fetum,</span> <span class='ocrx_word' id='word_1_534' title='bbox 1276 3734 1327 3783; x_wconf 89' lang='lat' dir='ltr'>et</span> <span class='ocrx_word' id='word_1_535' title='bbox 1358 3729 1602 3801; x_wconf 85' lang='lat' dir='ltr'>pariunt,</span> <span class='ocrx_word' id='word_1_536' title='bbox 1660 3738 1711 3788; x_wconf 89' lang='lat' dir='ltr'>et</span> <span class='ocrx_word' id='word_1_537' title='bbox 1814 3747 1931 3819; x_wconf 81' lang='lat' dir='ltr'>mus</span> <span class='ocrx_word' id='word_1_538' title='bbox 1958 3732 2105 3788; x_wconf 86' lang='lat' dir='ltr'>vobis</span> <span class='ocrx_word' id='word_1_539' title='bbox 2136 3734 2348 3808; x_wconf 66' lang='lat' dir='ltr'>(Ibid).</span> <span class='ocrx_word' id='word_1_540' title='bbox 2379 3737 2437 3793; x_wconf 92' lang='lat' dir='ltr'>Si</span> <span class='ocrx_word' id='word_1_541' title='bbox 2465 3713 2615 3794; x_wconf 80' lang='lat' dir='ltr'>enim</span> <span class='ocrx_word' id='word_1_542' title='bbox 2646 3713 2824 3797; x_wconf 74' lang='lat' dir='ltr'>sancti</span> <span class='ocrx_word' id='word_1_543' title='bbox 2854 3713 2964 3797; x_wconf 62' lang='lat' dir='ltr'>viri</span> <span class='ocrx_word' id='word_1_544' title='bbox 2996 3758 3059 3798; x_wconf 89' lang='lat' dir='ltr'>ea</span> <span class='ocrx_word' id='word_1_545' title='bbox 3094 3742 3255 3801; x_wconf 90' lang='lat' dir='ltr'>nobis</span> <span class='ocrx_word' id='word_1_546' title='bbox 3285 3762 3419 3819; x_wconf 65' lang='lat' dir='ltr'>prae-</span> 
     </span>
    </p>
   </div>
   <div class='ocr_carea' id='block_1_76' title="bbox 112 3804 599 3875">
    <p class='ocr_par' dir='ltr' id='par_1_76' title="bbox 112 3804 599 3875">
     <span class='ocr_line' id='line_1_76' title="bbox 112 3804 599 3875; baseline 0.029 -22"><span class='ocrx_word' id='word_1_547' title='bbox 112 3804 303 3875; x_wconf 84' lang='lat' dir='ltr'>rugitus</span> <span class='ocrx_word' id='word_1_548' title='bbox 330 3811 599 3866; x_wconf 85' lang='lat' dir='ltr'>emittunt.</span> 
     </span>
    </p>
   </div>
   <div class='ocr_carea' id='block_1_77' title="bbox 171 3892 1704 3983">
    <p class='ocr_par' dir='ltr' id='par_1_77' title="bbox 171 3892 1704 3983">
     <span class='ocr_line' id='line_1_77' title="bbox 171 3892 1704 3983; baseline 0.012 -34"><span class='ocrx_word' id='word_1_549' title='bbox 171 3892 253 3951; x_wconf 77' lang='grc'>47.</span> <span class='ocrx_word' id='word_1_550' title='bbox 285 3898 675 3958; x_wconf 68' lang='lat' dir='ltr'>Prtedicatores</span> <span class='ocrx_word' id='word_1_551' title='bbox 730 3905 836 3959; x_wconf 85' lang='lat' dir='ltr'>nisi</span> <span class='ocrx_word' id='word_1_552' title='bbox 870 3906 1041 3975; x_wconf 82' lang='lat' dir='ltr'>ﬂendo</span> <span class='ocrx_word' id='word_1_553' title='bbox 1088 3908 1445 3978; x_wconf 83' lang='lat' dir='ltr'>spiritualiter</span> <span class='ocrx_word' id='word_1_554' title='bbox 1492 3911 1704 3983; x_wconf 83' lang='lat' dir='ltr'>gignere</span> 
     </span>
    </p>
   </div>
   <div class='ocr_carea' id='block_1_78' title="bbox 110 3990 1702 4070">
    <p class='ocr_par' dir='ltr' id='par_1_78' title="bbox 110 3990 1702 4070">
     <span class='ocr_line' id='line_1_78' title="bbox 110 3990 1702 4070; baseline 0.014 -35"><span class='ocrx_word' id='word_1_555' title='bbox 110 3995 205 4036; x_wconf 81' lang='lat' dir='ltr'>non</span> <span class='ocrx_word' id='word_1_556' title='bbox 221 3996 467 4055; x_wconf 84' lang='lat' dir='ltr'>possunt.</span> <span class='ocrx_word' id='word_1_557' title='bbox 491 4020 562 4032; x_wconf 95' lang='lat'>—</span> <span class='ocrx_word' id='word_1_558' title='bbox 581 3990 827 4065; x_wconf 83' lang='lat' dir='ltr'>Rugiunt</span> <span class='ocrx_word' id='word_1_559' title='bbox 847 3994 1070 4067; x_wconf 90' lang='lat' dir='ltr'>quippe,</span> <span class='ocrx_word' id='word_1_560' title='bbox 1101 3995 1236 4052; x_wconf 91' lang='lat' dir='ltr'>dum</span> <span class='ocrx_word' id='word_1_561' title='bbox 1252 4013 1347 4070; x_wconf 87' lang='lat' dir='ltr'>per</span> <span class='ocrx_word' id='word_1_562' title='bbox 1368 3998 1702 4057; x_wconf 90' lang='lat' dir='ltr'>incurvatio-</span> 
     </span>
    </p>
   </div>
   <div class='ocr_carea' id='block_1_79' title="bbox 1812 3817 3424 3902">
    <p class='ocr_par' dir='ltr' id='par_1_79' title="bbox 1812 3817 3424 3902">
     <span class='ocr_line' id='line_1_79' title="bbox 1812 3817 3424 3902; baseline 0.011 -28"><span class='ocrx_word' id='word_1_563' title='bbox 1812 3817 1998 3877; x_wconf 87' lang='lat' dir='ltr'>dicare</span> <span class='ocrx_word' id='word_1_564' title='bbox 2028 3822 2233 3878; x_wconf 86' lang='lat' dir='ltr'>vellent</span> <span class='ocrx_word' id='word_1_565' title='bbox 2248 3840 2370 3896; x_wconf 72' lang='lat' dir='ltr'>quae</span> <span class='ocrx_word' id='word_1_566' title='bbox 2396 3827 2642 3897; x_wconf 88' lang='lat' dir='ltr'>capiunt,</span> <span class='ocrx_word' id='word_1_567' title='bbox 2671 3844 2799 3884; x_wconf 90' lang='lat' dir='ltr'>cum</span> <span class='ocrx_word' id='word_1_568' title='bbox 2831 3830 2890 3885; x_wconf 92' lang='lat' dir='ltr'>in</span> <span class='ocrx_word' id='word_1_569' title='bbox 2920 3847 3159 3902; x_wconf 87' lang='lat' dir='ltr'>superna</span> <span class='ocrx_word' id='word_1_570' title='bbox 3178 3817 3424 3892; x_wconf 82' lang='lat' dir='ltr'>contem-</span> 
     </span>
    </p>
   </div>
   <div class='ocr_carea' id='block_1_80' title="bbox 1814 3911 3419 3991">
    <p class='ocr_par' dir='ltr' id='par_1_80' title="bbox 1814 3911 3419 3991">
     <span class='ocr_line' id='line_1_80' title="bbox 1814 3911 3419 3991; baseline 0.009 -24"><span class='ocrx_word' id='word_1_571' title='bbox 1814 3911 2055 3983; x_wconf 90' lang='lat' dir='ltr'>platione</span> <span class='ocrx_word' id='word_1_572' title='bbox 2083 3914 2425 3985; x_wconf 87' lang='lat' dir='ltr'>debriantur,</span> <span class='ocrx_word' id='word_1_573' title='bbox 2461 3926 2516 3973; x_wconf 87' lang='lat' dir='ltr'>et</span> <span class='ocrx_word' id='word_1_574' title='bbox 2560 3934 2672 3973; x_wconf 92' lang='lat' dir='ltr'>non</span> <span class='ocrx_word' id='word_1_575' title='bbox 2716 3920 2889 3991; x_wconf 89' lang='lat' dir='ltr'>magis</span> <span class='ocrx_word' id='word_1_576' title='bbox 2931 3922 3219 3979; x_wconf 89' lang='lat' dir='ltr'>scientiam</span> <span class='ocrx_word' id='word_1_577' title='bbox 3262 3940 3419 3982; x_wconf 88' lang='lat' dir='ltr'>suam</span> 
     </span>
    </p>
   </div>
   <div class='ocr_carea' id='block_1_81' title="bbox 1814 4002 3418 4083">
    <p class='ocr_par' dir='ltr' id='par_1_81' title="bbox 1814 4002 3418 4083">
     <span class='ocr_line' id='line_1_81' title="bbox 1814 4002 3418 4083; baseline 0.007 -26"><span class='ocrx_word' id='word_1_578' title='bbox 1814 4002 2053 4073; x_wconf 92' lang='lat' dir='ltr'>quodam</span> <span class='ocrx_word' id='word_1_579' title='bbox 2112 4003 2488 4062; x_wconf 90' lang='lat' dir='ltr'>moderamine</span> <span class='ocrx_word' id='word_1_580' title='bbox 2542 4014 2598 4062; x_wconf 89' lang='lat' dir='ltr'>et</span> <span class='ocrx_word' id='word_1_581' title='bbox 2652 4007 2949 4065; x_wconf 88' lang='lat' dir='ltr'>sobrietate</span> <span class='ocrx_word' id='word_1_582' title='bbox 3008 4019 3378 4083; x_wconf 90' lang='lat' dir='ltr'>temperarent</span> <span class='ocrx_word' id='word_1_583' title='bbox 3401 4058 3418 4083; x_wconf 91' lang='lat'>,</span> 
     </span>
    </p>
   </div>
   <div class='ocr_carea' id='block_1_82' title="bbox 112 4081 3419 4170">
    <p class='ocr_par' dir='ltr' id='par_1_82' title="bbox 112 4081 3419 4170">
     <span class='ocr_line' id='line_1_82' title="bbox 112 4081 3419 4170; baseline 0.011 -46"><span class='ocrx_word' id='word_1_584' title='bbox 112 4084 223 4128; x_wconf 90' lang='lat' dir='ltr'>nem</span> <span class='ocrx_word' id='word_1_585' title='bbox 253 4092 400 4135; x_wconf 90' lang='lat' dir='ltr'>suam</span> <span class='ocrx_word' id='word_1_586' title='bbox 433 4081 501 4137; x_wconf 90' lang='lat' dir='ltr'>in</span> <span class='ocrx_word' id='word_1_587' title='bbox 530 4084 946 4141; x_wconf 88' lang='lat' dir='ltr'>conversatione</span> <span class='ocrx_word' id='word_1_588' title='bbox 975 4085 1114 4143; x_wconf 88' lang='lat' dir='ltr'>lucis</span> <span class='ocrx_word' id='word_1_589' title='bbox 1144 4089 1460 4146; x_wconf 90' lang='lat' dir='ltr'>auditorum</span> <span class='ocrx_word' id='word_1_590' title='bbox 1492 4092 1704 4148; x_wconf 88' lang='lat' dir='ltr'>animas</span> <span class='ocrx_word' id='word_1_591' title='bbox 1812 4089 1995 4149; x_wconf 89' lang='lat' dir='ltr'>adhuc</span> <span class='ocrx_word' id='word_1_592' title='bbox 2017 4102 2248 4165; x_wconf 89' lang='lat' dir='ltr'>angusto</span> <span class='ocrx_word' id='word_1_593' title='bbox 2279 4093 2660 4167; x_wconf 69' lang='lat' dir='ltr'>intelligentiae</span> <span class='ocrx_word' id='word_1_594' title='bbox 2688 4096 2816 4153; x_wconf 91' lang='lat' dir='ltr'>sinu</span> <span class='ocrx_word' id='word_1_595' title='bbox 2858 4097 2955 4153; x_wconf 90' lang='lat' dir='ltr'>illa</span> <span class='ocrx_word' id='word_1_596' title='bbox 2982 4100 3207 4170; x_wconf 87' lang='lat' dir='ltr'>superni</span> <span class='ocrx_word' id='word_1_597' title='bbox 3247 4100 3419 4160; x_wconf 88' lang='lat' dir='ltr'>fontis</span> 
     </span>
    </p>
   </div>
   <div class='ocr_carea' id='block_1_83' title="bbox 113 4157 1701 4249">
    <p class='ocr_par' dir='ltr' id='par_1_83' title="bbox 113 4157 1701 4249">
     <span class='ocr_line' id='line_1_83' title="bbox 113 4157 1701 4249; baseline 0.01 -28"><span class='ocrx_word' id='word_1_598' title='bbox 113 4157 345 4237; x_wconf 70' lang='lat' dir='ltr'>gignunt,</span> <span class='ocrx_word' id='word_1_599' title='bbox 369 4169 505 4243; x_wconf 89' lang='lat' dir='ltr'>quia</span> <span class='ocrx_word' id='word_1_600' title='bbox 528 4171 596 4227; x_wconf 89' lang='lat' dir='ltr'>ab</span> <span class='ocrx_word' id='word_1_601' title='bbox 616 4174 835 4231; x_wconf 64' lang='lat' dir='ltr'>aeternis</span> <span class='ocrx_word' id='word_1_602' title='bbox 855 4191 955 4231; x_wconf 89' lang='lat' dir='ltr'>nos</span> <span class='ocrx_word' id='word_1_603' title='bbox 979 4178 1269 4249; x_wconf 90' lang='lat' dir='ltr'>suppliciis</span> <span class='ocrx_word' id='word_1_604' title='bbox 1290 4194 1570 4237; x_wconf 89' lang='lat' dir='ltr'>removere</span> <span class='ocrx_word' id='word_1_605' title='bbox 1593 4181 1701 4237; x_wconf 90' lang='lat' dir='ltr'>nisi</span> 
     </span>
    </p>
   </div>
   <div class='ocr_carea' id='block_1_84' title="bbox 111 4243 1699 4336">
    <p class='ocr_par' dir='ltr' id='par_1_84' title="bbox 111 4243 1699 4336">
     <span class='ocr_line' id='line_1_84' title="bbox 111 4243 1699 4336; baseline 0.015 -34"><span class='ocrx_word' id='word_1_606' title='bbox 111 4243 277 4308; x_wconf 85' lang='lat' dir='ltr'>ﬂendo</span> <span class='ocrx_word' id='word_1_607' title='bbox 304 4265 358 4312; x_wconf 90' lang='lat' dir='ltr'>et</span> <span class='ocrx_word' id='word_1_608' title='bbox 403 4258 647 4317; x_wconf 89' lang='lat' dir='ltr'>dolendo</span> <span class='ocrx_word' id='word_1_609' title='bbox 695 4278 807 4318; x_wconf 92' lang='lat' dir='ltr'>non</span> <span class='ocrx_word' id='word_1_610' title='bbox 848 4243 1103 4336; x_wconf 58' lang='lat' dir='ltr'>possunt:</span> <span class='ocrx_word' id='word_1_611' title='bbox 1129 4266 1518 4324; x_wconf 74' lang='lat' dir='ltr'>Praedicatores</span> <span class='ocrx_word' id='word_1_612' title='bbox 1552 4270 1699 4325; x_wconf 90' lang='lat' dir='ltr'>enim</span> 
     </span>
    </p>
   </div>
   <div class='ocr_carea' id='block_1_85' title="bbox 112 4344 1699 4432">
    <p class='ocr_par' dir='ltr' id='par_1_85' title="bbox 112 4344 1699 4432">
     <span class='ocr_line' id='line_1_85' title="bbox 112 4344 1699 4432; baseline 0.013 -36"><span class='ocrx_word' id='word_1_613' title='bbox 112 4344 269 4401; x_wconf 85' lang='lat' dir='ltr'>sancti</span> <span class='ocrx_word' id='word_1_614' title='bbox 298 4363 450 4408; x_wconf 91' lang='lat' dir='ltr'>nunc</span> <span class='ocrx_word' id='word_1_615' title='bbox 482 4349 541 4407; x_wconf 94' lang='lat' dir='ltr'>in</span> <span class='ocrx_word' id='word_1_616' title='bbox 571 4352 832 4427; x_wconf 87' lang='lat' dir='ltr'>lacrymis</span> <span class='ocrx_word' id='word_1_617' title='bbox 860 4355 1157 4423; x_wconf 88' lang='lat' dir='ltr'>seminant,</span> <span class='ocrx_word' id='word_1_618' title='bbox 1191 4366 1253 4414; x_wconf 93' lang='lat' dir='ltr'>ut</span> <span class='ocrx_word' id='word_1_619' title='bbox 1283 4368 1517 4432; x_wconf 88' lang='lat' dir='ltr'>segetem</span> <span class='ocrx_word' id='word_1_620' title='bbox 1549 4368 1699 4432; x_wconf 88' lang='lat' dir='ltr'>post-</span> 
     </span>
    </p>
   </div>
   <div class='ocr_carea' id='block_1_86' title="bbox 112 4433 1699 4522">
    <p class='ocr_par' dir='ltr' id='par_1_86' title="bbox 112 4433 1699 4522">
     <span class='ocr_line' id='line_1_86' title="bbox 112 4433 1699 4522; baseline 0.013 -34"><span class='ocrx_word' id='word_1_621' title='bbox 112 4433 316 4495; x_wconf 89' lang='lat' dir='ltr'>modum</span> <span class='ocrx_word' id='word_1_622' title='bbox 347 4444 678 4515; x_wconf 84' lang='lat' dir='ltr'>gaudiorum</span> <span class='ocrx_word' id='word_1_623' title='bbox 707 4455 936 4504; x_wconf 91' lang='lat' dir='ltr'>metant.</span> <span class='ocrx_word' id='word_1_624' title='bbox 960 4450 1120 4506; x_wconf 88' lang='lat' dir='ltr'>Nunc</span> <span class='ocrx_word' id='word_1_625' title='bbox 1147 4450 1304 4522; x_wconf 88' lang='lat' dir='ltr'>quasi</span> <span class='ocrx_word' id='word_1_626' title='bbox 1332 4468 1508 4507; x_wconf 74' lang='lat' dir='ltr'>cervae</span> <span class='ocrx_word' id='word_1_627' title='bbox 1528 4452 1584 4507; x_wconf 91' lang='lat' dir='ltr'>in</span> <span class='ocrx_word' id='word_1_628' title='bbox 1606 4452 1699 4509; x_wconf 91' lang='lat' dir='ltr'>do-</span> 
     </span>
    </p>
   </div>
   <div class='ocr_carea' id='block_1_87' title="bbox 1812 4179 3417 4262">
    <p class='ocr_par' dir='ltr' id='par_1_87' title="bbox 1812 4179 3417 4262">
     <span class='ocr_line' id='line_1_87' title="bbox 1812 4179 3417 4262; baseline 0.007 -27"><span class='ocrx_word' id='word_1_629' title='bbox 1812 4179 2018 4237; x_wconf 87' lang='lat' dir='ltr'>ﬂuenta</span> <span class='ocrx_word' id='word_1_630' title='bbox 2044 4182 2169 4255; x_wconf 86' lang='lat' dir='ltr'>quis</span> <span class='ocrx_word' id='word_1_631' title='bbox 2198 4183 2457 4254; x_wconf 78' lang='lat' dir='ltr'>caperet?</span> <span class='ocrx_word' id='word_1_632' title='bbox 2485 4185 2790 4241; x_wconf 73' lang='lat' dir='ltr'>Incurvatze</span> <span class='ocrx_word' id='word_1_633' title='bbox 2836 4194 3020 4242; x_wconf 89' lang='lat' dir='ltr'>autem</span> <span class='ocrx_word' id='word_1_634' title='bbox 3072 4187 3189 4244; x_wconf 63' lang='lat' dir='ltr'>ista:</span> <span class='ocrx_word' id='word_1_635' title='bbox 3219 4205 3417 4262; x_wconf 63' lang='lat' dir='ltr'>cervae,</span> 
     </span>
    </p>
   </div>
   <div class='ocr_carea' id='block_1_88' title="bbox 1811 4268 3413 4350">
    <p class='ocr_par' dir='ltr' id='par_1_88' title="bbox 1811 4268 3413 4350">
     <span class='ocr_line' id='line_1_88' title="bbox 1811 4268 3413 4350; baseline 0.008 -28"><span class='ocrx_word' id='word_1_636' title='bbox 1811 4268 1945 4325; x_wconf 88' lang='lat' dir='ltr'>alias</span> <span class='ocrx_word' id='word_1_637' title='bbox 1964 4270 2090 4325; x_wconf 65' lang='lat' dir='ltr'>caeli</span> <span class='ocrx_word' id='word_1_638' title='bbox 2107 4273 2127 4305; x_wconf 87' lang='grc'><strong>³</strong></span> <span class='ocrx_word' id='word_1_639' title='bbox 2152 4281 2358 4329; x_wconf 68' lang='lat' dir='ltr'>vocatae</span> <span class='ocrx_word' id='word_1_640' title='bbox 2387 4282 2537 4342; x_wconf 87' lang='lat' dir='ltr'>sunt,</span> <span class='ocrx_word' id='word_1_641' title='bbox 2567 4273 2635 4329; x_wconf 89' lang='lat' dir='ltr'>de</span> <span class='ocrx_word' id='word_1_642' title='bbox 2656 4274 2859 4347; x_wconf 90' lang='lat' dir='ltr'>quibus</span> <span class='ocrx_word' id='word_1_643' title='bbox 2889 4275 3098 4332; x_wconf 87' lang='lat' dir='ltr'>dicitur</span> <span class='ocrx_word' id='word_1_644' title='bbox 3120 4294 3132 4332; x_wconf 90' lang='lat'>:</span> <span class='ocrx_word' id='word_1_645' title='bbox 3168 4278 3413 4350; x_wconf 84' lang='lat' dir='ltr'>Domine,</span> 
     </span>
    </p>
   </div>
   <div class='ocr_carea' id='block_1_89' title="bbox 1812 4362 3416 4441">
    <p class='ocr_par' dir='ltr' id='par_1_89' title="bbox 1812 4362 3416 4441">
     <span class='ocr_line' id='line_1_89' title="bbox 1812 4362 3416 4441; baseline 0.006 -25"><span class='ocrx_word' id='word_1_646' title='bbox 1812 4362 2013 4419; x_wconf 84' lang='lat' dir='ltr'>inclina</span> <span class='ocrx_word' id='word_1_647' title='bbox 2041 4363 2193 4419; x_wconf 74' lang='lat' dir='ltr'>caelos</span> <span class='ocrx_word' id='word_1_648' title='bbox 2222 4370 2356 4433; x_wconf 88' lang='lat' dir='ltr'>tuos,</span> <span class='ocrx_word' id='word_1_649' title='bbox 2387 4371 2435 4419; x_wconf 87' lang='lat' dir='ltr'>et</span> <span class='ocrx_word' id='word_1_650' title='bbox 2464 4365 2707 4420; x_wconf 85' lang='lat' dir='ltr'>descende</span> <span class='ocrx_word' id='word_1_651' title='bbox 2735 4366 2909 4437; x_wconf 88' lang='lat' dir='ltr'>(Psal.</span> <span class='ocrx_word' id='word_1_652' title='bbox 2942 4383 3134 4437; x_wconf 78' lang='lat' dir='ltr'>cxmn,</span> <span class='ocrx_word' id='word_1_653' title='bbox 3161 4368 3244 4441; x_wconf 87' lang='grc'>5).</span> <span class='ocrx_word' id='word_1_654' title='bbox 3277 4368 3416 4426; x_wconf 90' lang='lat' dir='ltr'>Cum</span> 
     </span>
    </p>
   </div>
   <div class='ocr_carea' id='block_1_90' title="bbox 1809 4453 3416 4530">
    <p class='ocr_par' dir='ltr' id='par_1_90' title="bbox 1809 4453 3416 4530">
     <span class='ocr_line' id='line_1_90' title="bbox 1809 4453 3416 4530; baseline 0.006 -24"><span class='ocrx_word' id='word_1_655' title='bbox 1809 4453 1957 4509; x_wconf 93' lang='lat' dir='ltr'>enim</span> <span class='ocrx_word' id='word_1_656' title='bbox 1987 4453 2326 4510; x_wconf 87' lang='lat' dir='ltr'>inclinantur</span> <span class='ocrx_word' id='word_1_657' title='bbox 2345 4454 2490 4523; x_wconf 66' lang='lat' dir='ltr'>caeli,</span> <span class='ocrx_word' id='word_1_658' title='bbox 2512 4453 2796 4510; x_wconf 89' lang='lat' dir='ltr'>descendit</span> <span class='ocrx_word' id='word_1_659' title='bbox 2815 4456 3105 4525; x_wconf 89' lang='lat' dir='ltr'>Dominus,</span> <span class='ocrx_word' id='word_1_660' title='bbox 3137 4458 3269 4530; x_wconf 85' lang='lat' dir='ltr'>quia</span> <span class='ocrx_word' id='word_1_661' title='bbox 3289 4475 3416 4516; x_wconf 90' lang='lat' dir='ltr'>cum</span> 
     </span>
    </p>
   </div>
   <div class='ocr_carea' id='block_1_91' title="bbox 114 4520 3414 4632">
    <p class='ocr_par' dir='ltr' id='par_1_91' title="bbox 114 4520 3414 4632">
     <span class='ocr_line' id='line_1_91' title="bbox 114 4520 3414 4632; baseline 0.009 -57"><span class='ocrx_word' id='word_1_662' title='bbox 114 4520 214 4580; x_wconf 91' lang='lat' dir='ltr'>lore</span> <span class='ocrx_word' id='word_1_663' title='bbox 240 4541 423 4599; x_wconf 90' lang='lat' dir='ltr'>partus</span> <span class='ocrx_word' id='word_1_664' title='bbox 459 4544 610 4603; x_wconf 90' lang='lat' dir='ltr'>sunt,</span> <span class='ocrx_word' id='word_1_665' title='bbox 647 4545 708 4593; x_wconf 89' lang='lat' dir='ltr'>ut</span> <span class='ocrx_word' id='word_1_666' title='bbox 754 4537 989 4609; x_wconf 87' lang='lat' dir='ltr'>spiritali</span> <span class='ocrx_word' id='word_1_667' title='bbox 1024 4520 1181 4610; x_wconf 79' lang='lat' dir='ltr'>prole</span> <span class='ocrx_word' id='word_1_668' title='bbox 1211 4542 1561 4611; x_wconf 89' lang='lat' dir='ltr'>postmodum</span> <span class='ocrx_word' id='word_1_669' title='bbox 1588 4544 1701 4599; x_wconf 91' lang='lat' dir='ltr'>sint</span> <span class='ocrx_word' id='word_1_670' title='bbox 1729 4573 1778 4632; x_wconf 72' lang='grc' dir='ltr'><strong>Β</strong></span> <span class='ocrx_word' id='word_1_671' title='bbox 1808 4554 1865 4594; x_wconf 87' lang='lat' dir='ltr'>se</span> <span class='ocrx_word' id='word_1_672' title='bbox 1914 4541 1971 4595; x_wconf 91' lang='lat' dir='ltr'>in</span> <span class='ocrx_word' id='word_1_673' title='bbox 2015 4541 2403 4632; x_wconf 67' lang='lat' dir='ltr'>praedicatione</span> <span class='ocrx_word' id='word_1_674' title='bbox 2441 4560 2541 4599; x_wconf 90' lang='lat' dir='ltr'>sua</span> <span class='ocrx_word' id='word_1_675' title='bbox 2586 4544 2762 4600; x_wconf 90' lang='lat' dir='ltr'>sancti</span> <span class='ocrx_word' id='word_1_676' title='bbox 2809 4542 3061 4601; x_wconf 89' lang='lat' dir='ltr'>doctores</span> <span class='ocrx_word' id='word_1_677' title='bbox 3104 4547 3414 4618; x_wconf 88' lang='lat' dir='ltr'>attrahunt,</span> 
     </span>
    </p>
   </div>
   <div class='ocr_carea' id='block_1_92' title="bbox 112 4608 1699 4701">
    <p class='ocr_par' dir='ltr' id='par_1_92' title="bbox 112 4608 1699 4701">
     <span class='ocr_line' id='line_1_92' title="bbox 112 4608 1699 4701; baseline 0.016 -38"><span class='ocrx_word' id='word_1_678' title='bbox 112 4608 336 4675; x_wconf 76' lang='lat' dir='ltr'>fecundi.</span> <span class='ocrx_word' id='word_1_679' title='bbox 355 4621 424 4679; x_wconf 90' lang='lat' dir='ltr'>Ut</span> <span class='ocrx_word' id='word_1_680' title='bbox 447 4623 596 4678; x_wconf 91' lang='lat' dir='ltr'>enim</span> <span class='ocrx_word' id='word_1_681' title='bbox 620 4608 793 4679; x_wconf 86' lang='lat' dir='ltr'>unum</span> <span class='ocrx_word' id='word_1_682' title='bbox 814 4624 882 4680; x_wconf 92' lang='lat' dir='ltr'>de</span> <span class='ocrx_word' id='word_1_683' title='bbox 912 4608 1104 4683; x_wconf 79' lang='lat' dir='ltr'>multis</span> <span class='ocrx_word' id='word_1_684' title='bbox 1133 4608 1347 4701; x_wconf 79' lang='lat' dir='ltr'>loquar,</span> <span class='ocrx_word' id='word_1_685' title='bbox 1379 4630 1542 4687; x_wconf 83' lang='lat' dir='ltr'>video</span> <span class='ocrx_word' id='word_1_686' title='bbox 1563 4633 1699 4688; x_wconf 86' lang='lat' dir='ltr'>Pau-</span> 
     </span>
    </p>
   </div>
   <div class='ocr_carea' id='block_1_93' title="bbox 115 4698 1698 4794">
    <p class='ocr_par' dir='ltr' id='par_1_93' title="bbox 115 4698 1698 4794">
     <span class='ocr_line' id='line_1_93' title="bbox 115 4698 1698 4794; baseline 0.01 -30"><span class='ocrx_word' id='word_1_687' title='bbox 115 4698 216 4758; x_wconf 69' lang='lat' dir='ltr'>111m</span> <span class='ocrx_word' id='word_1_688' title='bbox 247 4714 396 4780; x_wconf 87' lang='lat' dir='ltr'>quasi</span> <span class='ocrx_word' id='word_1_689' title='bbox 426 4713 725 4785; x_wconf 90' lang='lat' dir='ltr'>quamdam</span> <span class='ocrx_word' id='word_1_690' title='bbox 757 4731 976 4773; x_wconf 89' lang='lat' dir='ltr'>cervam</span> <span class='ocrx_word' id='word_1_691' title='bbox 1007 4717 1065 4772; x_wconf 93' lang='lat' dir='ltr'>in</span> <span class='ocrx_word' id='word_1_692' title='bbox 1096 4698 1255 4790; x_wconf 73' lang='lat' dir='ltr'>partu</span> <span class='ocrx_word' id='word_1_693' title='bbox 1283 4736 1384 4776; x_wconf 89' lang='lat' dir='ltr'>suo</span> <span class='ocrx_word' id='word_1_694' title='bbox 1405 4722 1698 4794; x_wconf 84' lang='lat' dir='ltr'>magnido-</span> 
     </span>
    </p>
   </div>
   <div class='ocr_carea' id='block_1_94' title="bbox 115 4788 1698 4884">
    <p class='ocr_par' dir='ltr' id='par_1_94' title="bbox 115 4788 1698 4884">
     <span class='ocr_line' id='line_1_94' title="bbox 115 4788 1698 4884; baseline 0.016 -41"><span class='ocrx_word' id='word_1_695' title='bbox 115 4788 233 4852; x_wconf 89' lang='lat' dir='ltr'>loris</span> <span class='ocrx_word' id='word_1_696' title='bbox 259 4803 469 4874; x_wconf 87' lang='lat' dir='ltr'>rugitus</span> <span class='ocrx_word' id='word_1_697' title='bbox 489 4806 853 4863; x_wconf 89' lang='lat' dir='ltr'>emittentem.</span> <span class='ocrx_word' id='word_1_698' title='bbox 878 4806 974 4863; x_wconf 89' lang='lat' dir='ltr'>Ait</span> <span class='ocrx_word' id='word_1_699' title='bbox 998 4788 1147 4863; x_wconf 83' lang='lat' dir='ltr'>enim</span> <span class='ocrx_word' id='word_1_700' title='bbox 1173 4827 1184 4864; x_wconf 94' lang='lat'>:</span> <span class='ocrx_word' id='word_1_701' title='bbox 1210 4810 1398 4866; x_wconf 86' lang='lat' dir='ltr'>Filioli</span> <span class='ocrx_word' id='word_1_702' title='bbox 1421 4788 1546 4882; x_wconf 73' lang='lat' dir='ltr'>mei,</span> <span class='ocrx_word' id='word_1_703' title='bbox 1570 4830 1698 4884; x_wconf 87' lang='lat' dir='ltr'>quos</span> 
     </span>
    </p>
   </div>
   <div class='ocr_carea' id='block_1_95' title="bbox 114 4880 1697 4970">
    <p class='ocr_par' dir='ltr' id='par_1_95' title="bbox 114 4880 1697 4970">
     <span class='ocr_line' id='line_1_95' title="bbox 114 4880 1697 4970; baseline 0.01 -28"><span class='ocrx_word' id='word_1_704' title='bbox 114 4880 287 4943; x_wconf 66' lang='lat' dir='ltr'>iterum</span> <span class='ocrx_word' id='word_1_705' title='bbox 307 4897 579 4966; x_wconf 87' lang='lat' dir='ltr'>parturio,</span> <span class='ocrx_word' id='word_1_706' title='bbox 609 4899 769 4953; x_wconf 87' lang='lat' dir='ltr'>donec</span> <span class='ocrx_word' id='word_1_707' title='bbox 784 4897 1049 4970; x_wconf 83' lang='lat' dir='ltr'>formetur</span> <span class='ocrx_word' id='word_1_708' title='bbox 1067 4900 1311 4956; x_wconf 87' lang='lat' dir='ltr'>Christus</span> <span class='ocrx_word' id='word_1_709' title='bbox 1328 4901 1386 4956; x_wconf 83' lang='lat' dir='ltr'>in</span> <span class='ocrx_word' id='word_1_710' title='bbox 1413 4880 1697 4967; x_wconf 51' lang='lat' dir='ltr'>vobis,_vel-</span> 
     </span>
    </p>
   </div>
   <div class='ocr_carea' id='block_1_96' title="bbox 118 4971 1697 5063">
    <p class='ocr_par' dir='ltr' id='par_1_96' title="bbox 118 4971 1697 5063">
     <span class='ocr_line' id='line_1_96' title="bbox 118 4971 1697 5063; baseline 0.011 -33"><span class='ocrx_word' id='word_1_711' title='bbox 118 4971 205 5030; x_wconf 76' lang='lat' dir='ltr'>lem</span> <span class='ocrx_word' id='word_1_712' title='bbox 228 4995 328 5037; x_wconf 85' lang='lat' dir='ltr'>esse</span> <span class='ocrx_word' id='word_1_713' title='bbox 354 4987 499 5057; x_wconf 84' lang='lat' dir='ltr'>apud</span> <span class='ocrx_word' id='word_1_714' title='bbox 520 5005 611 5043; x_wconf 89' lang='lat' dir='ltr'>vos</span> <span class='ocrx_word' id='word_1_715' title='bbox 638 4990 817 5057; x_wconf 86' lang='lat' dir='ltr'>modo,</span> <span class='ocrx_word' id='word_1_716' title='bbox 846 4998 895 5045; x_wconf 87' lang='lat' dir='ltr'>et</span> <span class='ocrx_word' id='word_1_717' title='bbox 915 4998 1123 5048; x_wconf 88' lang='lat' dir='ltr'>mutare</span> <span class='ocrx_word' id='word_1_718' title='bbox 1153 5008 1323 5046; x_wconf 87' lang='lat' dir='ltr'>vocem</span> <span class='ocrx_word' id='word_1_719' title='bbox 1350 5008 1541 5058; x_wconf 86' lang='lat' dir='ltr'>meam,</span> <span class='ocrx_word' id='word_1_720' title='bbox 1571 5010 1697 5063; x_wconf 85' lang='lat' dir='ltr'>quo-</span> 
     </span>
    </p>
   </div>
   <div class='ocr_carea' id='block_1_97' title="bbox 115 5063 1696 5154">
    <p class='ocr_par' dir='ltr' id='par_1_97' title="bbox 115 5063 1696 5154">
     <span class='ocr_line' id='line_1_97' title="bbox 115 5063 1696 5154; baseline 0.013 -35"><span class='ocrx_word' id='word_1_721' title='bbox 115 5063 246 5122; x_wconf 80' lang='lat' dir='ltr'>niam</span> <span class='ocrx_word' id='word_1_722' title='bbox 263 5073 558 5144; x_wconf 80' lang='lat' dir='ltr'>confundor</span> <span class='ocrx_word' id='word_1_723' title='bbox 576 5079 632 5134; x_wconf 87' lang='lat' dir='ltr'>in</span> <span class='ocrx_word' id='word_1_724' title='bbox 664 5079 1034 5154; x_wconf 86' lang='lat' dir='ltr'>vobis(Galat.</span> <span class='ocrx_word' id='word_1_725' title='bbox 1068 5098 1149 5147; x_wconf 85' lang='lat' dir='ltr'>1v,</span> <span class='ocrx_word' id='word_1_726' title='bbox 1182 5081 1296 5153; x_wconf 89' lang='grc'>19).</span> <span class='ocrx_word' id='word_1_727' title='bbox 1318 5081 1459 5138; x_wconf 89' lang='lat' dir='ltr'>Ecce</span> <span class='ocrx_word' id='word_1_728' title='bbox 1485 5090 1696 5139; x_wconf 90' lang='lat' dir='ltr'>mutare</span> 
     </span>
    </p>
   </div>
   <div class='ocr_carea' id='block_1_98' title="bbox 117 5153 1695 5244">
    <p class='ocr_par' dir='ltr' id='par_1_98' title="bbox 117 5153 1695 5244">
     <span class='ocr_line' id='line_1_98' title="bbox 117 5153 1695 5244; baseline 0.014 -39"><span class='ocrx_word' id='word_1_729' title='bbox 117 5153 225 5212; x_wconf 87' lang='lat' dir='ltr'>vult</span> <span class='ocrx_word' id='word_1_730' title='bbox 247 5176 433 5221; x_wconf 90' lang='lat' dir='ltr'>vocem</span> <span class='ocrx_word' id='word_1_731' title='bbox 466 5167 522 5222; x_wconf 91' lang='lat' dir='ltr'>in</span> <span class='ocrx_word' id='word_1_732' title='bbox 553 5177 714 5240; x_wconf 86' lang='lat' dir='ltr'>partu</span> <span class='ocrx_word' id='word_1_733' title='bbox 742 5187 863 5238; x_wconf 91' lang='lat' dir='ltr'>suo,</span> <span class='ocrx_word' id='word_1_734' title='bbox 895 5179 957 5226; x_wconf 90' lang='lat' dir='ltr'>ut</span> <span class='ocrx_word' id='word_1_735' title='bbox 986 5169 1399 5244; x_wconf 61' lang='lat' dir='ltr'>pradicationis</span> <span class='ocrx_word' id='word_1_736' title='bbox 1428 5185 1608 5226; x_wconf 90' lang='lat' dir='ltr'>sermo</span> <span class='ocrx_word' id='word_1_737' title='bbox 1636 5170 1695 5227; x_wconf 92' lang='lat' dir='ltr'>in</span> 
     </span>
    </p>
   </div>
   <div class='ocr_carea' id='block_1_99' title="bbox 116 5246 1691 5330">
    <p class='ocr_par' dir='ltr' id='par_1_99' title="bbox 116 5246 1691 5330">
     <span class='ocr_line' id='line_1_99' title="bbox 116 5246 1691 5330; baseline -0.001 -13"><span class='ocrx_word' id='word_1_738' title='bbox 116 5246 339 5316; x_wconf 58' lang='lat' dir='ltr'>l“Situm</span> <span class='ocrx_word' id='word_1_739' title='bbox 368 5266 614 5315; x_wconf 87' lang='lat' dir='ltr'>vertatur</span> <span class='ocrx_word' id='word_1_740' title='bbox 641 5258 873 5317; x_wconf 91' lang='lat' dir='ltr'>doloris.</span> <span class='ocrx_word' id='word_1_741' title='bbox 892 5261 1029 5318; x_wconf 86' lang='lat' dir='ltr'>Vult</span> <span class='ocrx_word' id='word_1_742' title='bbox 1049 5270 1263 5318; x_wconf 90' lang='lat' dir='ltr'>mutare</span> <span class='ocrx_word' id='word_1_743' title='bbox 1293 5277 1485 5318; x_wconf 87' lang='lat' dir='ltr'>vocem</span> <span class='ocrx_word' id='word_1_744' title='bbox 1515 5277 1691 5330; x_wconf 88' lang='lat' dir='ltr'>suam,</span> 
     </span>
    </p>
   </div>
   <div class='ocr_carea' id='block_1_100' title="bbox 117 5332 1698 5425">
    <p class='ocr_par' dir='ltr' id='par_1_100' title="bbox 117 5332 1698 5425">
     <span class='ocr_line' id='line_1_100' title="bbox 117 5332 1698 5425; baseline 0.003 -24"><span class='ocrx_word' id='word_1_745' title='bbox 117 5332 231 5401; x_wconf 67' lang='grc' dir='ltr'>(ῐῑιίε</span> <span class='ocrx_word' id='word_1_746' title='bbox 281 5358 414 5415; x_wconf 88' lang='lat' dir='ltr'>quos</span> <span class='ocrx_word' id='word_1_747' title='bbox 462 5345 576 5419; x_wconf 88' lang='lat' dir='ltr'>jam</span> <span class='ocrx_word' id='word_1_748' title='bbox 610 5348 956 5421; x_wconf 58' lang='lat' dir='ltr'>praedicando</span> <span class='ocrx_word' id='word_1_749' title='bbox 992 5360 1295 5425; x_wconf 87' lang='lat' dir='ltr'>pepererat,</span> <span class='ocrx_word' id='word_1_750' title='bbox 1347 5349 1698 5408; x_wconf 88' lang='lat' dir='ltr'>reformando</span> 
     </span>
    </p>
   </div>
   <div class='ocr_carea' id='block_1_101' title="bbox 118 5435 1699 5517">
    <p class='ocr_par' dir='ltr' id='par_1_101' title="bbox 118 5435 1699 5517">
     <span class='ocr_line' id='line_1_101' title="bbox 118 5435 1699 5517; baseline 0.011 -35"><span class='ocrx_word' id='word_1_751' title='bbox 118 5435 318 5492; x_wconf 67' lang='lat' dir='ltr'>gemens</span> <span class='ocrx_word' id='word_1_752' title='bbox 358 5435 556 5495; x_wconf 90' lang='lat' dir='ltr'>iterum</span> <span class='ocrx_word' id='word_1_753' title='bbox 603 5441 965 5514; x_wconf 86' lang='lat' dir='ltr'>parturiebat.</span> <span class='ocrx_word' id='word_1_754' title='bbox 1011 5442 1241 5512; x_wconf 89' lang='lat' dir='ltr'>Qualem</span> <span class='ocrx_word' id='word_1_755' title='bbox 1289 5443 1536 5517; x_wconf 90' lang='lat' dir='ltr'>rugitum</span> <span class='ocrx_word' id='word_1_756' title='bbox 1580 5442 1699 5500; x_wconf 67' lang='lat' dir='ltr'>haec</span> 
     </span>
    </p>
   </div>
   <div class='ocr_carea' id='block_1_102' title="bbox 185 5652 701 5730">
    <p class='ocr_par' dir='ltr' id='par_1_102' title="bbox 185 5652 701 5730">
     <span class='ocr_line' id='line_1_102' title="bbox 185 5652 701 5730; baseline 0.014 -11"><span class='ocrx_word' id='word_1_757' title='bbox 185 5652 198 5730; x_wconf 62' lang='grc' dir='ltr'><em>ἶ</em></span> <span class='ocrx_word' id='word_1_758' title='bbox 227 5657 334 5730; x_wconf 67' lang='grc' dir='ltr'>ᾼ1ο,</span> <span class='ocrx_word' id='word_1_759' title='bbox 366 5667 493 5730; x_wconf 83' lang='lat' dir='ltr'>quia</span> <span class='ocrx_word' id='word_1_760' title='bbox 522 5675 570 5724; x_wconf 91' lang='lat' dir='ltr'>et</span> <span class='ocrx_word' id='word_1_761' title='bbox 595 5686 701 5726; x_wconf 87' lang='lat' dir='ltr'>eas.</span> 
     </span>
    </p>
   </div>
   <div class='ocr_carea' id='block_1_103' title="bbox 177 5721 1349 5814">
    <p class='ocr_par' dir='ltr' id='par_1_103' title="bbox 177 5721 1349 5814">
     <span class='ocr_line' id='line_1_103' title="bbox 177 5721 1349 5814; baseline 0.008 -19"><span class='ocrx_word' id='word_1_762' title='bbox 177 5721 197 5814; x_wconf 68' lang='grc' dir='ltr'><strong><em>ξ</em></strong></span> <span class='ocrx_word' id='word_1_763' title='bbox 223 5721 420 5814; x_wconf 55' lang='grc' dir='ltr'>Ξτέιεῆ.</span> <span class='ocrx_word' id='word_1_764' title='bbox 432 5721 1057 5814; x_wconf 34' lang='lat' dir='ltr'>“novawregeuerationis</span> <span class='ocrx_word' id='word_1_765' title='bbox 1082 5752 1349 5805; x_wconf 84' lang='lat' dir='ltr'>creatura.</span> 
     </span>
    </p>
   </div>
   <div class='ocr_carea' id='block_1_104' title="bbox 174 5795 1699 5888">
    <p class='ocr_par' dir='ltr' id='par_1_104' title="bbox 174 5795 1699 5888">
     <span class='ocr_line' id='line_1_104' title="bbox 174 5795 1699 5888; baseline 0.015 -34"><span class='ocrx_word' id='word_1_766' title='bbox 174 5795 194 5828; x_wconf 80' lang='grc'><strong>³</strong></span> <span class='ocrx_word' id='word_1_767' title='bbox 222 5797 377 5863; x_wconf 89' lang='lat' dir='ltr'>Corb.</span> <span class='ocrx_word' id='word_1_768' title='bbox 423 5795 1052 5883; x_wconf 54' lang='lat' dir='ltr'>Geimﬁ,&#39;ii&#39;iii£1.;&quot;viii</span> <span class='ocrx_word' id='word_1_769' title='bbox 1085 5795 1477 5888; x_wconf 58' lang='grc' dir='ltr'>ἰῐῖῖδῖἐιθιη</span> <span class='ocrx_word' id='word_1_770' title='bbox 1525 5821 1699 5877; x_wconf 88' lang='lat' dir='ltr'>vocati</span> 
     </span>
    </p>
   </div>
   <div class='ocr_carea' id='block_1_105' title="bbox 1810 4627 3415 4696">
    <p class='ocr_par' dir='ltr' id='par_1_105' title="bbox 1810 4627 3415 4696">
     <span class='ocr_line' id='line_1_105' title="bbox 1810 4627 3415 4696; baseline 0.006 -12"><span class='ocrx_word' id='word_1_771' title='bbox 1810 4627 2123 4687; x_wconf 88' lang='lat' dir='ltr'>divinitatis</span> <span class='ocrx_word' id='word_1_772' title='bbox 2152 4631 2407 4688; x_wconf 89' lang='lat' dir='ltr'>notitiam</span> <span class='ocrx_word' id='word_1_773' title='bbox 2438 4633 2641 4689; x_wconf 90' lang='lat' dir='ltr'>nostris</span> <span class='ocrx_word' id='word_1_774' title='bbox 2670 4632 2933 4690; x_wconf 88' lang='lat' dir='ltr'>cordibus</span> <span class='ocrx_word' id='word_1_775' title='bbox 2959 4634 3287 4695; x_wconf 85' lang='lat' dir='ltr'>infundunt.</span> <span class='ocrx_word' id='word_1_776' title='bbox 3314 4639 3415 4696; x_wconf 91' lang='lat' dir='ltr'>Ne-</span> 
     </span>
    </p>
   </div>
   <div class='ocr_carea' id='block_1_106' title="bbox 1809 4722 3414 4796">
    <p class='ocr_par' dir='ltr' id='par_1_106' title="bbox 1809 4722 3414 4796">
     <span class='ocr_line' id='line_1_106' title="bbox 1809 4722 3414 4796; baseline 0.006 -22"><span class='ocrx_word' id='word_1_777' title='bbox 1809 4734 2081 4792; x_wconf 87' lang='lat' dir='ltr'>quaquam</span> <span class='ocrx_word' id='word_1_778' title='bbox 2127 4722 2329 4794; x_wconf 91' lang='lat' dir='ltr'>quippe</span> <span class='ocrx_word' id='word_1_779' title='bbox 2376 4722 2445 4778; x_wconf 89' lang='lat' dir='ltr'>ad</span> <span class='ocrx_word' id='word_1_780' title='bbox 2491 4738 2592 4779; x_wconf 90' lang='lat' dir='ltr'>nos</span> <span class='ocrx_word' id='word_1_781' title='bbox 2634 4724 2905 4779; x_wconf 91' lang='lat' dir='ltr'>Dominus</span> <span class='ocrx_word' id='word_1_782' title='bbox 2942 4724 3319 4796; x_wconf 89' lang='lat' dir='ltr'>descenderet,</span> <span class='ocrx_word' id='word_1_783' title='bbox 3367 4729 3414 4784; x_wconf 93' lang='lat' dir='ltr'>si</span> 
     </span>
    </p>
   </div>
   <div class='ocr_carea' id='block_1_107' title="bbox 1806 4809 3412 4889">
    <p class='ocr_par' dir='ltr' id='par_1_107' title="bbox 1806 4809 3412 4889">
     <span class='ocr_line' id='line_1_107' title="bbox 1806 4809 3412 4889; baseline 0.007 -25"><span class='ocrx_word' id='word_1_784' title='bbox 1806 4809 2189 4880; x_wconf 68' lang='lat' dir='ltr'>praedicatores</span> <span class='ocrx_word' id='word_1_785' title='bbox 2214 4811 2333 4883; x_wconf 90' lang='lat' dir='ltr'>ejus</span> <span class='ocrx_word' id='word_1_786' title='bbox 2368 4812 2427 4868; x_wconf 90' lang='lat' dir='ltr'>in</span> <span class='ocrx_word' id='word_1_787' title='bbox 2456 4814 2943 4885; x_wconf 88' lang='lat' dir='ltr'>contemplationis</span> <span class='ocrx_word' id='word_1_788' title='bbox 2987 4817 3169 4889; x_wconf 89' lang='lat' dir='ltr'>rigore</span> <span class='ocrx_word' id='word_1_789' title='bbox 3194 4818 3412 4876; x_wconf 84' lang='lat' dir='ltr'>inﬂexi-</span> 
     </span>
    </p>
   </div>
   <div class='ocr_carea' id='block_1_108' title="bbox 1805 4896 3415 4975">
    <p class='ocr_par' dir='ltr' id='par_1_108' title="bbox 1805 4896 3415 4975">
     <span class='ocr_line' id='line_1_108' title="bbox 1805 4896 3415 4975; baseline 0.006 -21"><span class='ocrx_word' id='word_1_790' title='bbox 1805 4896 1945 4955; x_wconf 88' lang='lat' dir='ltr'>biles</span> <span class='ocrx_word' id='word_1_791' title='bbox 1975 4909 2373 4971; x_wconf 89' lang='lat' dir='ltr'>permanerent.</span> <span class='ocrx_word' id='word_1_792' title='bbox 2406 4902 2751 4959; x_wconf 90' lang='lat' dir='ltr'>Inclinantur</span> <span class='ocrx_word' id='word_1_793' title='bbox 2779 4919 2910 4975; x_wconf 89' lang='lat' dir='ltr'>ergo</span> <span class='ocrx_word' id='word_1_794' title='bbox 2940 4905 3067 4960; x_wconf 86' lang='lat' dir='ltr'>coeli</span> <span class='ocrx_word' id='word_1_795' title='bbox 3099 4914 3162 4961; x_wconf 89' lang='lat' dir='ltr'>ut</span> <span class='ocrx_word' id='word_1_796' title='bbox 3191 4906 3415 4964; x_wconf 90' lang='lat' dir='ltr'>descen-</span> 
     </span>
    </p>
   </div>
   <div class='ocr_carea' id='block_1_109' title="bbox 1806 4986 3409 5058">
    <p class='ocr_par' dir='ltr' id='par_1_109' title="bbox 1806 4986 3409 5058">
     <span class='ocr_line' id='line_1_109' title="bbox 1806 4986 3409 5058; baseline 0.005 -15"><span class='ocrx_word' id='word_1_797' title='bbox 1806 4986 1901 5044; x_wconf 90' lang='lat' dir='ltr'>dat</span> <span class='ocrx_word' id='word_1_798' title='bbox 1927 4989 2216 5058; x_wconf 89' lang='lat' dir='ltr'>Dominus,</span> <span class='ocrx_word' id='word_1_799' title='bbox 2234 4990 2597 5048; x_wconf 89' lang='lat' dir='ltr'>incurvantur</span> <span class='ocrx_word' id='word_1_800' title='bbox 2616 5008 2792 5048; x_wconf 68' lang='lat' dir='ltr'>cervae</span> <span class='ocrx_word' id='word_1_801' title='bbox 2811 5000 2874 5047; x_wconf 87' lang='lat' dir='ltr'>ut</span> <span class='ocrx_word' id='word_1_802' title='bbox 2901 5009 3002 5048; x_wconf 88' lang='lat' dir='ltr'>nos</span> <span class='ocrx_word' id='word_1_803' title='bbox 3021 4993 3082 5049; x_wconf 92' lang='lat' dir='ltr'>in</span> <span class='ocrx_word' id='word_1_804' title='bbox 3112 5010 3257 5050; x_wconf 89' lang='lat' dir='ltr'>nova</span> <span class='ocrx_word' id='word_1_805' title='bbox 3277 4994 3409 5051; x_wconf 90' lang='lat' dir='ltr'>ﬁdei</span> 
     </span>
    </p>
   </div>
   <div class='ocr_carea' id='block_1_110' title="bbox 1806 5078 3411 5144">
    <p class='ocr_par' dir='ltr' id='par_1_110' title="bbox 1806 5078 3411 5144">
     <span class='ocr_line' id='line_1_110' title="bbox 1806 5078 3411 5144; baseline 0.006 -11"><span class='ocrx_word' id='word_1_806' title='bbox 1806 5078 1927 5134; x_wconf 89' lang='lat' dir='ltr'>luce</span> <span class='ocrx_word' id='word_1_807' title='bbox 1974 5094 2283 5135; x_wconf 88' lang='lat' dir='ltr'>nascamur.</span> <span class='ocrx_word' id='word_1_808' title='bbox 2328 5079 2449 5136; x_wconf 86' lang='lat' dir='ltr'>Istae</span> <span class='ocrx_word' id='word_1_809' title='bbox 2485 5080 2787 5138; x_wconf 65' lang='lat' dir='ltr'>incurvataa</span> <span class='ocrx_word' id='word_1_810' title='bbox 2836 5097 3010 5138; x_wconf 85' lang='lat' dir='ltr'>cervae</span> <span class='ocrx_word' id='word_1_811' title='bbox 3064 5083 3123 5139; x_wconf 91' lang='lat' dir='ltr'>in</span> <span class='ocrx_word' id='word_1_812' title='bbox 3168 5083 3411 5144; x_wconf 88' lang='lat' dir='ltr'>Canticis</span> 
     </span>
    </p>
   </div>
   <div class='ocr_carea' id='block_1_111' title="bbox 1804 5168 3408 5242">
    <p class='ocr_par' dir='ltr' id='par_1_111' title="bbox 1804 5168 3408 5242">
     <span class='ocr_line' id='line_1_111' title="bbox 1804 5168 3408 5242; baseline 0.006 -18"><span class='ocrx_word' id='word_1_813' title='bbox 1804 5168 2146 5225; x_wconf 88' lang='lat' dir='ltr'>canticorum</span> <span class='ocrx_word' id='word_1_814' title='bbox 2176 5170 2199 5204; x_wconf 68' lang='grc' dir='ltr'>ἰ</span> <span class='ocrx_word' id='word_1_815' title='bbox 2229 5185 2442 5240; x_wconf 75' lang='lat' dir='ltr'>sponsae</span> <span class='ocrx_word' id='word_1_816' title='bbox 2484 5171 2655 5228; x_wconf 90' lang='lat' dir='ltr'>ubera</span> <span class='ocrx_word' id='word_1_817' title='bbox 2686 5179 2816 5228; x_wconf 88' lang='lat' dir='ltr'>sunt</span> <span class='ocrx_word' id='word_1_818' title='bbox 2843 5182 3074 5242; x_wconf 76' lang='lat' dir='ltr'>vocatae,</span> <span class='ocrx_word' id='word_1_819' title='bbox 3105 5174 3251 5231; x_wconf 87' lang='lat' dir='ltr'>sicut</span> <span class='ocrx_word' id='word_1_820' title='bbox 3276 5177 3408 5234; x_wconf 90' lang='lat' dir='ltr'>scri-</span> 
     </span>
    </p>
   </div>
   <div class='ocr_carea' id='block_1_112' title="bbox 1804 5260 3405 5340">
    <p class='ocr_par' dir='ltr' id='par_1_112' title="bbox 1804 5260 3405 5340">
     <span class='ocr_line' id='line_1_112' title="bbox 1804 5260 3405 5340; baseline 0.005 -24"><span class='ocrx_word' id='word_1_821' title='bbox 1804 5269 1962 5333; x_wconf 90' lang='lat' dir='ltr'>ptum</span> <span class='ocrx_word' id='word_1_822' title='bbox 1992 5266 2072 5315; x_wconf 90' lang='lat' dir='ltr'>est</span> <span class='ocrx_word' id='word_1_823' title='bbox 2097 5276 2108 5314; x_wconf 91' lang='lat'><strong>:</strong></span> <span class='ocrx_word' id='word_1_824' title='bbox 2152 5260 2380 5318; x_wconf 82' lang='lat' dir='ltr'>Meliora</span> <span class='ocrx_word' id='word_1_825' title='bbox 2408 5268 2531 5315; x_wconf 85' lang='lat' dir='ltr'>sunt</span> <span class='ocrx_word' id='word_1_826' title='bbox 2568 5262 2732 5319; x_wconf 87' lang='lat' dir='ltr'>ubera</span> <span class='ocrx_word' id='word_1_827' title='bbox 2764 5270 2855 5318; x_wconf 88' lang='lat' dir='ltr'>tua</span> <span class='ocrx_word' id='word_1_828' title='bbox 2883 5264 3006 5319; x_wconf 87' lang='lat' dir='ltr'>vino</span> <span class='ocrx_word' id='word_1_829' title='bbox 3036 5264 3228 5334; x_wconf 88' lang='lat' dir='ltr'>(Cant.</span> <span class='ocrx_word' id='word_1_830' title='bbox 3263 5285 3301 5334; x_wconf 87' lang='grc' dir='ltr'><strong>ι,</strong></span> <span class='ocrx_word' id='word_1_831' title='bbox 3327 5267 3405 5340; x_wconf 91' lang='grc'>1).</span> 
     </span>
    </p>
   </div>
   <div class='ocr_carea' id='block_1_113' title="bbox 1809 5347 3409 5424">
    <p class='ocr_par' dir='ltr' id='par_1_113' title="bbox 1809 5347 3409 5424">
     <span class='ocr_line' id='line_1_113' title="bbox 1809 5347 3409 5424; baseline 0.005 -19"><span class='ocrx_word' id='word_1_832' title='bbox 1809 5350 1916 5407; x_wconf 88' lang='lat' dir='ltr'>Ista</span> <span class='ocrx_word' id='word_1_833' title='bbox 1951 5348 2099 5405; x_wconf 89' lang='lat' dir='ltr'>enim</span> <span class='ocrx_word' id='word_1_834' title='bbox 2130 5356 2261 5405; x_wconf 89' lang='lat' dir='ltr'>sunt</span> <span class='ocrx_word' id='word_1_835' title='bbox 2287 5347 2457 5406; x_wconf 88' lang='lat' dir='ltr'>ubera</span> <span class='ocrx_word' id='word_1_836' title='bbox 2485 5365 2606 5422; x_wconf 66' lang='lat' dir='ltr'>quas</span> <span class='ocrx_word' id='word_1_837' title='bbox 2636 5350 2694 5407; x_wconf 93' lang='lat' dir='ltr'>in</span> <span class='ocrx_word' id='word_1_838' title='bbox 2717 5367 2844 5409; x_wconf 89' lang='lat' dir='ltr'>arca</span> <span class='ocrx_word' id='word_1_839' title='bbox 2872 5354 3109 5424; x_wconf 89' lang='lat' dir='ltr'>pectoris</span> <span class='ocrx_word' id='word_1_840' title='bbox 3137 5353 3250 5411; x_wconf 87' lang='lat' dir='ltr'>ﬁxa</span> <span class='ocrx_word' id='word_1_841' title='bbox 3270 5357 3409 5415; x_wconf 90' lang='lat' dir='ltr'>lacte</span> 
     </span>
    </p>
   </div>
   <div class='ocr_carea' id='block_1_114' title="bbox 1808 5441 3407 5522">
    <p class='ocr_par' dir='ltr' id='par_1_114' title="bbox 1808 5441 3407 5522">
     <span class='ocr_line' id='line_1_114' title="bbox 1808 5441 3407 5522; baseline 0.006 -24"><span class='ocrx_word' id='word_1_842' title='bbox 1808 5457 1908 5500; x_wconf 91' lang='lat' dir='ltr'>nos</span> <span class='ocrx_word' id='word_1_843' title='bbox 1937 5449 2148 5515; x_wconf 89' lang='lat' dir='ltr'>potant,</span> <span class='ocrx_word' id='word_1_844' title='bbox 2179 5441 2309 5516; x_wconf 90' lang='lat' dir='ltr'>quia</span> <span class='ocrx_word' id='word_1_845' title='bbox 2344 5442 2450 5515; x_wconf 88' lang='lat' dir='ltr'>ipsi</span> <span class='ocrx_word' id='word_1_846' title='bbox 2478 5444 2697 5501; x_wconf 82' lang='lat' dir='ltr'>arcanis</span> <span class='ocrx_word' id='word_1_847' title='bbox 2728 5460 2958 5503; x_wconf 80' lang='lat' dir='ltr'>summae</span> <span class='ocrx_word' id='word_1_848' title='bbox 2987 5449 3407 5522; x_wconf 88' lang='lat' dir='ltr'>contemplatio-</span> 
     </span>
    </p>
   </div>
   <div class='ocr_carea' id='block_1_115' title="bbox 1806 5679 1948 5734">
    <p class='ocr_par' dir='ltr' id='par_1_115' title="bbox 1806 5679 1948 5734">
     <span class='ocr_line' id='line_1_115' title="bbox 1806 5679 1948 5734; baseline 0.007 -1"><span class='ocrx_word' id='word_1_849' title='bbox 1806 5679 1948 5734; x_wconf 85' lang='lat' dir='ltr'>sunt.</span> 
     </span>
    </p>
   </div>
   <div class='ocr_carea' id='block_1_116' title="bbox 1879 5747 3077 5825">
    <p class='ocr_par' dir='ltr' id='par_1_116' title="bbox 1879 5747 3077 5825">
     <span class='ocr_line' id='line_1_116' title="bbox 1879 5747 3077 5825; baseline 0.007 -20"><span class='ocrx_word' id='word_1_850' title='bbox 1879 5752 1900 5785; x_wconf 69' lang='grc' dir='ltr'>ἰ</span> <span class='ocrx_word' id='word_1_851' title='bbox 1929 5750 2127 5806; x_wconf 87' lang='lat' dir='ltr'>Pratel.</span> <span class='ocrx_word' id='word_1_852' title='bbox 2160 5758 2214 5806; x_wconf 91' lang='lat' dir='ltr'>et</span> <span class='ocrx_word' id='word_1_853' title='bbox 2243 5747 2403 5825; x_wconf 78' lang='lat' dir='ltr'>Corb.</span> <span class='ocrx_word' id='word_1_854' title='bbox 2437 5748 2621 5808; x_wconf 88' lang='lat' dir='ltr'>Germ.</span> <span class='ocrx_word' id='word_1_855' title='bbox 2632 5792 2648 5820; x_wconf 92' lang='lat'>,</span> <span class='ocrx_word' id='word_1_856' title='bbox 2678 5748 2857 5823; x_wconf 81' lang='lat' dir='ltr'>sponsi</span> <span class='ocrx_word' id='word_1_857' title='bbox 2897 5752 3077 5813; x_wconf 87' lang='lat' dir='ltr'>ubera.</span> 
     </span>
    </p>
   </div>
  </div>
