3920 6382
413 382 516 440 551

1617 374 1866 432 SANCTI
1928 374 2266 433 GREGORII
2301 374 2529 432 MAGNI

3626 376 3735 433 552

419 507 508 564 nis
539 505 893 571 inharentes,
923 501 1115 559 subtili
1160 519 1259 559 nos
1303 501 1692 574 pradicatiane
1731 501 2009 557 nutriunt.
2040 504 2092 563 Α
2121 502 2215 574 qui
2274 500 2471 557 remoti
2529 516 2560 556 a
2619 499 2794 557 turbis
2823 503 2844 537 ⁶
2899 497 3259 572 popularibus
3306 507 3735 556 canversantur.

416 597 487 654 Ut
516 594 689 667 igitur
717 591 786 649 ab
815 600 1023 649 aterna
1049 593 1256 664 gemitu
1283 599 1337 648 et
1366 590 1556 648 dolare
1583 606 1684 646 nos
1710 589 2010 660 retrahant,

417 698 568 740 nunc
615 681 981 738 incurventur
1025 697 1223 751 cervae,
1275 689 1437 753 atque
1493 681 1548 736 in
1597 687 1756 752 partu
1801 679 2014 750 rugitus

416 771 701 830 emittunt.
735 769 876 838 Quia
905 787 1037 826 vera
1067 771 1193 843 ipsi,
1217 770 1309 843 qui
1341 776 1526 825 sancta
1554 769 1777 824 Patrum
1807 767 2018 840 pradi-

417 862 636 920 catiane
665 867 985 928 nascuntur,
1010 859 1309 932 aliquando
1329 858 1580 914 doctores
1607 873 1735 913 suas
1759 857 2017 930 patienda

417 953 788 1026 praveniunt,
808 959 870 1008 ut
889 951 967 1007 eis
994 951 1177 1007 adhuc
1208 950 1264 1005 in
1296 948 1400 1006 hac
1419 949 1532 1005 vita
1553 949 1884 1006 durantibus
1913 949 2017 1022 ipsi

417 1041 534 1115 jam
564 1042 832 1116 martyrio
865 1045 1342 1108 consummentur,
1373 1047 1497 1110 apte
1523 1039 1773 1112 sequitur
1798 1054 1810 1094 :

847 1131 1074 1190 CAPUT
1107 1131 1240 1188 XIV
1279 1130 1422 1204 [Rea
1461 1129 1588 1204 x1].

492 1222 666 1282 Vens.
695 1221 751 1280 4.
781 1253 853 1266 -
881 1224 1215 1294 Separantur
1243 1221 1345 1293 ﬁlii
1372 1237 1578 1288 earum,
1609 1223 1658 1275 et
1696 1223 1926 1290 pergunt
1951 1216 2025 1273 ad

417 1319 631 1387 pastum
654 1331 674 1376 ;
709 1312 1072 1384 egrediuntur,
1099 1316 1148 1366 et
1175 1327 1281 1365 non
1309 1315 1647 1365 revertuntur
1674 1309 1746 1364 ad
1773 1324 1878 1364 eas.

495 1401 584 1459 49.
608 1403 817 1458 Eorum
834 1400 938 1473 ﬁlii
965 1399 1035 1456 ad
1054 1416 1220 1456 sacra
1241 1399 1532 1470 Scriptura
1546 1404 1760 1470 pastum
1776 1401 2022 1469 pergunt.

425 1493 537 1549 Eos
574 1491 796 1551 Verbum
823 1507 888 1546 ea:
915 1496 1113 1545 natura
1141 1489 1440 1545 divinitatis
1466 1486 2027 1544 illustrat—Pastum

426 1581 712 1654 Scriptura
739 1595 892 1638 sacra
920 1578 1059 1636 illud
1080 1577 1381 1634 viriditatis
1401 1586 1617 1634 aterna
1643 1575 1908 1649 pabulum
1931 1589 2029 1630 vo-

426 1679 537 1738 cat,
553 1672 651 1728 ubi
675 1670 792 1744 jam
817 1678 1004 1727 nostra
1031 1669 1261 1727 refectio
1276 1670 1487 1726 nullius
1506 1668 1754 1725 defectus
1772 1665 2031 1722 ariditate

426 1769 745 1820 marcescet.
793 1763 871 1818 De
918 1777 1028 1833 qua
1071 1769 1226 1832 pastu
1273 1775 1368 1830 per
1395 1759 1739 1815 Psalmistam
1785 1757 2028 1813 dicitur:

428 1850 690 1910 Dominus
715 1850 849 1921 regit
876 1866 974 1917 me,
1005 1855 1054 1903 et
1079 1849 1216 1904 nihil
1245 1848 1374 1902 mihi
1392 1848 1576 1917 deerit,
1607 1847 1666 1902 in
1688 1849 1798 1902 loco
1823 1862 2036 1917 pascua:

429 1942 507 1999 ibi
549 1960 630 1998 me
670 1942 945 1998 collocavit
975 1942 1147 2014 (Psal.
1177 1957 1320 2009 χχιι,
1353 1941 1433 2013 2).
1482 1941 1554 1996 Et
1603 1955 1866 1996 rursum:
1918 1937 2029 1994 Nos

433 2042 610 2092 autem
628 2033 648 2074 ί
677 2037 908 2108 populus
937 2033 1072 2104 ejus,
1101 2039 1150 2088 et
1175 2050 1292 2089 oves
1314 2049 1525 2104 pascua:
1545 2033 1656 2103 eius
1689 2032 2029 2104 (Psal.xcrv,

437 2125 519 2199 7).
567 2127 648 2182 De
677 2123 880 2198 quibus
911 2123 1178 2179 nimirum
1211 2123 1425 2194 pascuis
1455 2121 1671 2178 Veritas
1701 2137 1796 2194 per
1823 2129 2034 2177 semet-

438 2213 613 2287 ipsam
645 2213 819 2270 dicit:
851 2214 958 2270 Per
985 2229 1066 2267 me
1092 2212 1139 2267 si
1166 2211 1286 2284 quis
1313 2211 1607 2279 introierit,
1637 2211 1960 2276 salvabitur;
1988 2215 2037 2264 et

436 2303 785 2376 ingredietur,
811 2309 859 2357 et
882 2303 1195 2374 egredietur,
1224 2308 1272 2357 et
1288 2318 1492 2374 pascua
1519 2301 1744 2357 inveniet
1765 2300 1946 2372 (Joan.
1974 2315 2035 2368 x,

437 2393 522 2465 9).
583 2394 822 2464 Pergunt
866 2409 994 2465 erga
1032 2391 1101 2448 ad
1143 2398 1379 2464 pastum,
1424 2391 1554 2464 quia
1599 2391 1667 2447 de
1715 2388 2040 2463 corporibus

439 2489 706 2540 exeuntes
734 2483 833 2538 illa
873 2482 1072 2554 pabula
1115 2481 1346 2539 interna
1376 2483 1678 2538 viriditatis
1723 2481 2038 2538 inveniunt.

439 2571 836 2644 Egrediuntur,
861 2578 916 2627 et
944 2588 1056 2628 nan
1085 2580 1438 2629 revertuntur
1465 2571 1534 2628 ad
1563 2589 1673 2642 eas,
1696 2572 1827 2646 quia
1855 2573 1914 2627 in
1948 2571 2044 2626 illa

442 2662 682 2736 suscepti
711 2663 1176 2735 contemplatione
1205 2663 1551 2736 gaudiorum,
1579 2663 1694 2736 jam
1728 2661 2044 2719 nullatenus

443 2749 694 2824 indigent
721 2751 889 2809 verba
917 2751 1107 2807 audire
1132 2751 1470 2810 docentium.
1513 2753 1730 2825 Egressi
1764 2753 1946 2825 itaque
1976 2751 2044 2808 ad

443 2856 534 2898 eas
557 2840 673 2914 jam
700 2857 811 2897 non
839 2839 1090 2910 redeunt,
1119 2841 1249 2914 quia
1286 2843 1568 2913 angustias
1598 2842 1728 2898 vita
1759 2841 2044 2914 prasentis

445 2929 759 2999 evadentes,
809 2931 955 2986 ultra
1000 2947 1033 2986 a
1075 2931 1398 2987 doctoribus
1435 2931 1884 3003 pradicatianem
1915 2931 2046 2986 vita

445 3020 689 3092 accipere
719 3035 831 3075 non
865 3020 1173 3092 requirunt.
1208 3021 1362 3077 Tunc
1383 3021 1585 3094 quippe
1615 3021 1877 3092 impletur
1899 3019 2048 3092 quod

446 3109 710 3181 scriptum
732 3116 846 3165 est:
873 3109 995 3167 Non
1022 3109 1219 3166 docebit
1245 3111 1395 3167 ultra
1423 3111 1511 3166 vir
1534 3110 1846 3182 proximum
1869 3125 2045 3177 suum,

446 3205 495 3256 et
536 3199 623 3254 vir
649 3197 878 3270 fratrem
917 3215 1096 3265 suum,
1145 3200 1320 3256 dicens
1351 3218 1364 3257 :
1422 3201 1680 3272 Cognosce
1720 3199 2050 3262 Dominum;

2123 591 2226 659 Qui
2257 599 2380 663 apte
2399 593 2564 648 etiam
2597 591 2736 647 liber
2753 591 2959 649 dicitur
2981 608 2992 645 :
3023 590 3153 663 quia
3175 605 3372 661 magna
3389 597 3474 646 est
3489 591 3741 647 servitus

2125 683 2474 738 saecularium
2517 682 2888 754 negotiorum,
2936 679 3140 754 quibus
3184 695 3337 736 mens
3369 678 3743 736 vehementer

2125 772 2401 840 atteritur,
2448 772 2703 845 quamvis
2752 771 2810 828 in
2860 771 2940 827 eis
2982 778 3177 842 sponte
3207 771 3227 805 ⁷
3276 768 3530 826 desudet.
3565 766 3744 840 Cujus

2127 863 2414 920 servitutis
2442 863 2762 920 conditione
2804 880 2988 920 carere
3035 873 3117 920 est
3161 863 3218 918 in
3253 861 3462 919 mundo
3507 861 3624 934 iam
3661 861 3745 919 nil

2129 954 2536 1025 concupiscere.
2571 952 2736 1020 Quasi
2780 951 2928 1008 enim
2957 951 3195 1025 quadam
3228 953 3249 987 ⁸
3285 949 3420 1025 jugo
3452 950 3748 1008 servitutis

2131 1050 2390 1116 premunt
2433 1059 2692 1116 prospera
2731 1042 2867 1098 dum
2917 1050 3274 1115 appetuntur,
3326 1049 3588 1115 premunt
3633 1040 3750 1096 ad—

2133 1147 2290 1189 versa
2318 1133 2451 1189 dum
2482 1131 2874 1188 formidantur.
2908 1134 2980 1188 At
3009 1132 3055 1187 si
3099 1131 3225 1205 quis
3253 1132 3421 1188 semel
3469 1147 3503 1188 a
3549 1129 3754 1188 domi-

2133 1224 2361 1278 natione
2421 1222 2823 1280 desideriorum
2879 1223 3270 1295 temporalium
3326 1222 3471 1279 calla
3539 1222 3752 1279 mentis

2133 1313 2465 1379 excusserit,
2498 1311 2733 1384 quadam
2769 1309 2885 1383 jam
2921 1311 3088 1367 etiam
3119 1311 3175 1366 in
3207 1309 3311 1368 hac
3342 1309 3460 1365 vita
3491 1309 3753 1367 libertate

2137 1401 2457 1474 perfruitur,
2504 1400 2638 1457 dum
2677 1401 2833 1457 nulla
2862 1399 3136 1457 desideria
3166 1399 3452 1457 felicitatis
3476 1399 3748 1468 afﬁcitur,

2137 1493 2292 1547 nullo
2348 1491 2700 1547 adversitatis
2755 1499 2964 1548 terrore
3019 1497 3349 1547 caarctatur.
3410 1489 3530 1548 Hoc
3582 1505 3756 1561 grave

2139 1582 2422 1638 servitutis
2445 1580 2642 1654 jugum
2663 1582 2935 1639 Dominus
2963 1581 3106 1639 vidit
3134 1579 3490 1638 sacularium
3514 1578 3756 1636 cervici-

2140 1669 2244 1728 bus
2276 1671 2624 1744 impressum,
2656 1687 2785 1728 cum
2816 1671 3058 1728 diceret:
3101 1671 3276 1730 Venite
3319 1670 3391 1726 ad
3420 1687 3525 1737 me,
3574 1685 3758 1724 omnes

2141 1762 2233 1833 qui
2264 1763 2522 1818 laboratis
2551 1768 2598 1817 et
2625 1762 2832 1818 onerati
2859 1762 3000 1830 estis,
3041 1767 3088 1817 et
3115 1779 3204 1834 ego
3233 1759 3470 1832 reﬁciam
3493 1776 3606 1815 vos.
3637 1758 3759 1815 Tol-

2146 1853 2234 1908 lite
2252 1850 2443 1923 jugum
2475 1868 2643 1907 meum
2669 1869 2828 1925 super
2854 1869 2967 1917 vos,
2999 1857 3050 1906 et
3077 1851 3258 1907 discite
3284 1868 3320 1907 a
3345 1867 3425 1906 me
3451 1848 3583 1921 quia
3608 1847 3760 1903 mitis

2140 1960 2278 2008 sum,
2310 1950 2358 1998 et
2384 1943 2602 1999 humilis
2631 1943 2808 2010 corde,
2830 1949 2879 1999 et
2905 1941 3180 1998 invenietis
3207 1941 3441 2014 requiem
3469 1937 3760 1995 animabus

2139 2033 2345 2088 vestris.
2379 2033 2575 2105 Iugum
2603 2033 2741 2088 enim
2782 2050 2951 2088 meum
3001 2049 3160 2088 suave
3188 2037 3282 2101 est,
3326 2037 3376 2086 et
3417 2046 3554 2086 onus
3583 2045 3763 2084 meum

2147 2135 2251 2192 Ieve
2282 2119 2494 2190 (Matth.
2530 2137 2610 2189 χι,
2643 2119 2854 2193 28-30).
2889 2123 3162 2194 Asperum
3204 2118 3405 2194 quippe
3447 2117 3673 2190 jugum,
3705 2122 3764 2172 et

2144 2210 2317 2280 dura,
2352 2211 2500 2268 sicut
2529 2211 2796 2280 diximus,
2837 2211 3125 2268 servitutis
3152 2209 3369 2284 pondus
3399 2215 3500 2278 est,
3531 2207 3764 2264 subesse

2145 2301 2576 2374 temporalibus,
2635 2301 2848 2358 ambire
2900 2309 3138 2370 terrena,
3188 2301 3426 2357 retinere
3481 2296 3760 2364 labentia,

2149 2390 2292 2446 velle
2320 2398 2462 2448 stare
2493 2391 2551 2446 in
2581 2407 2692 2446 non
2722 2389 3017 2460 stantibus,
3041 2400 3295 2463 appetere
3325 2387 3550 2464 quidem
3581 2393 3764 2442 trans-

2150 2480 2363 2550 euntia,
2399 2479 2495 2536 sed
2537 2497 2664 2537 cum
2697 2479 3110 2536 transeuntibus
3140 2479 3288 2535 nolle
3318 2479 3578 2536 transire.
3613 2478 3764 2532 Dum

2153 2570 2299 2626 enim
2327 2578 2520 2628 contra
2551 2579 2742 2626 vatum
2773 2577 2972 2627 cuncta
2998 2569 3242 2642 fugiunt,
3274 2585 3394 2642 qua
3426 2567 3582 2640 prius
3609 2581 3765 2622 men-

2153 2667 2261 2718 tem
2293 2677 2362 2717 ex
2394 2661 2670 2718 desideria
2701 2659 3012 2734 adeptionis
3041 2659 3374 2728 afﬂixerant,
3408 2666 3531 2734 post
3561 2674 3633 2716 ex
3672 2673 3768 2730 pa-

2154 2745 2286 2808 vore
2315 2750 2632 2808 amissionis
2663 2760 2942 2824 premunt.
2975 2749 3140 2807 Liber
3156 2767 3284 2822 ergo
3305 2749 3616 2806 dimittitur
3642 2748 3769 2823 qui,

2154 2841 2378 2897 calcatis
2425 2841 2658 2897 terrenis
2698 2839 3013 2907 desideriis,
3069 2837 3138 2895 ab
3189 2838 3528 2911 appetitione
3576 2852 3770 2894 rerum

2157 2931 2545 3002 temporalium
2576 2931 2870 2986 securitate
2901 2928 3102 2984 mentis
3131 2936 3485 2984 exaneratur.
3519 2927 3597 2983 Et
3634 2925 3773 2981 vin-

2158 3021 2281 3076 cula
2311 3019 2444 3090 ejus,
2475 3021 2595 3090 quis
2626 3019 2786 3075 solvit
2807 3021 2836 3076 7
2875 3017 3150 3075 Subaudis
3178 3017 3286 3074 nisi
3315 3033 3434 3090 ego.

2230 3111 2318 3167 51.
2351 3111 2548 3168 Divina
2577 3111 2854 3182 adjutorio
2883 3111 3267 3166 desideriorum
3299 3107 3606 3166 carnalium
3640 3106 3776 3164 reti-

2159 3201 2355 3256 nacula
2383 3207 2729 3273 rumpuntur.
2747 3200 3138 3257 —Salvuntur
3164 3217 3298 3257 vera
3326 3198 3776 3272 uniuscujusque

447 3305 622 3344 omnes
644 3289 781 3343 enim
807 3293 1108 3360 cognoscent
1145 3306 1226 3343 me
1259 3307 1295 3344 a
1323 3288 1540 3344 minimo
1568 3305 1751 3344 eorum
1790 3303 1955 3358 usque
1982 3285 2055 3342 ad
2083 3262 2127 3323 Ο
2162 3292 2408 3359 vincula,
2429 3291 2562 3348 dum
2593 3291 2788 3348 divino
2817 3291 3094 3364 adjutario
3115 3291 3334 3348 interna
3361 3288 3775 3348 desideriorum

447 3379 780 3442 maximum,
823 3377 952 3432 dicit
991 3378 1252 3434 Dominus
1285 3378 1502 3450 (Jerem.
1537 3395 1698 3446 xxxi,
1729 3378 1847 3451 34).
1898 3377 2056 3434 Tunc

452 3467 714 3538 impletur
743 3465 891 3538 quod
920 3465 977 3521 in
999 3466 1302 3538 Evangelia
1323 3467 1540 3524 Veritas
1568 3467 1708 3525 dicit
1735 3486 1746 3523 :
1781 3468 1973 3524 Palam
1993 3467 2056 3522 de

451 3555 616 3613 Patre
640 3554 662 3589 ³
691 3571 804 3610 meo
832 3555 1160 3612 annuntiabo
1189 3556 1333 3612 vobis
1363 3557 1554 3629 (Joan.
1576 3573 1694 3626 xvr,
1724 3557 1841 3629 25).
1877 3555 2054 3612 Filius

451 3645 656 3718 quippe
683 3642 751 3700 de
781 3644 940 3701 Patre
969 3646 1147 3718 palam
1175 3647 1494 3716 annuntiat,
1539 3647 1670 3721 quia
1708 3647 1854 3704 sicut
1882 3660 2056 3718 supe-

452 3733 571 3790 rius
599 3732 868 3804 diximus,
908 3749 1005 3807 per
1034 3733 1140 3791 hac
1166 3735 1316 3808 quod
1346 3735 1595 3794 Verbum
1623 3745 1726 3806 est,
1757 3751 1828 3794 ex
1857 3743 2055 3792 natura

454 3839 556 3880 nos
583 3823 895 3880 divinitatis
926 3825 1186 3883 illustrat.
1207 3824 1389 3882 Verba
1407 3827 1558 3883 enim
1579 3834 1715 3884 tunc
1732 3824 2054 3883 docentium

455 3914 612 3988 quasi
632 3914 900 3988 quosdam
921 3914 1176 3974 humana
1196 3916 1396 3990 lingua
1417 3917 1628 3974 rivulos
1649 3933 1760 3974 nan
1776 3922 2053 3989 quarunt,

454 4003 677 4077 quando
705 4003 773 4060 de
803 4006 922 4078 ipso
941 4004 1057 4078 jam
1086 4007 1336 4066 veritatis
1367 4010 1388 4043 ³
1419 4007 1572 4064 fante
1601 4008 1942 4064 derivantur.

525 4093 700 4168 Igitur
728 4102 1019 4168 postquam
1048 4095 1281 4168 ﬁgurata
1325 4096 1711 4156 incurvatione
1743 4111 2052 4164 cervarum,

455 4191 632 4248 multa
658 4190 727 4248 de
755 4193 1144 4265 magistrorum
1189 4194 1397 4250 virtute
1446 4203 1665 4252 narrata
1713 4203 1864 4264 sunt,
1910 4191 2056 4250 979

455 4295 608 4336 nunc
649 4279 717 4335 ad
745 4295 937 4336 eorum
966 4283 1159 4351 vitam,
1201 4284 1297 4356 qui
1347 4293 1573 4342 remota
1623 4284 2058 4340 conversationis

457 4375 666 4427 secreta
693 4376 978 4441 appetunt,
1005 4371 1174 4428 verba
1194 4380 1525 4430 vertuntur:
1560 4375 1730 4448 quiet
1753 4375 1870 4447 ipsa
1896 4377 1918 4411 ⁴
1947 4391 2060 4432 ces-

459 4457 621 4516 sandi
640 4459 773 4529 otia,
805 4461 934 4532 quia
951 4459 1148 4518 divino
1175 4461 1454 4535 adjutaria
1481 4472 1536 4521 et
1565 4481 1675 4522 non
1705 4465 1820 4522 suis
1845 4465 2059 4523 viribus

458 4557 848 4623 assequuntur,
879 4549 948 4606 de
976 4551 1056 4608 eis
1083 4567 1116 4607 a
1153 4553 1392 4610 Domina
1421 4553 1663 4612 dicitur:

709 4638 937 4696 CAPUT
968 4641 1073 4698 xv
1104 4639 1242 4715 [Vet.
1276 4643 1487 4713 XXIII,
1519 4647 1637 4702 Rec.
1671 4643 1828 4719 XII].

532 4729 702 4787 Vnus.
733 4731 998 4800 5.—Quis
1026 4734 1230 4790 dimisit
1250 4753 1512 4810 onagrum
1540 4740 1562 4774 ⁵
1599 4739 1842 4804 liberum,
1873 4743 1921 4794 et
1946 4738 2060 4794 vin-

459 4820 582 4877 cula
610 4820 724 4892 ejus
747 4822 867 4892 quis
896 4824 1053 4879 solvit
1075 4823 1106 4882 ?

530 4910 621 4968 50.
657 4912 859 4984 Onagri
888 4913 1039 4969 liberi
1066 4916 1276 4970 nomine
1302 4915 1696 4986 intelliguntur,
1718 4915 1811 4986 qui
1837 4933 1871 4972 a
1901 4915 2062 4972 servi-

462 5005 568 5057 tute
594 5004 932 5059 sazcularium
959 5021 1142 5060 rerwn
1168 5006 1438 5078 expediti,
1467 5006 1747 5061 solitudini
1775 5013 2065 5063 vacant.—

463 5090 736 5152 Subaudis
780 5095 889 5152 nisi
935 5113 1054 5170 ego.
1100 5097 1316 5170 Onager
1347 5098 1518 5165 enim,
1549 5097 1644 5171 qui
1674 5097 1730 5153 in
1762 5097 2064 5156 solitudine

464 5193 859 5256 commoratur,
875 5202 988 5243 nan
1019 5187 1320 5260 incongrue
1349 5187 1523 5242 vitam
1553 5203 1744 5244 eorum
1765 5187 2062 5260 signiﬁcat,

544 5365 564 5442 ξ
592 5365 792 5442 Pratel.
815 5374 871 5422 et
882 5368 1066 5442 _Uti_c.,
1090 5371 1326 5442 populus
1355 5375 1475 5425 tuus
1493 5376 1540 5425 et
1567 5387 1684 5426 aves
1713 5387 1924 5442 pascua
1944 5377 2064 5428 tute.

542 5435 565 5515 ξ
595 5435 767 5515 baud.
793 5446 847 5492 et
871 5435 1261 5515 Corb.;Germr.
1285 5459 1397 5515 non
1427 5442 1633 5515 habent
1659 5435 1790 5497 meo.

541 5506 564 5539 ³
597 5505 703 5586 _llic
731 5510 1167 5586 se'qui_mur_M_s_s.
1198 5512 1422 5586 Ebraic.
1446 5514 1710 5586 aliasque.
1729 5515 1941 5581 Norm.,
1959 5521 2071 5570 tres

472 5576 990 5657 Anglic.,_V_indoc._
1022 5582 1171 5657 Editi
1201 5600 1328 5640 cum
1361 5585 1524 5642 Corb.
1557 5576 1767 5654 Germ.,
1800 5601 1898 5657 pro
1926 5576 2071 5641 deri-

472 5647 691 5715 vantur,
725 5647 930 5705 habent
957 5652 1288 5710 debriantur.

545 5720 568 5754 ‘
597 5718 772 5797 Editj,
794 5724 1046 5797 vocandi,
1063 5724 1458 5797 reluctantibus
1476 5727 1604 5783 Mss.
1623 5728 1886 5797 Vindac.,
1903 5727 2068 5785 Corb.

474 5786 682 5864 Germ.,
704 5786 916 5864 Laud.,
948 5786 1072 5850 Val.
1107 5793 1212 5860 CL,
1244 5797 1458 5864 Norm.,
1489 5807 1593 5855 etc.

545 5865 566 5897 ⁶
598 5861 840 5920 Additur
869 5861 926 5920 in
958 5865 1243 5921 nonnullis
1278 5867 1384 5924 Ed.
1416 5861 1474 5924 in
1501 5869 1854 5926 solitudinem.

2163 3380 2469 3437 carnalium
2518 3381 2823 3438 retinacula
2865 3380 3281 3453 dirumpuntur.
3318 3379 3457 3451 Cum
3494 3379 3646 3436 enim
3679 3379 3775 3451 pia

2164 3471 2402 3528 intentio
2445 3470 2514 3527 ad
2542 3471 2964 3527 conversionem
2993 3478 3176 3540 vocat,
3225 3469 3321 3527 sed
3351 3469 3535 3526 adhuc
3562 3468 3633 3525 ab
3665 3468 3775 3526 hac

2162 3559 2471 3618 intentione
2485 3559 2666 3618 carnis
2681 3560 2976 3617 infirmitas
2996 3569 3236 3629 revocat,
3255 3559 3410 3633 quasi
3428 3557 3774 3633 quibusdam

2162 3652 2408 3711 vinculis
2434 3655 2619 3710 anima
2650 3654 2816 3726 ligata
2835 3653 3186 3727 prapeditur.
3211 3653 3414 3712 Multos
3445 3654 3595 3710 enim
3625 3669 3774 3727 sape

2164 3743 2418 3800 videmus
2447 3745 2468 3780 ⁹
2505 3744 2678 3800 vitam
2709 3743 2936 3818 quidem
2963 3751 3165 3800 sancta
3197 3741 3645 3800 conversationis
3675 3759 3774 3815 ap-

2164 3845 2383 3908 petere;
2416 3833 2512 3892 sed
2539 3851 2608 3892 ne
2636 3834 2784 3892 hanc
2811 3833 3027 3907 assequi
3050 3833 3289 3902 valeant,
3309 3832 3475 3890 modo
3495 3833 3776 3890 irruentes

2164 3941 2342 3994 casus,
2373 3925 2538 3982 modo
2567 3925 2755 3982 futura
2779 3924 3009 3982 adversa
3034 3923 3353 3981 formidare.
3387 3921 3494 3992 Qui
3532 3923 3593 3979 in
3621 3929 3774 3980 certa

2164 4015 2309 4072 mala
2336 4015 2469 4072 dum
2507 4016 2664 4089 quasi
2705 4015 2852 4072 cauti
2897 4014 3264 4087 prospiciunt,
3311 4013 3372 4070 in
3411 4021 3768 4086 peccatorum

2165 4119 2390 4160 suorum
2419 4104 2660 4160 vinculis
2689 4103 2896 4161 incauti
2923 4104 3252 4161 retinentur.
3279 4104 3454 4162 Multa
3473 4104 3624 4160 enim
3644 4111 3777 4160 ante

2166 4196 2355 4252 oculos
2372 4202 2604 4268 ponunt,
2624 4212 2744 4269 qua
2771 4196 2817 4251 si
2846 4194 2925 4252 eis
2956 4195 3013 4250 in
3043 4194 3462 4252 conversatione
3487 4192 3774 4260 eveniant,

2168 4283 2464 4340 subsistere
2511 4299 2566 4338 se
2609 4300 2720 4340 non
2751 4300 2908 4356 posse
2938 4282 3258 4340 formidant.
3292 4284 3371 4340 De
3399 4282 3604 4356 quibus
3632 4281 3778 4338 bene

2169 4369 2426 4426 Salomon
2464 4370 2543 4426 ait
2575 4387 2587 4426 :
2636 4370 2748 4426 Iter
2770 4370 3070 4442 pigrorum,
3105 4371 3261 4443 quasi
3305 4387 3446 4443 sepes
3491 4371 3779 4442 spinarum

2171 4460 2360 4534 (Prov.
2391 4477 2489 4529 xv,
2523 4459 2635 4532 19).
2667 4460 2803 4516 Nam
2845 4477 2972 4518 cum
3013 4461 3160 4517 viam
3202 4460 3300 4518 Dei
3342 4467 3630 4534 appetunt,
3678 4476 3777 4518 eos

2169 4551 2324 4606 velut
2351 4550 2522 4623 spina
2550 4549 2891 4608 obstantium
2915 4550 3128 4623 sepium
3155 4549 3234 4606 sic
3254 4549 3618 4607 formidinum
3649 4566 3778 4607 sua-

2091 4633 2141 4692 D
2173 4657 2294 4698 rum
2325 4642 2590 4714 apposita
2619 4642 2961 4714 suspiciones
3005 4649 3276 4715 pungunt.
3319 4639 3478 4708 Quod
3507 4640 3640 4714 quia
3665 4639 3777 4696 ele-

2173 4741 2291 4790 ctas
2321 4734 2622 4806 prapedire
2651 4751 2761 4790 non
2790 4734 2949 4804 solet,
2998 4733 3136 4790 bene
3165 4733 3284 4791 illic
3326 4740 3548 4790 secutus
3576 4731 3778 4806 adjun-

2171 4822 2285 4895 git:
2319 4824 2414 4881 Via
2428 4823 2703 4893 justorum
2740 4824 2934 4896 absque
2961 4823 3274 4894 offendicula
3294 4823 3516 4895 (Ibid.).
3548 4823 3597 4859 ¹⁰
3629 4819 3777 4878 Iusti

2171 4912 2374 4986 quippe
2415 4913 2472 4968 in
2519 4915 2933 4970 conversatione
2965 4930 3063 4970 sua
3091 4911 3376 4986 quodlibet
3404 4912 3484 4969 eis
3513 4911 3778 4968 adversi—

2172 5002 2303 5057 tatis
2347 5001 2677 5072 abviaverit,
2732 5021 2842 5060 non
2896 5003 3230 5076 impingunt,
3284 5001 3416 5077 quia
3450 4999 3779 5075 temporalis

2173 5091 2523 5152 adversitatis
2555 5097 2598 5132 ¹¹
2655 5094 2938 5152 obstacula
2991 5103 3208 5151 aeterna
3264 5093 3379 5167 spei
3431 5101 3488 5150 et
3542 5092 3780 5151 interna

2175 5185 2658 5258 contemplationis
2702 5186 2847 5242 saltu
2889 5183 3302 5244 transcendunt.
3357 5183 3540 5242 Solvit
3591 5184 3779 5261 itaque

2178 5439 2220 5494 Τ
2249 5369 2271 5404 ⁶
2299 5367 2429 5436 Ed.,
2483 5368 2849 5426 sacularibus.
2898 5368 3194 5442 Sequimur
3243 5365 3494 5425 laudatas
3541 5365 3675 5426 Mss.
3724 5373 3781 5425 et

2225 5457 2402 5494 uran.-

2225 5457 2402 5495 υτοιυ

2177 5513 2282 5657 qu;
2307 5512 2430 5639 \llalt.
2458 5511 2568 5579 CL,
2598 5512 2901 5570 desudetur.
2945 5511 3108 5570 Corb.
3141 5511 3326 5568 Germ.
3360 5509 3528 5567 habet
3571 5521 3779 5569 utram-

2340 5600 2402 5640 ec
2435 5629 2445 5640 .

2340 5600 2445 5640 θοι.

2253 5655 2273 5689 ⁸
2301 5655 2498 5726 Laud.,
2532 5656 2694 5714 Corb.
2728 5656 2914 5713 Germ.
2946 5663 3000 5712 et
3027 5655 3196 5727 plur.,
3218 5653 3350 5726 jugo
3379 5655 3606 5712 servitii.

2250 5730 2272 5764 θ
2303 5728 2426 5784 Val.
2460 5729 2566 5797 CL,
2602 5730 2742 5783 viam
2773 5729 3001 5798 quidem.
3567 5760 3578 5770 -

2255 5799 2300 5834 ¹⁰
2329 5800 2527 5868 Laud.,
2557 5802 2647 5855 isti
2663 5801 2884 5871 quippe.

2255 5871 2296 5906 “
2333 5871 2532 5928 Pratel.
2565 5878 2619 5927 et
2649 5868 2818 5929 CarbI
2846 5871 3056 5938 Germ.,
3086 5868 3424 5938 objectacula.
