3920 6446
164 367 256 431 353

869 356 1244 427 Monamun
1284 371 1433 431 ιω,
1467 350 1649 425 XXX.
1690 399 1762 413 -
1798 353 1870 427 IN
1908 364 2138 429 CAPUT
2177 356 2420 429 XXXIX
2463 374 2524 430 Β.
2565 366 2707 431 Jun.

3341 378 3447 436 555

158 504 285 563 980
310 509 448 563 Deus
475 505 667 577 onagri
695 506 941 571 vincula,
974 503 1195 577 quando
1230 503 1298 558 ah
1327 504 1487 561 electi
1527 504 1733 561 unius—
1764 495 1815 553 Α
1844 515 1907 586 2)
1934 514 1961 572 ?
1990 516 2134 584 Quid
2154 533 2281 588 ergo
2313 518 2333 551 ι
2365 533 2530 589 super
2560 532 2657 572 sex
2689 516 2902 573 cubitus
2934 519 3151 591 palmus
3181 522 3446 591 insinuat,

156 597 397 670 cujusque
449 595 637 651 animo
702 594 1048 651 inﬁrmarum
1107 593 1504 665 cogitationum
1562 595 1736 650 nodos

157 686 364 757 rumpit,
412 692 465 740 et
500 684 774 756 propitius
825 684 1056 757 dissipat
1098 700 1260 740 omne
1308 684 1456 757 quod
1493 684 1732 741 illectam

158 783 374 833 mentem
404 774 627 847 ligabat.
661 775 924 848 Sequitur
956 793 968 831 :

721 920 951 977 CAPUT
981 921 1133 979 XVI.

215 1039 376 1097 Vnus.
407 1038 461 1095 6.
491 1068 563 1079 —
594 1038 692 1097 Cui
720 1038 840 1093 dedi
860 1039 917 1093 in
936 1039 1223 1095 solitudine
1236 1039 1468 1107 domum,
1493 1044 1543 1093 et
1571 1036 1735 1093 taber-

149 1129 327 1185 nacula
344 1127 457 1198 ejus
484 1128 543 1182 in
574 1133 716 1182 terra
745 1128 1053 1198 salsuginis.

212 1218 296 1275 52.
325 1218 540 1289 Duplex
578 1217 831 1282 solitudo,
881 1217 1056 1272 cordis
1098 1223 1144 1273 et
1172 1218 1433 1289 corporis.
1474 1218 1596 1272 Haec
1626 1217 1739 1271 sine

145 1308 251 1364 alia
276 1324 379 1362 non
402 1308 641 1379 prodest.
676 1337 747 1348 —-
780 1306 896 1364 Hoc
925 1307 1047 1363 loco
1087 1307 1443 1363 solitudinem
1476 1305 1738 1362 debemus

148 1396 441 1468 intelligere
479 1396 747 1468 corporis,
801 1413 871 1453 an
923 1396 1281 1454 solitudinem
1330 1395 1512 1453 cordis
1558 1395 1586 1451 ?
1633 1393 1738 1450 Sed

143 1486 267 1561 quid
297 1485 520 1558 prodest
566 1485 809 1542 solitudo
856 1488 1123 1559 corporis,
1156 1486 1203 1542 si
1232 1485 1474 1541 solitudo
1502 1484 1740 1539 defuerit

145 1575 317 1634 cordis
343 1575 372 1631 ?
399 1575 509 1643 Qui
542 1575 688 1631 enim
737 1592 968 1647 corpore
1012 1581 1256 1630 remotus
1304 1574 1466 1641 vivit,
1515 1572 1609 1629 sed
1642 1582 1741 1629 tu-

145 1664 402 1722 multibus
430 1664 872 1721 conversationis
901 1663 1156 1719 humanae
1202 1672 1550 1719 terrenorum
1585 1661 1740 1717 desi-

143 1754 415 1811 deriorum
445 1753 879 1826 cogitationibus
908 1770 963 1808 se
982 1753 1194 1821 inserit,
1218 1769 1329 1807 non
1360 1761 1442 1807 est
1470 1752 1527 1807 in
1550 1751 1737 1806 solitu-

1845 609 1952 665 nisi
1995 609 2482 683 contemplationis
2524 612 2661 680 vim,
2707 629 2828 685 quae
2867 613 2983 685 jam
3028 617 3188 673 initia
3233 628 3450 676 aeternae

1846 706 1899 753 et
1928 700 2172 772 septimae
2213 701 2416 773 quietis
2446 700 2790 757 demonstrat
2822 703 2849 757 ‘l
2880 703 3020 770 Quia
3047 707 3195 761 enim
3224 718 3450 764 aeterno-

1846 804 1968 842 rum
1999 788 2392 862 contemplatio
2439 788 2532 846 hic
2574 790 2807 845 minime
2853 791 3157 863 perﬁcitur,
3198 812 3455 854 mensura

1846 879 2066 949 septimi
2095 880 2270 937 cubiti
2300 898 2409 937 non
2434 882 2710 953 expletur.
2734 882 3054 939 Electorum
3076 884 3258 957 itaque
3287 888 3453 942 eccle'

1845 964 1945 1034 sia,
1989 970 2009 1002 ⁵
2044 969 2173 1041 quia
2214 978 2413 1026 cuncta
2450 988 2570 1043 quae
2613 969 2887 1042 operanda
2934 980 3064 1027 sunt
3113 972 3347 1044 perficit,
3398 974 3454 1029 in

1847 1072 1943 1112 sex
1975 1056 2180 1114 cubitis
2225 1075 2342 1115 sese
2386 1059 2445 1114 in
2496 1066 2683 1115 monte
2720 1061 2899 1132 posita
2945 1061 3147 1117 civitas
3191 1061 3452 1118 ostendit.

1847 1144 1987 1212 Quia
2014 1162 2145 1201 vero
2195 1146 2286 1204 hic
2342 1147 2524 1204 adhuc
2580 1149 2697 1205 sola
2751 1149 2915 1206 initia
2967 1150 3458 1223 contemplationis

1848 1240 1985 1299 981
2017 1245 2264 1318 inspicit,
2303 1245 2371 1302 de
2418 1246 2655 1319 septimo
2690 1246 2881 1303 cubito
2926 1265 3039 1305 non
3070 1247 3178 1306 nisi
3211 1251 3456 1322 palmum

1846 1333 2042 1403 tangit.

1918 1421 1986 1478 54
2041 1424 2257 1480 Culmen
2283 1424 2737 1494 contemplationis
2766 1443 2874 1480 non
2906 1426 3212 1498 attingitur,
3261 1427 3367 1482 nisi
3392 1428 3458 1483 ab

1847 1512 2170 1568 exteriorum
2185 1515 2771 1585 curarumoppressione
2791 1515 2995 1570 liberem
3004 1515 3459 1572 ur.—Sciendum

1850 1618 1980 1658 vero
2020 1613 2100 1660 est
2146 1603 2276 1676 quia
2318 1620 2663 1677 nequaquam
2705 1605 2927 1661 culmen
2974 1604 3460 1677 contemplationis

1850 1688 2197 1761 attingimus,
2238 1690 2283 1746 si
2328 1707 2439 1746 non
2488 1691 2556 1747 ab
2591 1692 2881 1747 exterioris
2928 1709 3073 1748 cura:
3108 1693 3460 1763 oppressione

1850 1795 2143 1835 cessemus.
2159 1780 2518 1852 Nequaquam
2541 1780 2906 1851 nosmetipsos
2925 1780 3230 1847 intuemur,
3249 1788 3309 1835 ut
3324 1781 3458 1836 scia-

142 1843 282 1942 flmef
311 1843 373 1942 Si
398 1859 540 1942 Y9”?
567 1850 847 1942 Premamr
864 1842 1071 1942 inqu“
1091 1839 1451 1942 corporal'te':
1467 1839 1738 1942 99pm?”
1774 1858 1823 1921 Β
1856 1886 1976 1924 mus
2005 1868 2155 1924 aliud
2197 1839 2273 1923 in.
2286 1839 2445 1925 nobis
2475 1886 2591 1926 esse
2636 1839 2903 1924 rationale
2935 1869 3081 1942 quod
3115 1839 3275 1941 regit,
3306 1870 3460 1926 aliud

141 1931 243 1989 bus
265 1931 466 2000 turbis,
490 1939 549 1988 et
568 1938 752 1988 tamen
782 1931 968 1986 nullos
997 1946 1254 1987 curarum
1285 1929 1635 1986 saecularium
1663 1938 1745 1986 tu-

144 2023 342 2079 multus
370 2022 432 2080 in
480 2022 651 2080 corde
694 2021 956 2094 patiatur,
1003 2037 1115 2077 non
1144 2027 1228 2076 est
1270 2020 1328 2075 in
1374 2019 1529 2075 urbe.
1562 2020 1750 2091 Itaque

143 2111 276 2169 bene
295 2111 766 2170 conversantibus
790 2112 1037 2183 primum
1058 2109 1302 2167 solitudo
1330 2110 1533 2165 mentis
1553 2108 1749 2164 tribui-

140 2209 243 2271 tur,
268 2209 331 2258 ut
359 2208 754 2274 exsurgentem
788 2199 1124 2257 intrinsecus
1169 2200 1460 2271 strepitum
1492 2206 1751 2256 terreno-

139 2309 254 2349 rum
280 2292 694 2349 desideriorum
729 2298 1003 2364 premant,
1036 2297 1097 2345 ut
1116 2290 1445 2346 ebullientes
1479 2291 1493 2325 ¹
1525 2290 1596 2345 ab
1626 2289 1749 2345 infi-

139 2382 239 2439 mis
286 2399 452 2440 curas
496 2381 682 2440 cordis
730 2396 829 2454 per
873 2381 1099 2453 superni
1138 2379 1369 2452 gratiam
1416 2379 1753 2451 restringant

137 2474 358 2540 amoris,
386 2487 695 2546 omnesque
736 2480 921 2528 motus
968 2471 1286 2542 importune
1314 2485 1370 2525 se
1399 2469 1751 2524 offerentium

141 2562 340 2618 levium
362 2562 792 2635 cogitationum,
824 2560 981 2634 quasi
1002 2559 1263 2632 quasdam
1287 2559 1753 2615 circumvolantes

136 2668 351 2709 muscas
381 2653 457 2709 ab
505 2652 683 2708 oculis
722 2650 921 2707 mentis
966 2649 1189 2720 abigant
1236 2664 1404 2702 manu
1444 2646 1749 2719 gravitatis,

137 2750 187 2797 et
225 2742 515 2815 quoddam
563 2741 671 2797 sibi
720 2757 851 2797 cum
899 2740 1138 2795 Domino
1182 2737 1329 2793 intra
1377 2754 1434 2793 se
1478 2745 1751 2794 secretum

139 2840 405 2904 quaerant,
441 2831 542 2886 ubi
564 2846 690 2885 cum
714 2829 812 2884 illo
841 2828 1104 2885 exteriori
1128 2836 1373 2883 cessante
1403 2826 1637 2898 strepitu
1658 2841 1754 2897 per

140 2919 358 2976 interna
387 2918 670 2975 desideria
697 2917 925 2972 silenter
956 2917 1271 2988 loquantur.

206 3006 350 3081 [νει.
406 3007 547 3061 XXI
556 3004 639 3077 V.]
685 3005 775 3061 53.
830 3004 1111 3060 Silentium
1144 3003 1619 3074 contemplationis,
1661 3004 1756 3057 hac

138 3098 191 3154 in
214 3100 329 3155 vita
372 3114 491 3152 non
518 3101 687 3167 potest
715 3112 820 3149 esse
865 3093 1180 3165 perfectum.
1212 3124 1284 3135 —-
1312 3096 1390 3149 De
1419 3092 1525 3150 hoc
1548 3102 1757 3150 secreto

139 3188 318 3247 cordis
345 3189 493 3244 alias
522 3186 733 3242 dictum
755 3193 835 3241 est
870 3203 881 3240 :
907 3188 1123 3240 Factum
1147 3191 1220 3240 est
1238 3184 1507 3239 silentium
1527 3185 1584 3238 in
1611 3185 1754 3251 cwlo,

1858 1957 2094 2014 animale
2125 1957 2273 2030 quod
2296 1958 2523 2029 regitur,
2554 1958 2663 2013 nisi
2685 1956 2752 2012 ad
2775 1964 3045 2013 secretum
3066 1957 3231 2029 hujus
3252 1958 3462 2015 silentii

1858 2054 2224 2115 recurrentes,
2267 2046 2335 2101 ab
2371 2048 2524 2102 omni
2554 2048 2801 2103 exterius
2830 2046 3241 2118 perturbatione
3272 2049 3465 2121 sopia-

1860 2153 2005 2192 mur.
2029 2136 2189 2204 Quod
2209 2136 2496 2192 silentium
2515 2144 2765 2192 nostrum
2788 2136 2927 2193 bene
2956 2137 3121 2193 etiam
3144 2138 3318 2193 Adam
3341 2139 3465 2195 dor-

1861 2226 2038 2281 miens
2055 2225 2316 2298 ﬁguravit
2335 2226 2477 2298 (Ibid
2520 2226 2643 2299 21),
2665 2225 2730 2281 de
2752 2224 2911 2297 cujus
2932 2243 3062 2282 mox
3085 2227 3252 2284 latere
3267 2229 3468 2284 mulier

1859 2316 2144 2387 processit,
2178 2315 2307 2389 quia
2336 2316 2587 2389 quisquis
2617 2315 2685 2371 ad
2716 2316 2980 2372 interiora
3008 2315 3367 2388 intelligenda
3386 2335 3467 2374 ra-

1861 2402 2032 2475 pitur,
2054 2420 2086 2459 a
2114 2403 2277 2459 rebus
2305 2404 2624 2461 visibilibus
2655 2406 2845 2461 oculos
2875 2404 3084 2461 claudit
3116 2423 3128 2471 ;
3162 2412 3217 2461 et
3248 2414 3380 2462 tunc
3410 2404 3468 2463 in

1863 2493 2159 2564 semetipso
2180 2494 2267 2549 vel
2292 2510 2411 2566 qum
2430 2512 2662 2567 praeesse
2694 2496 2934 2551 viriliter
2954 2495 3207 2563 debeant,
3242 2496 3329 2551 vel
3348 2512 3469 2569 quae

1862 2582 2084 2637 subesse
2112 2584 2323 2653 possint
2346 2583 2568 2640 inﬁrma
2587 2585 2907 2657 distinguit,
2930 2592 2991 2640 ut
3019 2584 3169 2640 aliud
3190 2584 3247 2640 in
3272 2585 3369 2641 illo
3399 2586 3471 2641 sit

1862 2671 2009 2745 quod
2039 2688 2222 2743 regere
2252 2674 2433 2729 valeat
2472 2682 2737 2747 tanquam
2769 2675 2878 2743 vir,
2919 2675 3070 2730 aliud
3103 2685 3365 2748 tanquam
3397 2675 3473 2730 fe-

1863 2760 2016 2815 mina
2052 2762 2199 2833 quod
2230 2772 2468 2834 regatur.
2518 2765 2579 2819 In
2622 2764 2730 2821 hoc
2766 2765 2952 2839 itaque
2995 2765 3219 2820 silentio
3267 2764 3470 2834 cordis,

1864 2848 1995 2904 dum
2027 2866 2122 2921 per
2150 2853 2675 2922 contemplationem
2709 2853 2944 2907 interius
2974 2852 3290 2925 vigilamus,
3323 2863 3473 2909 exte-

1864 2938 1981 2993 rius
2010 2938 2163 3009 quasi
2187 2938 2670 2995 obdormiscimus.
2701 2940 2843 3006 Quia
2871 2956 2998 3011 ergo
3026 2944 3222 2997 remoti
3253 2943 3384 3011 viri,
3416 2942 3477 2998 id

1866 3033 1948 3083 est
1977 3044 2007 3082 a
2034 3027 2323 3083 desideriis
2339 3028 2653 3084 carnalibus
2668 3027 2856 3094 alieni,
2881 3027 2988 3084 hoc
3016 3030 3298 3086 silentium
3324 3047 3475 3087 men-

1866 3117 1939 3172 tis
1962 3116 2294 3185 inhabitant,
2317 3117 2449 3173 huic
2465 3133 2669 3188 onagro
2692 3116 2963 3172 Dominus
2981 3115 3037 3170 in
3059 3117 3360 3173 solitudine
3380 3119 3478 3175 do-

1869 3226 2019 3266 mum
2039 3211 2209 3281 dedit,
2242 3219 2304 3268 ut
2334 3211 2497 3269 turba
2523 3209 2922 3267 desideriorum
2945 3209 3332 3281 temporalium
3363 3225 3477 3266 non

137 3281 288 3374 quasi
316 3278 559 3374 dimidia
586 3277 719 3374 hora
770 3275 958 3347 (Apoc.
1009 3292 1131 3342 vm,
1182 3275 1262 3374 1
1310 3274 1524 3332 Caelum
1556 3273 1757 3374 quippe
1788 3278 1833 3340 C
1870 3309 2173 3374 prematur.

138 3369 372 3428 ecclesia
402 3373 640 3423 vocatur
664 3365 988 3431 electorum,
1021 3379 1142 3436 quae
1172 3362 1240 3419 ad
1269 3370 1473 3419 aeterna
1502 3369 1556 3418 et
1575 3361 1756 3418 subli-

138 3460 249 3516 mia
277 3460 419 3516 dum
454 3472 555 3529 per
583 3454 1019 3511 sublevationem
1053 3452 1537 3525 contemplationis
1565 3452 1760 3508 inten-

139 3549 238 3618 dit,
271 3554 576 3621 surgentes
604 3544 672 3601 ab
695 3543 908 3600 inﬁmis
923 3544 1321 3615 cogitationum
1342 3543 1623 3598 tumultus
1642 3558 1758 3614 pre-

140 3639 259 3709 mit,
291 3646 469 3712 atqne
516 3636 663 3692 intra
701 3650 760 3689 se
802 3636 915 3689 Deo
957 3632 1235 3705 quoddam
1282 3631 1571 3688 silentium
1600 3631 1755 3688 facit.

140 3728 301 3797 Quod
320 3726 561 3801 quidem
582 3721 865 3780 silentium
890 3720 1396 3793 contemplationis,
1419 3721 1549 3793 quia
1578 3721 1636 3776 in
1658 3720 1762 3778 hac

138 3822 255 3879 vita
272 3837 392 3878 non
426 3825 615 3893 potest
643 3832 758 3873 esse
780 3814 1106 3888 perfectum,
1138 3814 1347 3871 factum
1363 3810 1599 3868 dimidia
1625 3810 1764 3868 hora

141 3912 372 3971 dicitur.
408 3911 433 3947 ³
465 3907 695 3968 Nolenti
733 3905 935 3979 quippe
982 3903 1170 3960 animo
1199 3903 1331 3959 dum
1362 3901 1762 3973 cogitationum

142 4000 493 4061 tumultuosi
524 4014 581 4055 se
617 3996 879 4068 strepitus
917 3995 1197 4067 ingerunt,
1229 3992 1394 4049 etiam
1432 3990 1765 4047 sublimibus

144 4091 565 4158 intendentem,
597 4103 819 4154 rursum
864 4084 933 4142 ad
963 4081 1307 4156 respicienda
1334 4090 1554 4138 terrena
1581 4079 1766 4137 cordis

144 4183 378 4241 oculum
412 4180 699 4237 violenter
721 4176 968 4233 trahunt.
998 4173 1155 4232 Unde
1182 4172 1449 4244 scriptum
1479 4178 1562 4227 est
1587 4189 1599 4226 :
1638 4170 1766 4227 Cor-

140 4289 244 4345 pus
273 4272 427 4344 quod
461 4268 854 4340 corrumpitur,
883 4270 1140 4338 aggravat
1166 4263 1424 4331 animam,
1446 4268 1495 4317 et
1521 4261 1773 4333 deprimit

122 4367 367 4419 .terrena
398 4357 720 4417 inhabitatio
750 4371 959 4412 sensum
985 4355 1156 4409 multa
1173 4352 1483 4424 cogitantem
1501 4351 1662 4422 (Sap.
1687 4367 1768 4421 Ix,

150 4453 264 4528 15).
300 4455 463 4512 Bene
494 4466 623 4523 ergo
654 4449 861 4506 factum
910 4446 1018 4502 hoc
1062 4445 1346 4502 silentium
1384 4459 1495 4500 non
1538 4442 1771 4515 integra,

147 4544 243 4602 sed
272 4541 528 4602 dimidia
554 4539 690 4596 hora
719 4537 1073 4606 describitur,
1101 4535 1234 4609 quia
1260 4533 1354 4592 hic
1381 4531 1774 4605 contemplatio

148 4651 519 4713 nequaquam
549 4632 855 4706 perﬁcitur,
887 4631 1143 4706 quamvis
1172 4630 1428 4688 ardenter
1458 4630 1771 4687 inchoetur.

1943 3390 2082 3465 [Vet.
2107 3388 2303 3464 XXV]
2345 3390 2432 3447 55.
2471 3388 2651 3446 Sancti
2680 3387 2925 3461 quandiu
2968 3387 3167 3455 vivunt,
3213 3386 3471 3443 desiderio

1822 3550 1833 3562 ν
1867 3497 2112 3551 superna:
2128 3479 2327 3551 patria:
2340 3485 2585 3535 aestuant.
2609 3508 2680 3521 -
2700 3480 2961 3551 Sequitur
2992 3496 3005 3534 :
3040 3480 3113 3534 Et
3135 3478 3481 3533 tabernacula

1869 3570 1981 3641 ejus
2018 3572 2077 3626 in
2109 3577 2255 3625 terra
2282 3568 2594 3641 salsuginis.
2628 3567 2859 3640 Salsugo
2887 3566 3184 3624 accendere
3214 3567 3365 3623 sitim
3395 3583 3481 3622 so-

1870 3664 1963 3721 let.
2001 3662 2071 3717 Et
2102 3662 2232 3734 quia
2259 3662 2434 3718 sancti
2466 3661 2572 3716 viri
2596 3659 2844 3733 quandiu
2867 3659 2923 3714 in
2945 3657 3117 3731 hujus
3138 3658 3267 3714 vitae
3298 3657 3476 3713 taber-

1870 3751 2083 3808 naculis
2116 3750 2340 3823 degunt,
2377 3750 2446 3806 ad
2489 3766 2784 3821 supernam
2831 3749 3065 3821 patriam
3100 3747 3364 3803 desiderii
3396 3748 3483 3804 sui

1872 3838 2211 3915 quotidianis
2241 3838 2463 3895 aestibus
2493 3838 2895 3906 accenduntur,
2931 3838 2990 3893 in
3015 3846 3164 3893 terra
3192 3837 3486 3909 salsuginis

1873 3930 2227 3987 tabernacula
2257 3928 2458 3984 habere
2490 3926 2867 3999 perhibentur.
2900 3927 3249 3983 Incessanter
3280 3926 3486 3999 quippe

1875 4020 2252 4077 accenduntur
2296 4024 2358 4072 ut
2400 4017 2611 4085 sitiant,
2650 4015 2851 4072 sitiunt
2879 4023 2941 4072 ut
2973 4015 3289 4081 satientur;
3341 4014 3487 4071 sicut

1876 4110 2145 4182 scriptum
2173 4116 2255 4165 est
2287 4125 2299 4164 :
2332 4107 2487 4163 Beati
2514 4106 2606 4177 qui
2629 4105 2878 4161 esuriant
2904 4111 2951 4160 et
2979 4104 3167 4159 sitiunt
3185 4102 3484 4174 justitiam,

1877 4199 2129 4272 quoniam
2156 4196 2259 4271 ipsi
2283 4195 2673 4252 saturabuntur
2717 4193 2930 4267 (Matth.
2974 4211 3032 4261 v,
3068 4191 3148 4266 6).
3183 4190 3443 4264 Sequitur
3472 4208 3484 4246 :

2459 4336 2687 4395 CAPUT
2734 4335 2915 4392 XVII.

1953 4433 2123 4493 Visus.
2157 4431 2210 4490 7.
2246 4462 2318 4473 —
2350 4430 2648 4487 Contemnit
2674 4426 3069 4484 multitudinem
3096 4424 3348 4481 civitatis.

1953 4524 2043 4581 56.
2082 4525 2436 4581 Terrenorum
2456 4519 2725 4575 hominum
2750 4516 3145 4572 multitudinem
3166 4513 3313 4585 sequi
3338 4509 3496 4568 dedi—-

1882 4622 2211 4688 gnantur.—-
2234 4611 2395 4670 Multi
2404 4610 2651 4668 tudinem
2663 4607 2910 4666 civitatis
2923 4613 3281 4663 contemnere
3298 4610 3380 4659 est
3395 4602 3495 4658 hu-

149 4691 531 4797 andwdt—iam
550 4691 657 4797 per
684 4691 1032 4779 Ezechielem
1063 4720 1384 4793 prophetam
1413 4725 1779 4792 congruenter
1804 4692 1857 4755 Ῑ)
1888 4702 2528 4797 manaeconversationis
2569 4716 2738 4797 prava
2776 4697 2962 4755 studia
2992 4695 3266 4797 devitarc,
3296 4701 3358 4750 ut
3377 4691 3497 4797 1iam

148 4816 510 4890 exprimitur
542 4814 760 4887 (Ezech.
790 4827 886 4880 XL,
915 4811 997 4883 5),
1029 4811 1122 4883 qui
1142 4827 1240 4882 pro
1260 4826 1520 4866 mensura
1533 4808 1778 4865 civitatis

150 4905 212 4964 in
238 4913 447 4963 monte
475 4903 736 4968 conditae,
763 4902 822 4957 in
852 4915 1022 4957 manu
1048 4898 1157 4955 viri
1195 4899 1466 4957 calamum
1495 4915 1592 4956 sex
1621 4896 1777 4955 cubi-

150 5005 353 5055 torum
419 4996 444 5032 ³
491 5003 547 5051 et
598 4991 791 5065 palmi,
850 5008 908 5047 se
959 4988 1163 5045 vidisse
1203 4995 1454 5045 testatur.
1501 4988 1564 5043 In
1595 4993 1780 5042 monte

156 5088 381 5162 quippe
422 5084 725 5141 electorum
756 5080 985 5139 ecclesia
1013 5079 1119 5136 sita
1145 5085 1247 5145 est,
1292 5078 1422 5151 quia
1468 5076 1699 5133 fundata
1724 5076 1782 5132 in

152 5177 389 5235 inlimis
411 5172 705 5232 desideriis
734 5188 845 5228 non
875 5177 975 5227 est.
1008 5168 1153 5237 Quid
1175 5175 1358 5224 autem
1382 5183 1478 5239 per
1506 5164 1781 5234 cubitum,

153 5266 275 5324 nisi
327 5263 628 5338 operatio;
666 5260 800 5334 quid
848 5276 945 5333 per
990 5257 1265 5315 senarium
1311 5270 1632 5321 numerum,
1676 5250 1785 5307 nisi

152 5354 451 5431 perfectio
493 5350 828 5425 operationis
865 5347 1193 5417 ostenditur,
1243 5344 1374 5419 quia
1413 5350 1467 5400 et
1502 5350 1658 5399 sexto
1699 5341 1789 5398 die

156 5452 382 5502 cuncta
404 5458 571 5516 opera
590 5439 863 5499 Dominus
900 5438 1148 5512 explesse
1185 5441 1522 5493 memoratur
1546 5433 1702 5506 (Gen.
1726 5446 1787 5502 ιι,

241 5661 261 5701 ί
300 5658 530 5721 Turon.
563 5663 619 5718 et
644 5658 771 5718 Val.
805 5655 913 5727 CL,
946 5653 1019 5713 ad
1045 5653 1250 5728 inﬁma.
1283 5651 1447 5712 Corb.
1481 5650 1694 5718 Germ.,
1725 5648 1798 5707 ad

157 5739 436 5811 infirma.

243 5811 267 5845 ²
303 5807 401 5864 Pl.
439 5804 652 5872 Norm.,
673 5801 873 5860 nolenti
893 5800 1084 5873 quippe
1098 5798 1275 5873 animo
1295 5796 1674 5873 cogitationum
1703 5799 1798 5850 tu-

161 5876 452 5940 multuosi
478 5894 531 5933 se
558 5867 804 5958 strepitus
832 5867 1099 5945 ingerunt,
1125 5877 1173 5927 et
1170 5869 1303 6000 ({am
1334 5867 1664 5925 sublimibus.

243 5955 269 5989 3
307 5950 553 6000 PrateL
584 5949 752 6000 Utic..
782 5944 982 6000 Laud..
1013 5944 1137 6000 Val.
1216 5942 1277 6000 Ι..
1309 5946 1357 5997 et
1384 5941 1585 6000 palmo.

243 5955 284 6013 3.
307 5950 554 6019 Pratel.,
584 5941 752 6017 Utic.,
782 5941 982 6015 Laud,
1013 5944 1137 6005 Val.
1170 5941 1277 6011 CL,
1309 5946 1357 5997 et
1379 5941 1585 6013 palmo.

372 6048 624 6107 Pas-nou.
665 6046 918 6106 LXXVI.

1887 4813 2001 4854 non
2030 4796 2196 4852 libeat
2224 4804 2567 4851 terrenorum
2589 4789 2904 4856 hominum,
2937 4788 3033 4859 qui
3065 4804 3178 4859 prie
3207 4783 3493 4841 abundan-

1887 4887 1966 4942 tia
1981 4884 2294 4958 iniquitatis
2310 4882 2633 4948 multisunt,
2649 4878 2894 4950 perditos
2912 4892 3094 4959 mores
3110 4873 3341 4929 imitari.
3359 4872 3499 4929 Cum

1888 4974 2078 5049 paucis
2106 4989 2341 5045 namque
2364 4971 2578 5044 ingredi
2598 4975 2888 5040 angustam
2912 4972 3129 5036 portam
3159 4961 3498 5028 desiderant,

1891 5075 1947 5122 et
1973 5081 2084 5120 non
2114 5079 2239 5119 cum
2264 5061 2457 5117 multis
2477 5061 2587 5117 lata
2607 5059 2806 5115 itinera
2834 5054 3050 5127 ingredi
3081 5058 3363 5124 appetunt,
3380 5066 3501 5123 quae

1893 5155 1963 5211 ad
1988 5153 2275 5209 interitum
2296 5150 2508 5207 ducunt
2530 5150 2743 5221 (Matth.
2765 5164 2867 5215 vn,
2892 5146 3006 5217 13).
3028 5142 3268 5199 Solerter
3300 5140 3502 5213 quippe

1893 5262 1926 5303 a
1953 5261 2061 5318 quo
2090 5250 2143 5299 et
2170 5241 2240 5297 ad
2278 5240 2413 5315 quid
2454 5246 2583 5296 sunt
2626 5237 2795 5294 creati
2838 5233 3215 5307 conspiciunt,
3263 5237 3318 5287 et
3360 5236 3508 5286 recta

1898 5331 2334 5393 consideratione
2358 5336 2594 5401 acceptae
2627 5325 2886 5397 imaginis
2902 5322 3063 5397 sequi
3084 5320 3242 5394 vulgi
3257 5318 3509 5375 multitu-

1899 5423 2087 5482 dinem
2116 5421 2501 5493 dedignantur.
2542 5414 2697 5473 Unde
2725 5421 2779 5470 et
2808 5412 2999 5485 sponsi
3033 5426 3173 5468 voce
3202 5422 3418 5482 sponsae
3448 5405 3509 5462 in

1978 5645 1998 5679 ι
2029 5641 2202 5700 Laud.
2235 5648 2291 5697 et
2318 5638 2442 5696 Val.
2476 5636 2584 5704 Cl.,
2615 5650 2778 5706 super
2806 5631 3059 5687 cubitum.

1979 5718 1999 5751 ⁵
2027 5699 2286 5781 Vindoc.,
2318 5712 2445 5782 quia
2473 5709 2545 5764 ad
2570 5699 2756 5782 cuncta
2784 5722 2900 5777 qua:
2923 5699 3355 5782 operanda-sunt
3374 5709 3516 5782 prof

1976 5767 2058 5856 it,
2080 5767 2286 5841 nisi;
2324 5767 2521 5838 inbitas
2563 5796 2669 5836 sese
2707 5778 2765 5833 in
2791 5767 2980 5832 ’τηοηὼ
3028 5773 3206 5848 posita
3261 5767 3510 5850 extendit.

1908 5789 2129 5918 Ecbroic.
2162 5864 2216 5914 et
2245 5856 2316 5912 al.
2352 5856 2567 5918 Norm.,
2609 5850 2738 5918 quia
2766 5848 2839 5907 ad
2865 5853 3166 5905 cuncta.....
3192 5841 3434 5916 proﬁcit.

1956 5840 2129 5916 brbic.
2162 5864 2216 5914 et
2245 5856 2316 5912 al.
2352 5856 2567 5920 Norm.,
2609 5850 2738 5924 quia
2766 5848 2839 5907 ad
2865 5840 3166 5905 cunctd.....
3192 5840 3434 5916 proﬁcit.

3274 6005 3343 6063 18
