3920 6384
455 295 564 360 585

1637 294 1888 361 SANC'I‘I
1924 299 2262 364 GREGOBII
2301 299 2532 364 MAGNI

3670 303 3782 368 356

457 425 702 488 Canticis
743 423 1086 484 canticorum
1123 422 1330 484 dicitur
1361 443 1374 482 :
1425 425 1549 484 Nisi
1588 429 1888 501 cognoveris
1931 435 1997 498 te,
2033 445 2064 484 ο
2089 431 2142 492 Λ
2172 446 2314 488 mus.
2337 431 2614 490 Incassum
2635 447 2874 507 namque
2901 439 3092 490 contra
3111 431 3414 492 exteriores
3434 433 3702 494 inimicos
3721 439 3781 494 in

451 518 682 593 pulchra
721 517 863 574 inter
889 517 1158 584 mulieres,
1201 517 1460 588 egredere,
1509 523 1556 573 et
1583 517 1673 574 abi
1693 525 1817 592 post
1843 519 2058 591 vestigia

453 625 692 682 gregum,
719 613 769 664 et
789 624 946 680 pasce
973 606 1148 664 haedos
1179 611 1294 662 tuos
1320 606 1511 674 (Cant.
1531 623 1571 676 ι,
1594 607 1673 680 7).
1699 607 2056 679 Semetipsam

454 713 695 772 namque
721 714 786 756 ea
813 713 935 772 qua
953 705 1035 755 est
1053 697 1284 770 pulchra
1303 697 1448 754 inter
1469 697 1726 754 mulieres
1753 697 2054 770 cognoscit,

456 787 677 864 quando
710 788 884 846 electa
919 803 1150 862 quaque
1176 786 1362 844 anima
1401 787 1564 843 etiam
1599 787 1744 843 inter
1772 796 2056 860 peccantes

455 879 634 950 posita
663 877 794 952 quia
819 877 889 934 ad
920 876 1162 934 auctoris
1185 877 1269 932 sui
1302 875 1596 948 imaginem
1627 892 1689 933 ac
1721 876 2057 934 similitudi-

454 983 584 1026 nem
613 967 688 1026 sit
713 965 939 1025 condita
969 965 1222 1024 meminit
1251 965 1460 1038 (Cenes.
1489 983 1528 1035 ι,
1551 966 1670 1039 26),
1691 974 1746 1023 et
1759 966 1922 1040 juxta
1939 983 2056 1041 per-

455 1066 626 1132 cepta
651 1054 1041 1114 similitudinis
1073 1054 1325 1112 ordinem
1357 1053 1584 1113 incedit.
1631 1056 1762 1125 Qua
1787 1057 1833 1114 si
1863 1073 1920 1113 se
1943 1074 2054 1114 non

453 1145 758 1220 cognoscit,
794 1145 1094 1219 egreditur,
1127 1144 1258 1218 quia
1283 1160 1316 1200 a
1346 1153 1556 1201 secreto
1584 1145 1669 1202 sui
1726 1145 1908 1204 cordis
1948 1161 2051 1201 ex-

453 1237 634 1311 pulsa,
686 1236 746 1293 in
795 1234 1167 1293 exterioribus
1221 1233 1688 1306 concupiscentiis
1732 1234 2051 1307 dissipatur.

452 1326 684 1399 Egressa
712 1341 845 1381 vero
877 1323 994 1381 abit
1021 1331 1143 1397 post
1175 1321 1406 1396 vestigia
1453 1340 1701 1396 gregum,
1736 1325 1752 1359 ¹
1787 1323 1918 1396 quia
1959 1339 2056 1380 sua

451 1413 668 1472 interna
694 1413 968 1482 deserens,
991 1413 1061 1470 ad
1087 1413 1252 1470 latam
1274 1411 1533 1470 videlicet
1560 1412 1707 1468 viam
1727 1411 1972 1481 ducitur,
2003 1420 2059 1470 et

450 1503 700 1578 sequitur
743 1503 997 1576 exempla
1033 1503 1386 1576 populorum.
1439 1502 1552 1559 Nec
1589 1499 1702 1574 jam
1733 1518 1922 1574 agnos,
1959 1500 2055 1557 sed

451 1594 640 1652 hados
655 1593 852 1669 pascit,
871 1593 1004 1670 quia
1022 1609 1137 1650 non
1158 1592 1416 1650 innoxias
1445 1592 1805 1665 cogitationes
1831 1592 2051 1661 mentis,

451 1684 547 1742 sed
572 1684 785 1741 nutrire
814 1700 1012 1757 pravos
1041 1690 1226 1740 motus
1254 1683 1436 1740 carnis
1465 1682 1724 1739 intendit.
1758 1682 1898 1751 Quia
1925 1699 2054 1754 ergo

2165 535 2358 592 campo
2377 519 2584 579 bellum
2614 522 2846 596 geritur,
2875 522 2924 579 si
2951 522 3102 578 intra
3129 523 3248 596 ipsa
3271 521 3428 581 urbis
3457 525 3670 581 mania
3691 526 3780 583 ci-

2165 610 2252 665 vis
2270 609 2536 668 insidians
2556 611 2807 669 habetur.
2839 612 2993 669 Mens
3011 627 3230 686 quoque
3250 611 3370 684 ipsa
3387 613 3659 670 certantis
3673 612 3781 671 sub

2164 699 2316 770 gravi
2363 701 2704 758 confusionis
2737 699 3001 758 dedecore
3043 717 3076 758 a
3117 700 3384 772 spiritalis
3451 701 3782 760 certaminis

2164 789 2546 861 congressione
2593 790 2899 862 repellitur,
2943 788 3165 862 quando
3208 789 3440 846 infirma
3485 791 3544 847 in
3592 794 3782 850 carnis

2165 879 2354 949 pralio
2375 879 2514 951 gula
2533 879 2730 950 gladiis
2749 878 3000 936 confossa
3020 887 3372 952 superantur.
3395 880 3534 937 Nam
3565 898 3696 938 cum
3719 897 3782 939 se

2165 968 2348 1038 parvis
2376 967 2648 1041 prosterni
2677 969 2967 1042 conspicit,
3000 969 3304 1042 conﬂigere
3325 968 3637 1043 majoribus
3655 986 3781 1028 eru-

2165 1054 2359 1112 bescit.

2234 1174 2324 1231 59.
2361 1171 2466 1241 Qui
2489 1173 2669 1244 gulam
2701 1173 2944 1231 edomare
2960 1191 3067 1231 non
3103 1179 3319 1244 curant,
3350 1174 3562 1232 incaute
3579 1175 3656 1232 ad
3672 1175 3781 1249 spi-

2163 1262 2354 1319 ritalia
2371 1263 2507 1319 bella
2527 1263 3212 1337 consurgunt—Nonnulli
3233 1280 3368 1322 vero
3383 1263 3643 1322 ordinem
3664 1281 3779 1323 cer-

2161 1353 2390 1410 taminis
2435 1352 2772 1425 ignorantes,
2818 1353 3074 1411 edomare
3109 1354 3294 1427 gulam
3353 1355 3674 1429 negligunt,
3725 1365 3780 1414 et

2157 1439 2274 1513 jam
2304 1440 2374 1497 ad
2412 1441 2684 1514 spiritalia
2722 1442 2868 1498 bella
2907 1451 3269 1516 consurgunt.
3313 1443 3425 1512 Qui
3473 1443 3787 1519 aliquando

2164 1530 2341 1585 multa
2384 1530 2550 1586 etiam
2594 1547 2716 1604 qua
2745 1547 2955 1604 magna
2985 1539 3116 1588 sunt
3157 1531 3509 1590 fortitudinis
3539 1533 3782 1602 faciunt,

2161 1617 2277 1688 sed,
2327 1617 2648 1676 dominante
2695 1620 2836 1692 gula
2876 1619 3036 1688 vitio,
3087 1636 3182 1692 per
3226 1620 3410 1678 carnis
3454 1620 3784 1678 illecebram

2163 1724 2326 1765 omne
2354 1707 2502 1782 quod
2533 1708 2752 1766 fortiter
2778 1709 2993 1782 egerint
3023 1709 3295 1782 perdunt;
3329 1717 3386 1767 et
3412 1709 3550 1767 dum
3579 1720 3785 1768 venter

451 1774 659 1872 °!ect_us
674 1773 908 1872 ίίΡξεφξίῗ
927 1789 992 1872 a°_
1004 1773 1299 1872 00min?“
1313 1770 1470 1872 ay"?
1485 1778 1852 1872 Ροθξετθεξᾞ
1875 1770 2054 1872 ‘fSﬁ'
2081 1793 2128 1855 B
2162 1814 2275 1855 non
2305 1770 2680 1871 restringitur,
2721 1770 3042 1872 pervcarnis.
3061 1770 3578 1871 concupiscentiam
3607 1797 3784 1855 simul

451 1861 541 1934 gia
567 1861 820 1934 despicit,
846 1860 1066 1920 dicatur
1093 1868 1240 1918 recte
1273 1878 1285 1916 :
1337 1860 1632 1916 Contemnit
1658 1859 2049 1918 multitudinem

449 1951 698 2010 civitatis.
729 1949 834 2009 Ubi
866 1959 921 2009 et
951 1957 1075 2024 apte
1102 1947 1456 2021 subjungitur
1488 1965 1500 2005 :

820 2065 1049 2125 CAPUT
1073 2065 1257 2124 XVIII
1287 2064 1433 2142 [Rec.
1465 2065 1656 2142 XIII].

520 2155 659 2214 Iam.
689 2186 762 2198 —
793 2155 1092 2213 Clamorem
1119 2155 1384 2212 exactoris
1410 2172 1519 2211 non
1546 2155 1719 2212 audit.

491 2246 503 2258 ‘
519 2246 610 2304 57.
642 2245 1110 2306 Vehementioribus
1129 2245 1330 2302 diaboli
1345 2244 1716 2301 tentationibus
1729 2261 1888 2300 aures
1906 2245 2048 2301 clau-

447 2335 604 2404 dunt,
633 2343 682 2394 et
704 2336 902 2393 ventris
933 2335 1272 2393 clamoribus.
1303 2366 1374 2379 —
1401 2335 1536 2404 Quis
1564 2335 1800 2407 intelligi
1827 2343 2051 2391 exactor

447 2424 610 2495 alius,
638 2426 748 2484 nisi
775 2425 1031 2484 diabolus
1055 2433 1250 2500 potest,
1295 2430 1440 2490 982
1471 2424 1564 2499 qui
1597 2425 1762 2482 semel
1793 2423 1852 2480 in
1882 2441 2050 2498 para-

446 2521 570 2580 diso
614 2522 832 2582 homini
871 2525 1029 2582 mala
1076 2523 1448 2597 persuasionis
1489 2539 1782 2580 nummum
1812 2522 2048 2580 contulit

451 2615 664 2687 (Cenes.
713 2632 797 2683 ιιι,
848 2615 1002 2690 1-6),
1047 2623 1102 2672 et
1143 2614 1393 2689 quotidie
1436 2613 1506 2672 ab
1551 2631 1616 2672 eo
1659 2612 1828 2686 hujus
1873 2611 2045 2670 debiti

447 2701 667 2775 exigere
695 2709 907 2760 reatum
937 2703 1135 2777 quarit
1154 2702 1184 2760 ?
1229 2702 1410 2777 Hujus
1436 2703 1711 2761 exactoris
1755 2719 1936 2760 sermo
1967 2709 2048 2759 est

446 2792 606 2850 mala
625 2793 990 2866 suggestionis
1017 2791 1319 2850 inchoatio.
1347 2793 1525 2866 Hujus
1543 2791 1817 2850 exactoris
1840 2792 2047 2849 clamor

445 2885 528 2936 est
536 2877 654 2954 jam
675 2879 698 2915 ³
727 2895 840 2936 non
861 2879 1020 2949 lenis,
1053 2879 1150 2936 sed
1178 2879 1423 2936 violenta
1451 2879 1706 2936 tentatio.
1741 2881 1762 2917 ³
1792 2880 1896 2937 Hic
1920 2895 2044 2935 exa-

443 2975 566 3025 ctor
584 2967 805 3038 clamat,
829 2986 955 3027 cum
976 2969 1196 3026 fortiter
1217 2976 1411 3026 tentat.
1432 2969 1743 3028 Clamorem
1771 2985 1900 3042 ergo
1920 2985 2044 3025 exa-

441 3058 612 3116 ctoris
640 3074 754 3116 non
780 3059 973 3116 audire
1002 3065 1085 3115 est
1113 3057 1374 3116 violentis
1400 3059 1769 3116 tentationum
1800 3058 2044 3116 motibus

2158 1893 2370 1943 cuncta
2398 1885 2633 1942 virtutes
2661 1885 2993 1942 obruuntur.
3027 1885 3182 1944 Unde
3226 1894 3284 1944 et
3312 1887 3382 1944 de
3407 1887 3786 1946 Nabuchodo-

2159 1991 2326 2032 nosor
2358 1975 2614 2034 vincente
2641 1975 2904 2034 scribitur
2930 1978 2951 2012 ⁵
2987 1994 2999 2032 :
3045 1977 3304 2050 Princeps
3347 1995 3652 2051 coquorum
3677 1980 3785 2036 de-

2159 2066 2360 2121 struxit
2385 2081 2568 2122 muros
2583 2067 2898 2124 Jerusalem.
2918 2065 3063 2134 Quid
3079 2065 3228 2124 enim
3261 2083 3364 2141 per
3388 2084 3578 2126 muros
3603 2069 3783 2126 Jeru-

2159 2155 2326 2212 salem
2353 2154 2671 2228 signiﬁcans
2715 2155 2999 2228 Scriptura
3039 2157 3346 2228 exprimit,
3393 2157 3505 2214 nisi
3536 2158 3782 2216 virtutes

2159 2241 2378 2309 anima,
2408 2255 2528 2314 qua
2549 2239 2618 2297 ad
2639 2241 2786 2312 pacis
2805 2240 3078 2298 visionem
3111 2240 3342 2299 tendit?
3369 2240 3485 2299 Aut
3514 2243 3644 2318 quis
3670 2259 3781 2300 co-

2158 2345 2393 2404 quorum
2423 2328 2698 2402 princeps,
2728 2329 2838 2386 nisi
2867 2337 3060 2386 venter
3077 2329 3372 2403 accipitur,
3405 2332 3498 2389 cui
3527 2331 3777 2406 diligen-

2158 2419 2372 2476 tissima
2390 2435 2422 2474 a
2440 2420 2805 2493 coquentibus
2823 2435 2953 2478 cura
2973 2421 3215 2478 servitur
3227 2421 3256 2479 ?
3283 2421 3473 2480 Muros
3493 2422 3670 2496 igitur
3687 2425 3775 2481 Je-

2158 2509 2394 2564 rusalem
2425 2508 2680 2582 princeps
2722 2524 3028 2582 coquorum
3071 2509 3327 2579 destruit,
3369 2509 3502 2584 quia
3532 2511 3775 2569 virtutes

2159 2597 2356 2656 anima
2385 2599 2518 2655 dum
2540 2616 2654 2656 non
2683 2601 3038 2675 restringitur
3061 2609 3274 2672 venter,
3297 2603 3501 2675 perdit.
3524 2603 3673 2662 Hinc
3688 2612 3775 2660 est

2157 2685 2306 2760 quod
2333 2686 2538 2742 Paulus
2567 2695 2760 2744 contra
2787 2689 3088 2746 Jerusalem
3119 2690 3324 2747 mania
3351 2690 3660 2748 decertanti
3687 2693 3772 2748 vi-

2157 2791 2242 2832 res
2287 2791 2595 2848 coquorum
2637 2775 2876 2850 principi
2923 2778 3307 2849 subtrahebat,
3349 2796 3479 2837 cum
3508 2779 3721 2837 diceret
3753 2799 3768 2838 :

2161 2865 2372 2936 Castigo
2405 2882 2599 2940 corpus
2633 2884 2826 2937 meum,
2873 2874 2922 2923 et
2960 2869 3204 2924 servituti
3243 2867 3484 2939 subjicio,
3519 2885 3586 2925 ne
3627 2868 3772 2940 forte

2154 2955 2282 3011 aliis
2303 2959 2628 3030 praedicans,
2659 2961 2768 3032 ipse
2794 2961 3052 3033 reprobus
3073 2961 3270 3034 efficiar
3303 2961 3362 3033 (Ι
3386 2962 3511 3018 Cor.
3529 2977 3614 3027 Ix,
3646 2961 3766 3034 27).

2155 3047 2300 3104 Hinc
2327 3049 2492 3105 etiam
2522 3049 2809 3121 pramisit,
2841 3049 3030 3108 dicens
3061 3067 3074 3107 :
3137 3052 3223 3108 Sic
3252 3068 3438 3120 curro,
3467 3067 3576 3106 non
3604 3053 3770 3122 quasi

443 3146 676 3204 minime
709 3148 1042 3206 consentire.
1075 3147 1310 3204 Audiret
1329 3149 1478 3205 enim
1507 3147 1554 3204 si
1573 3163 1638 3204 ea
1657 3164 1777 3221 qua
1797 3147 2040 3221 suggerit
2071 3148 2114 3209 c
2149 3137 2207 3194 in
2233 3137 2524 3204 incertum;
2569 3139 2644 3194 sic
2682 3157 2884 3212 pugno,
2925 3157 3032 3196 non
3067 3142 3225 3212 quasi
3262 3159 3440 3198 aerem
3474 3142 3768 3198 verberam

440 3235 663 3294 faceret.
695 3236 802 3294 Sed
829 3253 957 3294 cum
989 3251 1242 3309 perversa
1269 3251 1428 3310 agere
1447 3235 1700 3310 despicit,
1732 3245 1879 3295 recte
1908 3235 2042 3294 dici-

441 3329 535 3379 tur
562 3341 574 3380 :
611 3323 913 3381 Clamorem
947 3325 1212 3380 exactoris
1237 3340 1344 3380 non
1381 3325 1554 3382 audit.

513 3413 655 3489 [νει.
688 3415 793 3472 XX
802 3413 938 3491 VL].
993 3415 1085 3473 58.
1137 3415 1405 3472 Nonnulli
1451 3431 1583 3474 vero
1627 3414 1736 3473 hoc
1781 3415 1901 3474 loco
1948 3431 2043 3488 per

442 3510 758 3560 exactorem
788 3503 1028 3578 intelligi
1058 3510 1308 3561 ventrem
1337 3503 1553 3562 volunt.
1597 3505 1719 3578 Ipse
1746 3519 1984 3577 namque
2010 3523 2042 3564 a

438 3592 601 3650 nobis
631 3592 908 3668 quoddam
955 3592 1204 3651 debitum
1238 3593 1435 3666 exigit,
1482 3593 1613 3668 quia
1655 3593 2040 3667 quotidianum

437 3679 684 3738 fructum
713 3681 820 3738 sibi
850 3681 1082 3739 humani
1111 3681 1316 3738 laboris
1346 3681 1596 3766 impendi
1627 3681 1792 3738 etiam
1823 3697 1920 3754 per
1947 3698 2038 3738 na-

437 3777 620 3827 turam
649 3771 866 3846 quarit.
898 3771 1258 3830 Abstinentes
1285 3770 1457 3844 igitur
1485 3771 1613 3841 viri,
1657 3769 1752 3845 qui
1783 3771 1890 3828 hoc
1919 3772 2040 3829 loco

437 3859 632 3934 onagri
677 3861 948 3920 vocabulo
992 3859 1322 3937 figurantur,
1375 3864 1396 3899 ⁴
1426 3863 1558 3920 dum
1599 3863 1872 3920 violenter
1899 3865 2040 3938 gula

436 3948 709 4008 desideria
726 3951 1059 4026 reprimunt,
1083 3952 1235 4026 quasi
1259 3952 1551 4010 clamantis
1575 3953 1852 4010 exactoris
1873 3952 2040 4010 verba

434 4045 822 4098 contemnunt.
855 4037 964 4099 Sed
990 4056 1118 4098 cum
1146 4041 1456 4108 continenti
1487 4040 1610 4098 viro
1638 4049 1833 4100 contra
1863 4041 2038 4098 innu-

433 4143 584 4186 mera
611 4129 750 4187 vitia
777 4131 954 4188 multa
979 4131 1254 4190 virtutum
1275 4131 1578 4189 certamina
1600 4139 1917 4207 suppetant,
1937 4149 2039 4190 cur

431 4217 537 4274 sub
561 4218 836 4276 exactoris
861 4219 1102 4278 clamore
1130 4227 1470 4294 contempto,
1491 4219 1562 4278 de
1589 4221 1710 4278 solo
1729 4220 1824 4279 hic
1842 4229 2037 4279 ventre

431 4304 639 4364 dicitur
671 4309 820 4382 quod
849 4307 968 4383 ejus
987 4309 1256 4384 impetum
1280 4311 1694 4386 impulsumque
1719 4312 2032 4386 restringat,

431 4397 542 4454 nisi
571 4396 720 4472 quod
747 4399 936 4457 nullus
983 4399 1222 4472 palmam
1253 4399 1558 4473 spiritualis
1585 4401 1904 4461 certaminis
1931 4420 2038 4477 ap-

2150 3227 2346 3298 (Ibid.,
2377 3229 2493 3300 26).
2543 3228 2684 3296 Quia
2711 3245 2838 3286 cum
2867 3245 3087 3288 carnem
3119 3231 3527 3304 restringimus,
3561 3234 3584 3269 ⁸
3625 3232 3765 3307 ipsis

2151 3317 2499 3374 abstinentia
2529 3326 2732 3375 nostra
2761 3319 2966 3377 ictibus
2993 3337 3107 3378 non
3135 3337 3339 3390 aerem,
3371 3321 3466 3378 sed
3501 3323 3767 3380 immun-

2150 3407 2252 3465 dos
2279 3407 2508 3480 spiritus
2538 3409 2928 3478 verberamus;
2961 3419 3016 3466 et
3043 3426 3170 3468 cum
3200 3409 3310 3468 hoc
3337 3411 3486 3485 quod
3505 3418 3590 3469 est
3613 3413 3766 3469 intra

2151 3513 2252 3554 nos
2295 3496 2654 3570 subjicimus;
2704 3507 2860 3556 extra
2899 3499 3094 3574 positis
3130 3500 3460 3558 adversariis
3490 3503 3511 3537 ⁷
3547 3519 3764 3576 pugnos

2151 3585 2364 3644 damus.
2397 3587 2540 3645 Hinc
2569 3595 2650 3646 est
2679 3594 2826 3652 983
2853 3589 3002 3662 quod
3027 3605 3154 3647 cum
3183 3605 3284 3646 rex
3301 3589 3607 3664 Babylonis
3637 3607 3762 3650 suc-

2149 3689 2310 3748 cendi
2359 3688 2635 3747 fornacem
2658 3687 2817 3761 jubet
2849 3687 3014 3760 (Dan.
3046 3687 3160 3758 m),
3204 3686 3489 3760 naphtha,
3521 3695 3758 3762 stuppa,

2149 3777 2288 3852 picis
2315 3784 2371 3834 et
2398 3777 2640 3834 malleoli
2669 3775 2974 3833 ministrari
3004 3776 3316 3848 congeriem
3338 3777 3629 3851 pracepit;
3662 3778 3762 3836 sed

2147 3874 2334 3924 tamen
2353 3866 2695 3924 abstinentes
2715 3881 2911 3939 pueros
2933 3863 3040 3923 hoc
3053 3865 3180 3938 igne
3201 3865 3432 3922 minime
3453 3868 3758 3940 consumit,

2148 3955 2278 4030 quia
2291 3956 2554 4030 antiquus
2569 3955 2744 4013 hostis
2763 3955 2892 4012 licet
2919 3955 3244 4012 innumeras
3267 3955 3522 4013 ciborum
3554 3973 3759 4017 concu-

2146 4044 2444 4120 piscentias
2463 4045 2667 4104 nostris
2691 4044 2978 4102 obtutibus
2993 4053 3258 4118 opponat,
3281 4045 3485 4118 quibus
3499 4046 3758 4106 libidinis

2147 4136 2292 4210 ignis
2309 4144 2540 4207 crescat,
2561 4136 2722 4194 bonis
2741 4144 2925 4193 tamen
2950 4136 3231 4194 mentibus
3250 4137 3480 4209 superni
3509 4137 3759 4211 Spiritus

2147 4225 2320 4299 gratia
2346 4225 2614 4296 insibilat,
2641 4232 2755 4284 uta
2773 4225 3013 4284 carnalis
3041 4226 3504 4300 concupiscentia
3525 4229 3758 4286 astibus

2145 4318 2330 4376 illasa
2359 4319 2679 4392 perdurent,
2720 4326 2784 4376 ut
2810 4319 2912 4377 etsi
2940 4335 3114 4394 usque
3142 4318 3212 4376 ad
3237 4317 3605 4376 tentationem
3635 4336 3760 4377 cor-

2142 4408 2231 4466 dis
2258 4409 2481 4466 ﬂamma
2509 4409 2718 4480 ardeat,
2747 4426 2923 4484 usque
2951 4409 3023 4467 ad
3051 4425 3383 4468 consensum
3413 4417 3605 4468 tamen
3633 4419 3754 4468 teu-

432 4485 747 4560 prehendit,
769 4487 902 4561 quia
928 4502 1042 4544 non
1071 4488 1132 4544 in
1161 4489 1454 4562 semetipso
1483 4489 1636 4562 prius
1665 4506 1762 4564 per
1775 4491 2034 4550 aﬂlictam
2064 4510 2114 4570 ι)
2141 4499 2280 4556 tatio
2307 4514 2421 4555 non
2452 4507 2668 4556 exurat.

429 4574 642 4632 ventris
667 4574 1174 4649 concupiscentiam
1202 4577 1386 4636 carnis
1414 4577 1695 4636 incentiva
1723 4577 2036 4638 devicerit?

427 4665 616 4739 Neque
641 4664 792 4722 enim
820 4664 891 4723 ad
917 4665 1239 4724 conﬂictum
1273 4667 1538 4740 spiritalis
1574 4667 1767 4740 agonis
1793 4669 2032 4742 assurgi-

426 4760 542 4822 tur,
575 4752 624 4811 si
664 4769 779 4812 non
807 4753 963 4828 prius
999 4754 1150 4812 intra
1193 4759 1562 4831 nosmetipsos
1591 4757 1768 4815 hostis
1795 4759 2029 4831 positus,

425 4843 568 4916 gula
596 4842 860 4902 videlicet
895 4844 1192 4918 appetitus,
1229 4845 1540 4917 edomatur,
1589 4847 1720 4922 quia
1747 4847 1793 4906 si
1824 4865 1936 4906 non
1965 4865 2028 4906 ea

2217 4585 2356 4662 [νει.
2385 4589 2490 4646 XX
2497 4587 2644 4661 VIIII
2691 4588 2780 4646 60.
2816 4588 3057 4661 Quinque
3084 4587 3254 4646 modis
3279 4589 3407 4662 gula
3431 4605 3532 4647 nos
3565 4597 3748 4650 tentet.

2141 4679 2264 4737 Non
2289 4679 2453 4749 cibus,
2481 4679 2570 4736 sed
2595 4681 2859 4752 appetitus
2877 4679 2934 4735 in
2952 4679 3080 4736 vitio
3103 4680 3584 4739 est.—Sciendum
3615 4700 3749 4756 pra-

2138 4775 2286 4826 terea
2308 4768 2540 4841 estquia
2567 4769 2812 4842 quinque
2839 4785 2938 4825 nos
2970 4768 3149 4826 modis
3175 4769 3316 4842 gula
3337 4769 3541 4828 vitium
3572 4780 3748 4828 tentat

2139 4859 2242 4932 (De
2260 4874 2512 4928 consecr.,
2537 4858 2592 4914 d.
2609 4858 2665 4924 5,
2686 4875 2730 4915 c.
2758 4859 2998 4930 Quinque
3018 4849 3238 4932 modis).
3255 4859 3578 4934 Aliquando
3594 4878 3746 4920 nam.

422 4947 546 5022 qua
574 4933 738 4992 nobis
786 4941 918 4992 sunt
963 4933 1238 4994 viciniora
1283 4937 1707 5010 prosternimus,
1757 4939 2023 4999 nimirum
2133 4963 2241 5022 que
2283 4947 2600 5021 indigentia
2646 4955 2895 5022 tempora
2923 4947 3222 5022 pravenit;
3274 4933 3582 5022 aliquando
3614 4967 3744 5007 vero

420 5021 663 5083 inaniter
687 5023 759 5084 ad
784 5039 850 5084 ea
875 5040 997 5100 qua
1023 5024 1243 5100 longius
1269 5033 1400 5084 sunt
1424 5025 1800 5101 impugnanda
1825 5028 2022 5088 transi-

495 5277 512 5352 ξ
540 5277 740 5352 I_.aud.,
765 5278 896 5352 quia
919 5296 1018 5352 sua
1045 5279 1185 5352 enim
1209 5285 1465 5337 aternum
1491 5281 1750 5340 deserens.

491 5349 518 5434 ξ
543 5347 921 5434 necent-Ed”
937 5351 1143 5434 invitis
1163 5353 1321 5434 Msa,
1337 5369 1445 5410 non
1475 5355 1620 5411 levis.
1643 5354 1842 5414 Melius
1862 5356 2015 5429 lenis,

419 5423 1346 5574 ορξὲῗέὲἷᾶέξέῗδὶξῗέῗὲιὲξ¹,οιῗέἑ
1369 5503 1586 5552 exactor
1613 5499 1872 5570 loquitur,
1900 5517 2017 5558 cum

420 5559 606 5616 leniter
630 5571 880 5616 suaaertt.
907 5565 991 5616 hic
1018 5574 1233 5616 exactor
1259 5569 1473 5616 clamat-
1504 5577 1609 5616 em

420 5565 606 5616 leniter
630 5565 880 5634 suggerit,
907 5565 991 5620 hic
1018 5574 1233 5622 exactor
1259 5569 1474 5635 clamat,
1504 5577 1610 5626 etc.
1673 5565 1692 5570 “
1854 5565 1863 5567 ’

403 5679 407 5682 .
489 5632 512 5708 f
542 5631 706 5708 geri).
743 5633 954 5704 Germ.,
983 5636 1185 5708 Pratel.
1216 5645 1270 5695 et
1305 5640 1472 5708 Utic,
1502 5641 1629 5696 dum
1656 5641 1904 5702 violenta.

2130 5045 2348 5112 tempus
2370 5053 2483 5096 non
2529 5037 2818 5112 pravenit,
2866 5036 2963 5096 sed
2991 5037 3148 5098 cibos
3187 5038 3453 5097 lautiores
3500 5040 3741 5115 quatit;

2122 5281 2370 5354 princeps
2405 5299 2714 5354 coquorum.

2201 5357 2234 5432 6_
2253 5351 2700 5432 Turon.;Laud.,
2717 5353 2882 5414 Corb.
2897 5351 3240 5427 Germ.,Val.
3265 5353 3349 5415 Cl.
3369 5356 3743 5432 Pratel.,etc.,

2125 5424 2260 5497 ipsis
2292 5426 2638 5483 continentia.

2197 5498 2216 5532 ⁷
2234 5498 2471 5571 _Recent.
2504 5499 2734 5568 Excusi,
2759 5516 2972 5571 pugnas
3000 5501 3208 5557 damus.
3238 5501 3578 5561 Inhasimus
3605 5506 3737 5562 Mss.

2124 5565 2291 5642 Corb.
2315 5569 2530 5642 Cerm_.,
2561 5565 2779 5642 Noun,
2807 5565 3006 5640 IIaud.,
3031 5573 3150 5628 Val.
3184 5573 3269 5629 Cl.
3298 5580 3354 5628 et
3387 5574 3488 5642 al.,
3519 5591 3744 5634 necnon

2124 5647 2232 5718 vet.
2249 5639 2355 5718 Ed.
2375 5640 2572 5718 Paris.,
2592 5641 2758 5718 Basil.
2776 5643 2955 5718 favet
2975 5639 3106 5718 huic
3126 5645 3252 5701 lect.
3271 5651 3461 5702 textus
3471 5639 3737 5718 Gracus;

488 5703 510 5738 ⁵
540 5703 778 5792 IY'I‘lpg'.
811 5703 948 5792 xxv,
973 5706 1044 5776 8;
1089 5709 1288 5792 ieram.
1319 5727 1416 5792 Ln,
1451 5703 1536 5780 14,
1583 5729 1692 5770 sec.
1725 5715 2016 5792 text_._H9.
2120 5709 2398 5792 ubinenim
2427 5703 2659 5792 legimus
2687 5713 2746 5792 in
2776 5714 3012 5787 Vulgata
3040 5715 3115 5770 sic
3146 5732 3348 5789 pugno,
3396 5703 3634 5792 proprie
3654 5703 3747 5780 ii;

408 5769 501 5850 br.
533 5782 588 5834 et
617 5769 794 5846 LXX,
831 5769 945 5837 ubi
957 5769 1270 5853 appellatur
1295 5769 1552 5858 princeps
1579 5769 2010 5860 exercﬁChali,

2157 5782 2415 5844 niﬁcatur
2447 5801 2459 5840 :
2479 5769 2568 5840 "sic
2591 5769 2827 5858 pugilem
2839 5769 2976 5860 356,
2986 5769 3262 5852 "attrita".
