3920 6458
913 366 1282 434 MORALIUM
1319 367 1452 433 LIB.
1495 329 1678 432 xxx.
1717 405 1789 417 .-
1827 364 1900 432 IN
1932 361 2162 431 CAPUT
2202 371 2446 430 xxxix
2487 369 2548 431 Β.
2590 360 2732 431 103.

3365 366 3473 435 558

169 501 464 577 aliquando
492 500 753 575 quaelibet
772 518 892 574 qua
923 501 1190 558 sumenda
1220 502 1332 558 sint
1360 500 1654 574 praeparari
1681 516 1769 556 ac-
1795 502 1846 560 A
1880 499 2063 572 itaque
2087 515 2289 571 onager
2316 499 2590 555 exactoris
2619 499 2790 571 hujus
2819 516 3128 558 sermonem
3156 501 3333 572 audit,
3365 505 3474 560 cla-

170 594 411 653 curatius
443 592 676 664 expetit,
708 592 1006 664 aliquando
1037 599 1219 648 autem
1250 599 1304 647 et
1338 591 1591 663 qualitati
1620 590 1770 646 cibo-

171 700 287 740 rum
320 689 376 737 et
397 680 636 753 tempori
665 679 944 751 congruit,
975 679 1070 736 sed
1100 678 1158 735 in
1189 681 1306 751 ipsa
1335 679 1639 751 quantitate
1669 695 1773 735 su-

172 772 356 829 mendi
374 787 687 827 mensuram
707 768 1001 824 moderatae
1032 768 1346 824 refectionis
1369 767 1605 824 excedit.
1628 769 1771 824 Non-

171 877 453 934 nunquam
478 876 610 916 vero
637 866 690 914 et
711 857 982 929 abjectius
1007 865 1088 914 est
1116 858 1264 930 quod
1293 857 1588 927 desiderat,
1614 865 1669 913 et
1695 866 1770 913 ta-

173 967 296 1005 men
327 951 449 1022 ipso
487 956 626 1005 aestu
668 948 923 1002 immensi
970 947 1230 1002 desiderii
1273 946 1515 1002 deterius
1562 953 1767 1019 peccat.

170 1037 364 1095 Mortis
391 1038 593 1110 quippe
615 1036 941 1092 sententiam
967 1035 1135 1106 patris
1160 1049 1253 1089 ore
1269 1033 1530 1090 Jonathas
1551 1033 1772 1100 meruit,

172 1129 300 1201 quia
317 1129 376 1183 in
391 1135 556 1199 gustu
578 1129 758 1183 mellis
777 1127 1140 1182 constitutum
1158 1125 1354 1181 edendi
1380 1133 1596 1196 tempus
1612 1131 1776 1178 ante-

171 1219 339 1276 cessit
366 1219 429 1289 (I
461 1219 586 1288 Reg.
607 1233 726 1284 x1v,
758 1216 873 1287 27).
907 1217 978 1270 Et
1008 1231 1078 1270 ex
1097 1215 1339 1287 {Egypto
1370 1214 1604 1286 populus
1632 1212 1778 1268 edu-

172 1318 314 1376 ctus,
351 1307 410 1363 in
436 1323 620 1363 eremo
652 1305 932 1373 occubuit,
965 1307 1114 1378 quia,
1139 1304 1394 1376 despecto
1436 1319 1657 1371 manna,
1687 1302 1778 1359 ci-

172 1398 273 1454 bos
299 1396 552 1454 carnium
573 1396 752 1468 petiit,
777 1412 914 1468 quos
940 1394 1202 1449 lautiores
1233 1393 1448 1466 putavit
1472 1394 1657 1464 (Num.
1680 1408 1777 1446 xxi

172 1489 254 1562 ὅ).
288 1489 364 1543 Et
393 1486 568 1558 prima
597 1484 845 1547 filiorum
889 1484 1011 1538 Heli
1040 1483 1204 1554 culpa
1235 1482 1464 1538 suborta
1493 1490 1596 1550 est,
1629 1479 1778 1553 quod

173 1595 243 1634 ex
273 1593 467 1633 eorum
500 1585 632 1630 voto
686 1572 985 1629 sacerdotis
1038 1588 1195 1644 puer,
1225 1589 1337 1627 non
1363 1571 1592 1644 antiquo
1629 1587 1780 1626 more

172 1673 363 1725 coctas
392 1665 560 1720 vellet
596 1663 663 1719 de
693 1661 967 1718 sacriﬁcio
997 1678 1188 1717 carnes
1220 1660 1486 1732 accipere,
1521 1659 1616 1715 sed
1644 1677 1782 1716 cru-

175 1756 276 1813 das
307 1759 594 1827 quaereret,
645 1767 779 1824 quas
819 1752 1129 1807 accuratius
1159 1750 1446 1805 exhiberet
1483 1751 1539 1821 (Ι
1562 1751 1686 1820 Reg.
1719 1766 1779 1815 η,

1880 604 2088 644 morem
2120 605 2231 644 non
2257 587 2432 656 audit,
2455 588 2586 660 quia
2608 586 2878 644 discretus
2909 591 2995 646 vir
3020 608 3082 648 ac
3108 593 3400 649 continens
3421 599 3476 649 et

1880 692 2053 750 usque
2072 676 2140 733 ad
2162 675 2571 750 temperandam
2607 677 2982 734 necessitatem
3006 686 3253 736 ventrem
3275 681 3474 751 reﬁcit,

1881 772 1935 821 et
1954 783 1986 820 a
2015 765 2298 838 voluptate
2328 765 2630 838 restringit.

1953 855 2094 930 [Vet.
2128 856 2417 930 XXVIII]
2449 856 2536 913 62.
2581 857 2831 928 Voluptas
2859 857 2953 912 sub
2979 857 3296 913 necessitatis
3319 859 3481 929 specie

1883 961 1934 999 se
1958 946 2550 1017 palluit—Sciendum
2582 963 2713 1002 vero
2738 955 2820 1003 est
2846 948 2976 1021 quia
3004 949 3086 1004 sic
3116 948 3365 1020 voluptas
3379 951 3481 1006 sub

1885 1035 2208 1090 necessitate
2237 1051 2293 1091 se
2324 1036 2538 1107 palliat,
2572 1044 2634 1092 ut
2664 1037 2762 1092 vix
2791 1054 2911 1093 eam
2942 1038 3216 1110 perfectus
3249 1039 3482 1111 quisque

1886 1124 2181 1180 discernat.
2214 1127 2350 1181 Nam
2379 1126 2511 1181 dum
2535 1127 2684 1182 solvi
2720 1126 2968 1184 debitum
2999 1130 3292 1185 necessitas
3323 1132 3480 1202 petit,

1888 1217 2142 1286 voluptas
2170 1215 2379 1287 expleri
2411 1214 2744 1271 desiderium
2774 1218 3051 1289 suppetit,
3074 1219 3096 1252 ³
3124 1226 3178 1274 et
3206 1226 3360 1275 tanto
3391 1235 3485 1290 gu-

1889 1304 1997 1359 lam
2028 1305 2275 1360 securius
2307 1305 2363 1359 in
2394 1321 2634 1377 praeceps
2676 1307 2839 1378 rapit,
2871 1315 3078 1379 quanto
3109 1309 3210 1364 sub
3251 1309 3486 1365 honesto

1889 1394 2115 1449 nomine
2146 1395 2490 1451 necessitatis
2518 1396 2801 1467 explendze
2832 1413 2888 1453 se
2919 1397 3179 1469 contegit.
3215 1399 3366 1471 Saepe
3394 1417 3488 1455 au-

1889 1489 1998 1536 tem
2030 1482 2086 1536 in
2115 1482 2232 1554 ipsa
2244 1483 2443 1539 edendi
2463 1484 2554 1540 via
2581 1484 2788 1540 furtive
2808 1484 3066 1556 adjuncta
3087 1486 3341 1558 voluptas
3361 1487 3488 1542 sub-

1890 1572 2139 1644 sequitur
2161 1591 2174 1640 ;
2200 1589 2598 1646 nonnunquam
2616 1591 2748 1629 vero
2768 1574 3118 1646 impudenter
3133 1576 3304 1633 libera
3321 1578 3486 1634 etiam

1892 1661 2084 1733 praeire
2114 1670 2364 1720 conatur.
2397 1663 2578 1720 Facile
2607 1672 2788 1720 autem
2814 1672 2896 1720 est
2925 1665 3330 1738 deprehendere
3360 1683 3488 1723 cum

1893 1753 2149 1824 voluptas
2191 1752 2311 1825 ejus
2339 1754 2722 1810 necessitatem
2755 1757 3042 1826 praevenit,
3077 1757 3171 1812 sed
3219 1757 3379 1812 valde
3409 1765 3492 1813 est

179 1847 246 1902 l2
277 1845 436 1915 seq.).
485 1843 555 1897 Et
584 1857 711 1897 cum
751 1840 820 1896 ad
875 1841 1177 1896 Jerusalem
1237 1840 1486 1896 dicitur:
1531 1841 1650 1894 ch
1679 1838 1785 1908 fuit

1915 1846 2118 1902 liiﬁcile
2147 1848 2459 1905 discernere
2477 1866 2604 1905 cum
2630 1850 2686 1904 in
2719 1850 2838 1921 ipso
2867 1866 2963 1905 esu
2985 1851 3289 1907 necessario
3319 1869 3374 1907 se
3405 1869 3492 1908 oc-

175 1933 438 2004 iniquitas
468 1930 708 1987 Sodoma:
734 1928 938 1983 sororis
961 1935 1081 1996 tute,
1114 1928 1383 2000 superbia,
1414 1927 1672 1982 saturitas
1688 1943 1783 1997 pa-

175 2026 286 2093 nis,
309 2021 702 2079 etabuudantia
735 2019 952 2091 (Ezech.
980 2035 1100 2086 XVI,
1127 2018 1244 2090 49),
1271 2025 1455 2090 aperte
1475 2015 1787 2071 ostenditur

178 2113 331 2188 quod
361 2112 571 2169 idcirco
619 2111 853 2166 salutem
884 2108 1149 2181 perdidit,
1201 2107 1331 2180 quia
1360 2123 1486 2163 cum
1518 2105 1786 2178 superbiae

178 2207 323 2263 vitio
340 2221 656 2261 mensuram
670 2203 964 2260 moderatas
981 2201 1298 2258 refectionis
1318 2200 1573 2256 excessit.
1592 2201 1662 2253 Et
1679 2198 1786 2270 pri-

178 2295 592 2368 mogenitorum
616 2293 846 2366 gloriam
868 2293 1013 2347 Esau
1035 2291 1243 2358 amisit,
1275 2289 1406 2363 quia
1434 2304 1632 2360 magno
1652 2295 1790 2342 aestu

179 2383 448 2441 desiderii
463 2384 631 2438 vilem
649 2381 859 2450 cibum,
875 2381 1086 2437 scilicet
1109 2380 1448 2446 lenticulam,
1467 2375 1790 2447 concupivit

183 2477 398 2548 (Cenes.
419 2489 557 2541 xxv,
581 2472 708 2544 33);
733 2488 896 2544 quam
919 2470 1053 2526 dum
1075 2468 1381 2525 vendendis
1401 2467 1565 2522 etiam
1589 2467 1788 2538 primo-

181 2563 390 2638 genitis
421 2562 684 2634 praetulit,
717 2578 826 2633 quo
857 2561 915 2616 in
945 2560 1098 2616 illam
1127 2559 1372 2631 appetitu
1399 2556 1682 2612 auhelaret
1710 2554 1790 2610 in-

183 2653 422 2710 dicavit.
438 2653 627 2724 Neque
657 2651 806 2705 enim
828 2650 1006 2724 cibus,
1039 2648 1134 2704 sed
1157 2648 1433 2721 appetitus
1454 2646 1512 2700 in
1531 2646 1668 2700 vitio
1689 2652 1788 2699 est.

187 2743 348 2801 Unde
382 2749 436 2797 et
466 2741 729 2796 lautiores
749 2737 902 2796 cibos
931 2738 1256 2809 plcrumque
1284 2735 1402 2790 sine
1419 2735 1580 2806 culpa
1608 2733 1793 2789 sumi-

184 2852 336 2902 mus,
372 2841 428 2888 et
457 2831 784 2903 abjectiores
811 2845 923 2884 non
944 2831 1062 2883 sine
1083 2835 1238 2882 reatu
1258 2826 1610 2884 conscientiae
1630 2825 1794 2896 degu-

188 2933 427 2981 stamus.
460 2923 565 2977 Hic
593 2920 794 2992 quippe
825 2934 986 2991 quem
1011 2917 1278 2984 diximus,
1301 2917 1468 2983 Esau,
1497 2915 1795 2986 primatum

188 3030 288 3089 per
320 3011 645 3067 lenticulam
671 3007 930 3080 perdidit,
951 3015 1004 3062 et
1032 3007 1182 3062 Elias
1206 3009 1220 3040 ί
1251 3007 1308 3061 in
1330 3021 1513 3060 eremo
1533 3005 1796 3058 virtutem

188 3104 448 3178 corporis
485 3118 676 3159 carnes
705 3099 915 3156 edendo
945 3097 1188 3155 servavit
1228 3099 1353 3167 (III
1377 3099 1502 3168 Reg.
1534 3111 1674 3163 xvn,
1715 3095 1795 3166 6).

191 3195 357 3255 Unde
376 3202 431 3250 et
446 3194 708 3265 antiquus
731 3190 904 3246 hostis
923 3189 1050 3261 quia
1067 3204 1176 3243 non
1200 3187 1409 3255 cibum,
1431 3186 1525 3241 sed
1542 3185 1652 3241 cibi
1673 3201 1802 3240 con-
1830 3223 1874 3282 Ο

189 3283 603 3358 cupiscentiam
631 3297 745 3337 esse
775 3295 995 3336 causam
1025 3276 1397 3333 damnationis
1425 3274 1704 3345 intelligit,
1746 3279 1800 3327 et

195 3378 452 3451 primum
482 3371 589 3428 sibi
620 3371 902 3426 hominem
921 3386 1032 3425 non
1054 3385 1238 3437 carne,
1257 3367 1351 3423 sed
1373 3382 1537 3439 pomo
1553 3358 1801 3420 subdidit

187 3469 417 3540 (Gentes.
445 3480 529 3531 ιιι,
561 3462 641 3534 6),
664 3468 718 3516 et
733 3460 1038 3518 secundum
1065 3474 1176 3514 non
1198 3472 1381 3524 carne,
1405 3454 1499 3510 sed
1520 3470 1658 3526 pane
1687 3461 1802 3508 ten-

187 3557 340 3613 tavit
372 3551 586 3625 (Matth.
621 3567 699 3618 ιν,
729 3547 807 3621 3).
841 3549 985 3604 Hinc
1001 3556 1082 3603 est
1113 3545 1258 3619 quod
1282 3547 1607 3617 plerumque
1624 3542 1802 3598 Adam

191 3647 365 3718 culpa
393 3641 784 3707 committitur,
835 3640 1000 3694 etiam
1043 3654 1168 3693 cum
1202 3635 1414 3708 abjecta
1448 3641 1502 3690 et
1533 3635 1669 3689 vilia
1698 3650 1804 3688 su-

193 3743 452 3793 muntur.
485 3733 671 3804 Neque
700 3731 848 3785 enim
879 3727 1055 3784 Adam
1086 3727 1238 3783 solus
1268 3733 1330 3781 ut
1353 3742 1384 3781 a
1411 3725 1584 3780 vetito
1611 3740 1667 3779 se
1699 3740 1806 3796 po-

195 3844 293 3883 mo
345 3823 704 3896 suspenderet
744 3827 1084 3893 praeceptum
1135 3816 1533 3889 prohibitionis
1573 3814 1802 3885 accepit.

193 3917 342 3975 Nam
371 3931 496 3972 cum
527 3913 793 3968 alimenta
817 3909 1066 3983 quaedam
1095 3907 1260 3963 saluti
1282 3913 1481 3961 nostrae
1511 3907 1656 3960 Deus
1680 3921 1806 3960 con-

195 4005 376 4063 traria
406 4003 634 4071 indicat,
667 4002 735 4058 ab
776 4001 863 4056 his
905 4016 1005 4054 nos
1032 3999 1183 4071 quasi
1218 4013 1313 4069 per
1343 3995 1672 4052 sententiam
1703 4009 1810 4049 ve-

198 4103 302 4151 tat.
337 4095 410 4149 Et
430 4093 563 4149 dum
594 4091 1045 4163 concupiscentes
1073 4087 1244 4144 noxia
1271 4085 1615 4156 attingimus,
1635 4083 1810 4156 profe-

198 4193 294 4244 cto
327 4183 462 4259 quid
497 4181 649 4239 aliud
671 4198 835 4254 quam
866 4180 1036 4236 vetita
1056 4177 1454 4250 degustamus?

276 4274 369 4330 61.
402 4273 630 4330 Edenda
669 4288 784 4342 qua:
810 4271 1086 4325 necessitas
1113 4269 1328 4340 quaerit,
1359 4283 1466 4321 non
1493 4282 1610 4337 quae
1651 4262 1812 4320 libido

201 4364 457 4436 suggerit.
493 4363 704 4429 Quanta
755 4361 828 4416 ad
872 4360 965 4415 hoc
1003 4358 1250 4415 discretio
1284 4355 1596 4411 necessaria.
1635 4383 1706 4394 —
1733 4353 1815 4408 Ea

201 4455 398 4526 itaque
433 4451 700 4508 sumenda
726 4457 998 4522 suntquae
1026 4457 1237 4505 naturae
1266 4445 1564 4503 necessitas
1594 4442 1812 4517 quaerit,

204 4552 262 4600 et
286 4559 403 4599 non
433 4558 553 4616 quae
583 4541 782 4597 edendi
811 4539 988 4595 libido
1018 4537 1277 4610 suggerit.
1311 4535 1416 4592 Sed
1447 4549 1676 4607 magnus
1704 4531 1812 4587 dis-

205 4633 477 4691 cretionis
495 4633 649 4689 labor
669 4639 750 4687 est
770 4631 903 4686 huic
928 4628 1173 4686 exactori
1194 4636 1248 4683 et
1263 4623 1476 4698 aliquid
1497 4623 1814 4696 impendere

207 4731 266 4780 et
297 4721 510 4794 aliquid
539 4719 836 4792 denegare;
877 4726 931 4773 et
961 4734 1070 4774 non
1089 4715 1271 4772 dando
1289 4715 1471 4786 gulam
1491 4713 1816 4784 restringere

208 4821 267 4870 et
292 4810 478 4868 dando
512 4818 764 4866 naturam
788 4808 1019 4863 nutrire.
1056 4803 1200 4878 [Rec.
1223 4805 1306 4860 XI
1316 4801 1401 4876 V.]
1431 4802 1562 4870 Quae
1591 4801 1818 4856 fortasse

210 4901 480 4960 discretio
498 4899 862 4964 subinfertur,
878 4914 1004 4954 cum
1025 4895 1232 4953 dicitur
1256 4913 1267 4949 :
1297 4895 1597 4950 Clamorem
1617 4897 1819 4947 exacto-

212 4995 296 5050 ris
326 5007 435 5045 non
462 4990 633 5045 audit.
667 4990 858 5046 Sermo
899 5002 1140 5059 namque
1172 4989 1320 5046 984
1347 4981 1516 5054 hujus
1548 4980 1822 5037 exactoris

215 5100 301 5148 est
321 5090 628 5146 necessaria
642 5086 944 5158 postulatio
960 5092 1191 5141 naturae.
1217 5081 1438 5139 Clamor
1453 5095 1584 5134 vero
1605 5077 1723 5148 ejus
1741 5084 1824 5133 est

217 5197 538 5244 mensuram
559 5176 904 5237 necessitatis
928 5175 1206 5233 transiens
1235 5170 1512 5246 appetitus
1539 5170 1699 5242 gulae.
1722 5167 1826 5224 Hic

300 5353 316 5387 ¹
349 5349 456 5408 Ed.
491 5356 721 5418 recent.,
750 5346 810 5403 in
841 5362 1009 5418 eremo
1027 5361 1126 5418 per
1153 5342 1399 5400 virtutem
1424 5341 1668 5418 spiritus.
1698 5339 1825 5410 Vet,

222 5420 378 5480 Edit.
412 5422 584 5479 Paris.
617 5429 672 5477 et
700 5414 895 5487 Basil.,
921 5417 976 5474 in
1002 5414 1170 5473 eremo
1193 5418 1440 5472 virtutem
1468 5414 1691 5486 spiritus
1713 5421 1819 5470 etc.

224 5496 401 5564 Quam
427 5495 720 5551 lectionem
741 5499 802 5546 ut
819 5491 1084 5564 potiorem
1102 5488 1334 5564 libenter
1353 5487 1828 5564 amplectereﬂmur,

222 5556 334 5625 nisi
366 5567 611 5623 obstaret
635 5556 934 5621 consensus
971 5563 1100 5617 Mss.
1132 5561 1376 5632 Anglic,
1411 5556 1626 5632 Norm.,
1660 5556 1826 5632 (ΖΨ-1).

220 5640 439 5708 Germ.,
456 5639 693 5703 Turon.,
715 5633 915 5702 Laud.,
944 5633 1080 5708 ValL
1100 5632 1183 5689 Cl.
1207 5628 1261 5687 e't
1278 5631 1534 5708 Longip.,
1558 5629 1615 5685 in
1633 5628 1834 5700 quibus

222 5703 468 5786 legitur,
484 5711 739 5786 virtutem
757 5706 1015 5786 corporis.
1046 5705 1219 5786 Porro
1233 5717 1332 5786 per
1347 5703 1633 5786 virtutem
1643 5716 1833 5786 corpo-

221 5771 309 5841 ι*ίὲ
329 5771 700 5853 Ιιὶοῖηιθίιὶεί
732 5771 910 5851 potest
938 5771 1282 5837 continentia
1309 5783 1364 5832 et
1378 5777 1603 5834 castitas
1620 5771 1834 5829 illibata

221 5873 404 5917 Carnis
412 5900 426 5916 ο

1894 1937 2042 1992 culta
2061 1937 2366 2009 subjungit.
2402 1940 2539 1995 Nam
2570 1939 2700 2012 quia
2729 1949 3061 2012 przeeuntem
3095 1951 3305 1998 natura)
3335 1958 3494 2014 appe-

1893 2025 2059 2081 titum
2078 2027 2346 2098 sequitur,
2371 2027 2569 2099 quasia
2587 2037 2739 2100 tergo
2762 2028 2990 2099 veniens
3017 2030 3230 2086 tardius
3251 2031 3491 2087 videtur.

1895 2116 1976 2170 Eo
2005 2115 2153 2170 enim
2192 2122 2436 2187 tempore
2467 2133 2577 2188 quo
2621 2117 2932 2173 necessitati
2961 2117 3205 2174 debitum
3237 2119 3495 2187 solvitur,

1898 2204 2028 2277 quia
2075 2220 2172 2275 per
2223 2221 2375 2260 esum
2409 2207 2665 2278 voluptas
2703 2207 3015 2263 necessitati
3049 2208 3329 2277 miscetur,
3363 2207 3498 2281 quid

1898 2294 2194 2350 necessitas
2225 2301 2392 2365 petat,
2427 2302 2480 2350 et
2509 2295 2666 2368 quid,
2696 2295 2839 2352 sicut
2868 2295 3080 2354 dictum
3111 2307 3213 2366 est,
3246 2298 3499 2369 voluptas

1899 2389 2172 2454 suppetat,
2206 2384 2514 2454 ignoratur.
2548 2385 2699 2455 Saepe
2759 2401 2890 2440 vero
2920 2395 2973 2442 et
3001 2385 3404 2454 discernimus;
3447 2394 3502 2442 et

1901 2473 2031 2546 quia
2047 2481 2336 2546 utramque
2357 2472 2462 2528 sibi
2480 2471 2833 2544 conjunctam
2856 2473 3134 2529 novimus.
3154 2475 3209 2530 in
3232 2475 3337 2530 hoc
3353 2475 3500 2546 quod

1902 2569 2058 2617 extra
2109 2569 2280 2618 metas
2331 2562 2598 2634 rapimur,
2622 2565 2642 2597 ³
2677 2561 2810 2618 libet
2851 2572 2911 2619 ut
2949 2562 3172 2618 sciendo
3202 2564 3498 2630 fallamur;

1903 2663 1957 2712 et
1985 2655 2116 2711 dum
2150 2656 2256 2712 sibi
2288 2673 2444 2713 mens
2491 2672 2561 2712 ex
2604 2657 2926 2714 necessitate
2955 2655 3260 2725 blanditur,
3291 2673 3359 2712 ex
3396 2674 3504 2711 v0-

1906 2747 2113 2818 luptate
2133 2747 2427 2818 decipitur.
2451 2746 2727 2818 Scriptum
2746 2747 2945 2820 quippe
2966 2755 3046 2803 est
3072 2763 3082 2800 :
3112 2747 3305 2803 Carnis
3321 2763 3506 2801 curam

1904 2851 1966 2889 ne
1980 2834 2206 2905 feceritis
2225 2836 2279 2889 in
2296 2836 2891 2904 desideriis(Rom.xm,
2914 2835 3024 2907 14).
3045 2835 3176 2902 Quae
3196 2835 3365 2906 igitur
3386 2834 3506 2890 ﬁeri

1907 2924 1965 2979 in
2013 2922 2292 2979 desiderio
2339 2923 2686 2994 prohibetur,
2718 2924 2776 2978 in
2806 2924 3131 2980 necessitate
3162 2923 3504 2981 conceditur.

1977 3013 2065 3069 63.
2094 3012 2288 3068 Carnis
2308 3012 2590 3077 desideria,
2613 3029 2717 3066 non
2733 3029 2858 3068 caro
2879 3013 3177 3068 occidenda.
3207 3013 3510 3068 Cavendum

1907 3120 1989 3170 ne,
2046 3103 2168 3157 dum
2212 3103 2407 3157 hostem
2452 3101 2798 3172 insequimur,
2831 3102 2990 3156 civem
3035 3119 3187 3174 quem
3215 3102 3508 3172 diligimus,

1911 3191 2436 3248 trucidemus.-—Sed
2466 3207 2606 3262 saepe
2636 3190 2767 3247 dum
2790 3191 3008 3248 incaute
3038 3189 3350 3248 necessitati
3381 3207 3508 3246 con-

1909 3279 2318 3347 descendimus,
2349 3278 2643 3335 desideriis
2687 3279 3050 3336 deservimus.
3103 3281 3511 3352 Nonnunquam

1909 3386 2041 3426 vero
2072 3369 2205 3426 dum
2234 3369 2522 3425 desideriis
2548 3369 2965 3425 immoderatius
2996 3369 3220 3425 obviare
3252 3369 3506 3438 nitimur,

1911 3459 2254 3518 necessitatis
2286 3460 2533 3516 miserias
2562 3476 2843 3532 augemus.
2878 3460 2968 3516 Sic
3003 3460 3152 3516 enim
3183 3477 3401 3516 necesse
3431 3467 3514 3516 est

1915 3553 1936 3589 ⁴
1966 3561 2027 3608 ut
2047 3568 2226 3608 arcem
2249 3551 2480 3625 quisque
2495 3549 2850 3606 continentiae
2879 3557 3079 3617 teneat,
3105 3556 3372 3623 quatenus
3403 3565 3513 3605 non

1914 3657 2157 3709 carnem,
2201 3639 2296 3696 sed
2337 3639 2475 3694 vitia
2493 3639 2676 3695 carnis
2711 3638 2946 3694 occidat.
2999 3640 3137 3694 Nam
3186 3639 3513 3710 plerumque

1915 3731 2048 3788 dum
2079 3730 2203 3802 plus
2239 3728 2396 3801 justo
2425 3745 2552 3784 caro
2585 3728 2960 3800 restringitur,
2999 3726 3163 3784 etiam
3194 3726 3264 3782 ab
3293 3726 3517 3782 exerci-

1915 3820 2125 3877 tatione
2176 3819 2308 3875 boni
2362 3818 2542 3890 operis
2587 3825 2902 3885 enervatur,
2961 3824 3022 3872 ut
3078 3816 3147 3872 ad
3211 3815 3516 3873 orationem

1918 3926 2134 3985 quoque
2173 3910 2258 3965 vel
2296 3906 2740 3980 praedicationem
2775 3921 2888 3962 non
2917 3906 3171 3975 suﬂiciat,
3230 3906 3363 3963 dum
3419 3907 3519 3961 in-

1918 4000 2138 4058 centiva
2166 3999 2432 4054 vitiorum
2473 3997 2531 4052 in
2565 4012 2621 4051 se
2660 3994 2914 4052 funditus
2960 3995 3226 4052 sulfocare
3269 3995 3514 4051 festinat.

1920 4088 2244 4160 Adjutorem
2268 4086 2472 4159 quippe
2484 4085 2749 4141 habemus
2776 4085 3102 4141 intentionis
3120 4085 3348 4141 internae
3370 4084 3520 4141 hunc

1922 4177 2208 4234 hominem
2264 4190 2426 4248 quem
2483 4175 2726 4229 exterius
2756 4181 3048 4245 gestamus,
3098 4180 3152 4228 et
3197 4173 3301 4246 ipsi
3333 4173 3522 4230 insunt

1923 4279 2105 4327 motus
2134 4267 2397 4335 lasciviae,
2450 4265 2556 4339 ipsi
2597 4264 2824 4321 effectus
2853 4274 3156 4338 suppetunt
3184 4266 3522 4339 operationis

1923 4360 2100 4417 bonae.
2134 4357 2287 4428 Saepe
2328 4371 2464 4410 vero
2512 4353 2644 4410 dum
2689 4353 2747 4410 in
2779 4353 2878 4409 illo
2909 4354 3125 4410 hostem
3155 4354 3520 4428 insequimur,

1924 4450 2091 4506 etiam
2123 4446 2302 4504 civem
2333 4461 2495 4519 quem
2526 4443 2813 4516 diligimus
2843 4443 3186 4501 trucidamus
3203 4465 3222 4511 ;
3276 4455 3330 4502 et
3385 4459 3524 4517 saepe

1925 4541 2058 4598 dum
2081 4537 2235 4612 quasi
2259 4536 2476 4593 concivi
2499 4534 2798 4607 parcimus,
2827 4533 2897 4590 ad
2918 4533 3167 4606 praelium
3191 4534 3404 4592 hostem
3429 4552 3527 4591 nu-

1928 4628 2150 4685 trimus.
2183 4625 2404 4682 Eisdem
2427 4639 2667 4697 namque
2696 4623 2978 4679 alimentis
3007 4624 3145 4680 vitia
3174 4625 3524 4696 superbiunt,

1926 4717 2130 4792 quibus
2158 4715 2386 4772 nutritae
2401 4715 2638 4770 virtutes
2664 4714 2978 4771 vivunt.Et
2993 4731 3119 4772 cum
3151 4715 3330 4770 virtus
3360 4715 3530 4770 alitur

1928 4808 2252 4882 plerumque
2269 4806 2416 4862 vires
2444 4805 2600 4860 vitiis
2629 4812 2917 4876 augentur.
2943 4803 3080 4862 Cum
3100 4821 3231 4860 vero
3263 4805 3530 4859 immensa

1931 4897 2273 4956 continentia
2292 4895 2559 4950 vitiorum
2578 4895 2726 4950 vires
2745 4902 3032 4962 extenuat,
3057 4895 3224 4950 etiam
3241 4894 3422 4948 virtus
3453 4893 3520 4948 de

1931 4985 2123 5042 ﬁciens
2151 4983 2394 5040 anhelat.
2426 4979 2584 5038 Unde
2614 4997 2834 5038 necesse
2867 4990 2950 5038 est
2986 4989 3047 5037 ut
3077 4981 3310 5036 interior
3337 4979 3528 5048 homo,

1933 5084 2120 5132 noster
2160 5090 2350 5147 aequus
2379 5072 2604 5144 quidam
2641 5071 2847 5127 arbiter
2878 5069 3167 5144 praesideat
3196 5069 3343 5124 inter
3370 5084 3446 5137 se,
3477 5077 3534 5124 et

1933 5182 2059 5223 eum
2087 5181 2250 5238 quem
2279 5163 2524 5220 exterius
2571 5169 2764 5235 gestat,
2798 5169 3071 5235 quatenus
3098 5161 3150 5215 ei
3188 5158 3356 5216 homo
3399 5176 3532 5217 suus

2009 5337 2030 5373 ³
2059 5335 2188 5404 Ed.,
2218 5341 2267 5392 et
2297 5339 2440 5390 tanto
2470 5333 2618 5404 gula.
2650 5331 2834 5388 Nostri
2863 5330 3002 5404 Mss.)
3024 5327 3231 5387 habent
3258 5329 3460 5404 gulam.

2010 5411 2032 5444 ³
2065 5403 2360 5474 Gussanv.,
2391 5403 2518 5462 cum
2542 5411 2745 5461 recent.
2770 5403 2916 5471 aliis,
2946 5403 3104 5458 libere
3133 5404 3413 5475 reﬁciendo
3431 5403 3537 5474 fal-

1943 5480 2197 5537 limur....
2229 5497 2294 5534 ex
2314 5479 2581 5532 voluntate
2606 5475 2885 5547 decipitur.
2926 5475 3228 5547 Sequimur
3249 5475 3378 5531 Mss.
3413 5479 3542 5531 An-

1977 5554 2094 5620 lic.,
2124 5553 2338 5618 Norm.,
2370 5548 2626 5619 Longip.,
2661 5546 2825 5620 Corb.
2849 5545 3282 5620 Germ.,Laud”
3304 5547 3538 5620 Turon.,

1995 5615 2204 5691 indoc.,
2235 5615 2364 5689 etc.,
2395 5615 2609 5676 necnon
2639 5627 2751 5674 vet.
2784 5615 2935 5674 Edit.
2967 5618 3226 5691 Paris.iet
3256 5619 3423 5674 Basil.

2015 5699 2036 5730 ‘
2069 5690 2292 5752 Recent.
2325 5691 2569 5764 Vulgati,
2604 5697 2661 5746 ut
2688 5697 2876 5764 artem.
2918 5691 3043 5764 Yet.
3087 5690 3238 5764 Edit.
3271 5691 3442 5764 Paris.
3485 5697 3544 5764 et

1944 5767 2110 5825 Basil.
2142 5760 2496 5823 consentiunt
2521 5765 2648 5821 Mss.
2682 5763 2900 5829 Norm.,
2921 5762 3087 5822 Corb.
3112 5762 3324 5830 Germ.,
3357 5760 3531 5816 Laud.

1944 5848 2076 5908 etc.,
2107 5855 2244 5913 quos
2272 5837 2578 5910 sequimur.
