3936 6382
451 361 561 421 859

1655 342 1908 402 SANCTI
1948 341 2287 400 GREGORII
2323 339 2550 397 MAGNI

3676 324 3783 381 560

454 480 700 543 exterior
727 485 784 536 et
827 491 1042 550 semper
1067 473 1138 532 ad
1170 470 1420 530 debitum
1439 466 1811 525 ministerium
1853 461 2060 520 servire
2095 468 2146 531 Α
2183 461 2443 535 poraliter
2455 458 2679 516 condita
2696 464 2931 514 venturo
2948 455 3058 512 ﬁne
3078 470 3111 510 a
3128 450 3479 526 jucunditate
3499 448 3632 506 vitae
3650 464 3784 521 prae-

455 568 714 637 sufficiat,
744 572 800 623 et
827 577 1114 637 nunquam
1141 557 1375 633 superbe
1394 555 1569 614 libera
1593 552 1805 612 cervice
1833 556 2064 606 contrar-

456 657 607 716 dicat
621 671 751 726 gnec
779 659 1000 712 moveat
1031 650 1080 708 si
1104 648 1241 724 quid
1254 643 1597 719 suggerendo
1624 641 2061 706 submurmurat,

456 742 760 803 dummodo
809 757 935 798 eum
974 754 1196 811 semper
1233 732 1578 808 superposita
1622 730 1769 786 calce
1801 726 2066 784 domina-

454 836 629 895 tionis
658 839 888 908 premat.
939 828 1140 900 Sicque
1167 825 1232 883 ﬁt
1250 831 1315 880 ut
1341 822 1474 880 dum
1518 833 1762 892 repressa
1801 816 1941 872 vitia
1968 831 2066 871 re—

456 923 565 983 niti
594 904 821 996 quidem
850 917 1014 976 nobis
1041 913 1309 988 patimur,
1330 918 1385 967 et
1412 917 1597 966 tamen
1627 906 1745 963 haec
1774 904 2064 961 nobiscum

458 989 722 1085 congiedi
768 1025 841 1066 ex
866 1022 1027 1080 aequo
1048 1001 1427 1078 prohibemus,
1460 1013 1564 1054 nec
1592 994 1732 1054 vitia
1750 989 2065 1052 contravir-

457 1083 636 1163 tutein
669 1099 1026 1174 praevaleant,
1057 1110 1158 1151 nec
1178 1107 1400 1149 rursum
1435 1089 1616 1145 virtus
1643 1103 1772 1144 cum
1798 1083 2065 1140 vitiorum

461 1197 609 1257 985
637 1172 957 1248 oinnimoda
983 1182 1350 1242 exstinctione
1379 1177 1723 1237 succumbat.
1771 1174 1891 1243 Qua
1920 1172 1981 1228 in
2009 1187 2068 1227 re

462 1293 580 1352 sola
605 1288 772 1348 elatio
810 1288 827 1323 ¹
857 1283 1112 1341 funditus
1125 1279 1526 1352 exstinguitur,
1555 1273 1689 1348 quia
1714 1269 1970 1344 quamvis
1988 1267 2070 1322 vi-

463 1381 650 1441 ctoriae
689 1375 915 1444 serviat,
950 1373 1022 1430 ad
1055 1369 1419 1430 edomandam
1468 1373 1652 1422 tamen
1673 1359 2071 1434 cogitationum

465 1467 780 1542 superbiam
799 1462 1070 1520 continua
1086 1458 1250 1516 nobis
1268 1470 1453 1530 pugna
1471 1459 1742 1509 servatur.
1762 1449 1917 1505 Unde
1934 1446 2072 1502 bene

464 1538 580 1628 hic,
610 1555 744 1631 quia
770 1550 1152 1624 unusquisque
1177 1547 1268 1604 vir
1287 1545 1581 1604 continens
1601 1548 1655 1596 et
1676 1538 1877 1595 debitae
1893 1550 2074 1592 neces-

466 1626 617 1707 sitati
626 1626 913 1716 congruit,
934 1647 991 1696 et
1004 1638 1265 1695 violentae
1280 1633 1555 1708 voluptati
1569 1626 1921 1695 contradicit,
1941 1636 2076 1680 voce

466 1713 975 1797 dominica'dicitur
998 1729 1321 1787 :Clamorem
1339 1723 1603 1781 exactoris
1622 1737 1727 1776 non
1736 1717 1909 1776 audit.
1936 1713 2080 1782 Quia

465 1831 653 1884 autem
683 1820 962 1877 discretus
989 1815 1082 1872 vir
1107 1831 1173 1872 eo
1210 1813 1281 1871 ad
1309 1808 1670 1883 intelligenda
1711 1803 1995 1878 superiora
2020 1815 2078 1857 se

467 1914 669 1980 elevat,
699 1925 808 1984 quo
837 1906 898 1962 in
925 1921 985 1961 se
999 1903 1182 1961 carnis
1202 1901 1483 1959 incentiva
1510 1897 1762 1968 castigat,
1783 1901 1930 1951 recte
1950 1896 2075 1964 post

467 2005 849 2073 contemptum
879 1992 1157 2052 exactoris
1178 1990 1478 2050 clamorem
1505 1985 1785 2044 subditur.

893 2108 1131 2170 CAPVT
1160 2107 1297 2164 XIX
1327 2107 1474 2182 [Rec.
1495 2100 1648 2176 XV].

540 2233 716 2295 Vnus.
750 2229 806 2288 8.
836 2260 908 2272 —
931 2223 1301 2298 Circumspicit
1329 2228 1529 2279 montes
1544 2233 1760 2293 pascam
1786 2231 1915 2272 sum.

543 2325 637 2384 64.
668 2323 758 2382 Ad
801 2319 1144 2392 intelligenda
1183 2315 1436 2372 sublimia
1485 2312 1626 2368 valet
1661 2306 1959 2370 ascendere,
1988 2300 2082 2374 qui

473 2417 656 2476 carnis
685 2413 950 2472 incentiva
989 2407 1285 2482 castigavit.
1305 2435 1377 2448 —
1394 2405 1608 2463 Montes
1622 2415 1838 2475 pascuae
1856 2402 1989 2454 sunt
2005 2393 2080 2450 a1-

475 2515 549 2565 ιω
581 2501 1083 2577 contemplationes
1102 2498 1336 2554 internae
1363 2491 1702 2550 refectionis.
1725 2486 1912 2546 Sancti
1931 2484 2082 2542 enim

474 2599 586 2656 viri
620 2603 828 2673 quanto
857 2592 1032 2666 magis
1076 2607 1134 2646 se
1154 2587 1401 2646 exterius
1420 2581 1772 2657 despiciendo
1793 2577 2082 2651 dejiciunt,

476 2666 658 2746 tanto—
674 2683 918 2758 amplius
937 2679 1174 2738 interius
1202 2675 1605 2734 revelationum
1622 2666 2086 2741 contemplatione

475 2755 800 2851 pascuntur.
841 2769 996 2829 Unde
1037 2765 1304 2840 scriptum
1361 2770 1475 2820 est:
1532 2761 1794 2818 Ascensus
1838 2758 1895 2812 in
1934 2755 2088 2811 corde

477 2848 594 2936 ejus
607 2860 871 2936 disposuit
883 2859 940 2914 in
954 2857 1191 2914 convalle
1211 2855 1232 2889 ²
1254 2855 1613 2926 lacrymarum
1637 2848 1814 2922 (Psal.
1844 2860 2086 2912 Lxxxur,

479 2932 536 3026 ὁ,
563 2955 643 3028 7),
675 2932 806 3025 quia
841 2963 981 3023 quos
1009 2944 1255 3002 exterius
1284 2943 1341 2998 in
1373 2941 1506 2997 ﬂetu
1534 2937 1781 2997 continet
1817 2932 2090 2992 convallis

480 3038 843 3108 humilitatis,
871 3054 964 3094 eos
1000 3034 1237 3092 interius
1263 3030 1519 3090 sublevat
1545 3042 1804 3084 ascensus
1831 3030 2091 3082 contem-

481 3129 768 3207 plationis.
814 3126 956 3204 [νει.
995 3121 1227 3197 ΧΧΙΧ.]
1248 3122 1462 3181 Montes
1489 3117 1664 3207 etiam!
1695 3129 1913 3207 pascuae
1959 3116 2090 3168 sunt

2168 551 2342 608 sentis
2371 549 2525 623 quasi
2567 547 2760 605 aestivo
2801 547 2915 603 sole
2951 543 3248 601 siccantur.
3285 538 3544 598 Virentia
3593 543 3783 594 autem

2171 647 2303 696 sunt
2328 645 2542 708 vocata,
2587 654 2708 711 quae
2754 637 2909 693 nulla
2959 630 3362 706 temporalitate
3406 632 3784 685 marcescunt.

2174 727 2316 785 Huic
2334 744 2461 800 ergo
2477 743 2680 799 onagro
2705 724 2942 782 virentia
2962 721 3298 796 perquirere,
3324 724 3406 775 est
3432 724 3629 774 sancto
3648 714 3790 771 uni-

2173 819 2373 892 cuique
2402 818 2544 886 viro,
2573 815 2842 889 despectis
2862 813 3024 871 rebus
3037 808 3396 878 transitoriis,
3427 807 3488 864 in
3506 813 3784 862 aeternum

2175 926 2435 968 mansura
2463 908 2793 966 desiderare.

2246 1001 2460 1081 Cuncta
2490 1016 2624 1057 vero
2652 998 2772 1056 haec
2798 1013 2919 1071 quae
2948 994 3015 1052 de
3042 1009 3247 1067 onagro
3275 989 3424 1049 dicta
3467 995 3604 1047 sunt
3622 986 3790 1044 intel-

2176 1091 2272 1164 ligi
2299 1077 2465 1148 etiam
2496 1098 2552 1147 et
2573 1089 2735 1145 aliter
2764 1092 3013 1161 possunt.
3063 1083 3196 1152 Quae
3243 1081 3479 1156 repetito
3507 1077 3791 1152 superiori

2176 1198 2339 1238 versu
2367 1179 2718 1252 exponimus,
2737 1185 2799 1233 ut
2816 1175 3038 1234 lectoris
3050 1173 3266 1248 judicio
3289 1171 3439 1246 quod
3464 1167 3791 1242 eligendum

2179 1270 2475 1329 crediderit
2503 1269 2898 1342 relinquamus.
2932 1265 3106 1337 Igitur
3134 1269 3426 1336 postquam
3456 1258 3790 1334 praedicato-

2179 1376 2303 1417 rum
2315 1356 2649 1431 dispensatio
2667 1355 2769 1411 sub
2779 1369 3065 1410 cervarum
3082 1357 3356 1425 praetextu
3381 1348 3663 1422 descripta
3681 1354 3791 1414 est,

2181 1458 2245 1506 ut
2269 1447 2650 1505 ostenderetur
2680 1461 2777 1517 per
2803 1459 2965 1517 quem
2996 1442 3116 1498 haec
3140 1438 3545 1499 eadem‘virtus
3575 1437 3794 1510 praedi-

2183 1538 2416 1597 cationis
2443 1537 2626 1604 datur,
2660 1535 2812 1591 illico
2829 1532 3283 1592 commemoratio
3311 1530 3378 1588 de
3398 1527 3685 1586 dominica
3710 1527 3793 1584 in-

2183 1629 2501 1687 carnatione
2533 1624 2902 1693 subnectitur,
2931 1631 2994 1680 ut
3025 1622 3277 1680 dicatur:

2777 1762 3006 1823 CAPUT
3043 1763 3198 1821 XXI.

2108 1835 2155 1898 Β
2254 1861 2426 1920 Vsus.
2457 1859 2511 1917 5.
2541 1889 2615 1902 —
2645 1858 2778 1926 Quis
2805 1855 3009 1912 dimisit
3036 1870 3298 1927 onagrum
3339 1851 3611 1910 liberum?

2254 1949 2640 2006 Annsaonrcus
2668 1961 2884 2003 sensus.
2910 1974 2978 1986 —
3000 1942 3090 2000 66.
3143 1940 3392 2000 Christus
3437 1956 3645 2012 onagro
3690 1955 3794 1994 me-

2184 2041 2290 2096 rito
2318 2043 2682 2111 comparatur.
2712 2066 2785 2078 —
2810 2035 2923 2094 Nec
2968 2033 3262 2106 indignum
3291 2029 3418 2105 quis
3438 2027 3661 2104 judicet
3699 2043 3799 2102 per

2185 2131 2294 2187 tale
2313 2127 2518 2184 animal
2534 2126 2880 2184 incarnatnm
2900 2122 3201 2181 Dominum
3217 2138 3375 2195 posse
3393 2118 3646 2194 ﬁgurari,
3662 2118 3797 2175 dum

2187 2225 2403 2278 constat
2429 2214 2689 2274 omnibus
2716 2215 2847 2289 quia
2867 2231 2963 2288 per
3000 2211 3467 2286 signiﬁcationem
3495 2207 3797 2285 quamdam

2188 2311 2247 2366 in
2289 2309 2573 2380 Scriptura
2598 2321 2753 2362 sacra
2777 2312 2831 2361 et
2857 2304 3063 2361 vermis
3087 2310 3144 2360 et
3187 2302 3498 2360 scarabaeus
3534 2306 3800 2374 ponatur,

2189 2399 2335 2456 sicut
2361 2397 2627 2469 scriptum
2668 2403 2785 2452 est:
2832 2396 2947 2466 Ego
2991 2400 3167 2450 autem
3193 2410 3315 2450 sum
3353 2391 3570 2460 vermis,
3601 2396 3650 2447 et
3694 2405 3803 2445 non

2190 2491 2342 2546 homo
2374 2488 2548 2560 (Psal.
2570 2502 2696 2552 xxi,
2719 2485 2799 2558 7).
2819 2485 2893 2540 Et
2911 2484 3055 2541 sicut
3069 2483 3215 2557 apud
3237 2480 3601 2555 Septuaginta
3616 2480 3806 2536 inter-

2192 2587 2372 2654 pretes
2398 2593 2494 2650 per
2524 2580 2669 2638 986
2720 2572 3046 2648 prophetam
3101 2572 3344 2630 dicitur:
3397 2570 3716 2628 Scarabmus
3740 2567 3806 2623 de

2196 2677 2336 2747 ligno
2351 2673 2599 2730 clamavit
2622 2671 2846 2744 (Habac.
2874 2686 2938 2739 ιι,
2961 2670 3076 2743 ii).
3094 2668 3232 2728 Cum
3254 2683 3383 2740 ergo
3398 2664 3709 2723 nominatis
3722 2679 3805 2720 re-

2193 2765 2300 2822 bus
2326 2771 2436 2819 tam
2461 2761 2693 2834 abjectis
2745 2767 2802 2815 et
2836 2758 3046 2815 vilibus
3085 2756 3376 2830 ﬁguratur,
3418 2753 3557 2828 quid
3604 2751 3677 2809 de
3704 2751 3806 2807 illo

2196 2853 2592 2912 contumeliose
2620 2850 2847 2918 dicitur,
2885 2847 2953 2905 de
2984 2863 3095 2920 quo
3140 2853 3356 2903 constat
3389 2843 3540 2916 quod
3582 2839 3808 2914 proprie

2196 2947 2341 3005 nihil
2369 2945 2585 3003 dicatur
2604 2943 2633 3001 ’ἲ
2651 2943 2894 3002 Vocatur
2913 2939 3118 2997 etenim
3146 2953 3342 3010 agnus,
3361 2934 3459 2991 sed
3486 2931 3808 3006 propterin-

2199 3036 2531 3095 nocentium.
2565 3034 2808 3093 Vocatur
2833 3031 2939 3099 leo,
2971 3027 3065 3085 sed
3095 3034 3317 3100 propter
3337 3023 3664 3098 potentiam.
3688 3021 3809 3078 Ali-

2200 3125 2420 3199 quando
2477 3125 2644 3182 etiam
2691 3121 2928 3194 serpenti
2967 3125 3339 3190 comparatur,
3376 3117 3398 3150 ³
3438 3113 3537 3171 sed
3579 3120 3810 3186 propter

481 3197 748 3279 sublimes
776 3197 1013 3273 virtutes
1045 3214 1390 3285 angelorum.
1431 3208 1564 3276 Quae
1613 3205 1824 3263 idcirco
1869 3202 1964 3260 hic
1991 3217 2094 3257 nos
2121 3197 2166 3261 Ο
2202 3197 2434 3273 {nonem
2464 3215 2551 3270 γε]
2581 3211 2928 3286 sapientiam.
2968 3211 3150 3282 Atque
3178 3207 3304 3264 ideo
3332 3221 3431 3279 per
3468 3204 3588 3261 haec
3614 3202 3813 3260 omnia

487 3308 858 3370 ministrando
877 3313 934 3363 et
949 3302 1268 3378 adjuvando
1288 3299 1566 3368 reﬁciunt,
1588 3297 1717 3371 quia
1738 3295 1856 3351 illic
1873 3293 2093 3349 interno

484 3393 972 3472 contemplationis
1021 3407 1145 3448 rore
1190 3389 1577 3464 pinguescunt.
1627 3386 1760 3453 Quae
1805 3382 1937 3456 quia
1975 3382 2096 3438 lar-

485 3490 667 3567 giente
702 3489 818 3544 Deo
845 3484 907 3541 in
935 3481 1092 3538 omni
1125 3495 1226 3536 nos
1263 3476 1566 3536 certamine
1595 3479 1912 3547 protegunt,
1949 3477 2095 3528 recte

485 3559 838 3649 circumspici
883 3571 1171 3630 dicuntur.
1222 3567 1473 3640 Undique
1503 3564 1651 3621 enim
1699 3561 1862 3618 nobis
1910 3559 2096 3616 adesse

487 3648 992 3738 circumspicimus,
1013 3674 1252 3734 quorum
1277 3655 1597 3713 defensione
1625 3658 1818 3710 contra
1845 3648 2097 3705 adversa-

487 3758 602 3816 rios
627 3772 698 3814 ex
727 3752 884 3812 omni
912 3752 1081 3808 latere
1111 3747 1419 3806 munimur.
1457 3746 1696 3802 Possunt
1723 3740 1907 3798 adhuc
1926 3755 2098 3795 mon-

486 3859 571 3908 tes
621 3863 834 3923 pascuae
882 3841 1060 3916 accipi
1095 3842 1218 3900 alte
1249 3835 1535 3896 sententiae
1564 3833 1862 3908 Scripturae
1907 3847 2096 3900 sacras,

490 3940 559 3999 de
609 3920 814 4014 quibus
855 3951 953 4010 per
975 3930 1324 3990 Psalmistam
1373 3927 1617 3984 dicitur:
1665 3925 1867 3984 Montes
1912 3920 2100 3977 excelsi

490 4029 658 4087 cervis
691 4027 870 4102 (Psal.
893 4041 1015 4094 cm,
1047 4021 1161 4097 18),
1184 4020 1314 4095 quia
1342 4018 1403 4075 hi
1433 4016 1530 4091 qui
1543 4015 1660 4089 jam
1689 4014 1818 4071 dare
1847 4019 2097 4102 contem-

488 4101 750 4195 plationis
771 4115 945 4172 saltus
969 4117 1270 4180 noverunt,
1295 4108 1438 4164 altos
1453 4103 1854 4163 sententiarum
1885 4101 2100 4158 divina-

491 4188 618 4268 rum
638 4206 875 4264 vertices
892 4200 1050 4278 quasi
1078 4198 1370 4258 cacumina
1384 4195 1659 4254 montium
1682 4190 2010 4258 ascendunt,
2029 4188 2102 4247 ad

493 4313 615 4373 quae
662 4293 912 4368 profecto
955 4289 1245 4349 cacumina
1271 4286 1404 4361 quia
1437 4282 1646 4341 inﬁrmi
1676 4280 1964 4356 pervenire
1987 4296 2099 4337 non

492 4368 701 4454 valent,
722 4389 869 4440 recte
880 4380 1001 4437 illic
1028 4378 1319 4436 subditur:
1339 4377 1505 4432 Petra
1532 4368 1802 4444 refugium
1817 4369 2104 4427 herinaciis

497 4473 718 4552 (Ibid.),
740 4469 873 4546 quia
900 4467 1166 4525 videlicet
1180 4461 1459 4522 invalidos
1477 4477 1591 4518 non
1605 4458 1921 4516 sublimiter
1943 4457 2102 4515 intel-

2202 3306 2315 3365 dici
2343 3304 2646 3378 ﬁguraliter
2670 3299 3016 3375 potest,quia
3041 3299 3109 3354 de
3127 3297 3217 3354 bis
3245 3295 3507 3352 omnibus
3525 3292 3680 3351 credi
3706 3292 3811 3349 ali-

2205 3397 2338 3472 quid
2361 3393 2726 3453 essentialiter
2752 3409 2862 3449 non
2885 3397 3080 3464 potest.
3123 3389 3179 3446 Si
3207 3388 3357 3445 enim
3388 3402 3563 3442 unum
3600 3383 3813 3440 horum

2204 3486 2491 3563 quodlibet
2540 3484 2904 3542 essentialiter
2949 3481 3228 3548 existeret,
3258 3478 3495 3533 alterum
3535 3474 3651 3548 jam
3692 3473 3813 3532 dici

2204 3562 2316 3633 non
2345 3583 2544 3649 posset.
2576 3576 2713 3632 Nam
2741 3573 2789 3630 si
2817 3588 2992 3646 agnus
3022 3567 3241 3642 proprie
3268 3566 3567 3635 diceretur,
3593 3564 3680 3620 leo
3689 3562 3814 3636 jam

2205 3668 2391 3726 vocari
2408 3683 2521 3722 non
2550 3671 2781 3739 poterat.
2811 3663 2869 3720 Si
2899 3663 2984 3719 leo
3008 3658 3229 3734 proprie
3255 3657 3552 3724 diceretur,
3582 3671 3681 3728 per
3698 3670 3816 3711 ser-

2205 3771 2427 3836 pentem
2453 3761 2656 3835 signari
2677 3777 2789 3816 non
2809 3764 3011 3832 posset.
3037 3755 3144 3813 Sed
3173 3754 3293 3810 haec
3311 3751 3371 3808 in
3399 3752 3500 3808 illo
3518 3748 3711 3806 omnia
3722 3747 3815 3804 di-

2206 3854 2384 3910 cimus
2412 3859 2566 3908 tanto
2581 3849 2820 3907 latiusin
2844 3847 3041 3920 ﬁgura,
3067 3851 3275 3919 quanto
3293 3841 3517 3915 longius
3542 3840 3816 3897 abessen-

2205 3944 2303 4002 tia.
2334 3945 2520 4001 Potest
2546 3958 2674 4014 ergo
2703 3955 2905 4012 onager
2931 3937 3279 3994 incarnatum
3307 3933 3611 3992 Dominum
3646 3931 3817 3988 desi-

2209 4049 2394 4108 gnare.
2428 4035 2450 4070 ‘
2473 4035 2702 4105 Agreste
2729 4029 2931 4104 quippe
2963 4027 3170 4084 animal
3216 4032 3302 4081 est
3327 4037 3550 4096 onager.
3580 4022 3656 4078 Et
3682 4023 3819 4096 quia

2209 4124 2527 4182 incarnatus
2552 4120 2826 4179 Dominus
2844 4117 3143 4192 gentilitati
3163 4115 3364 4189 magis,
3393 4129 3559 4189 quam
3604 4111 3819 4169 Iudaeae

2208 4214 2438 4289 profuit,
2470 4211 2708 4269 animale
2732 4226 2933 4282 corpus
2960 4222 3262 4274 assumens,
3292 4204 3451 4278 quasi
3470 4218 3583 4259 non
3609 4201 3672 4258 in
3703 4200 3820 4258 do-

2209 4323 2385 4375 mum,
2411 4303 2507 4360 sed
2533 4303 2719 4377 potius
2740 4301 2799 4357 in
2829 4316 3024 4374 agrum
3054 4298 3227 4356 venit.
3252 4298 3331 4354 De
3351 4310 3462 4369 quo
3488 4309 3623 4367 agro
3637 4290 3821 4366 genti-

2208 4396 2385 4454 litatis
2411 4410 2508 4467 per
2531 4392 2879 4450 Psalmistam
2923 4390 3157 4448 dicitur:
3203 4387 3405 4460 Species
3443 4385 3569 4458 agri
3609 4401 3821 4442 mecum

2210 4495 2286 4546 est
2307 4489 2423 4562 (Ps.
2454 4500 2609 4553 XLIX,
2651 4475 3713 4557 ii).lncarnatusitaqueDominusqui
3757 4475 3819 4532 in

492 4547 725 4640 ligentia
751 4565 994 4629 exercet,
1019 4556 1117 4615 sed
1149 4556 1266 4613 sola
1291 4555 1352 4612 in
1376 4552 1600 4614 Christo
1652 4548 1791 4608 ﬁdes
1817 4547 2106 4606 humiliter
2130 4566 2180 4626 ι)
2210 4547 2391 4637 forl‘m
2428 4575 2529 4634 Dei
2559 4547 2786 4649 aquaiis
2835 4580 2919 4629 est
2942 4572 3112 4640 Pam,
3143 4571 3202 4628 in
3223 4547 3413 4626 'forma
3450 4565 3598 4624 seni
3627 4547 3824 4622 inium

495 4656 763 4718 continet.
797 4649 1060 4727 Sequitur
1077 4665 1092 4706 :

1092 4761 1320 4823 CAPUT
1375 4761 1504 4819 XX.

566 4867 706 4928 Iern.
733 4895 807 4910 -—
843 4861 1078 4925 Vireutia
1105 4877 1323 4934 quisque
1344 4857 1635 4932 perquirit.

566 4958 657 5018 65.
679 4953 943 5030 Despectis
962 4949 1315 5018 transitoriis,
1348 4948 1409 5004 in
1433 4953 1691 5004 internum
1728 4957 1990 4999 mansum
2016 4937 2101 4995 de-

494 5051 822 5111 siderantur.
850 5074 924 5088 —
949 5040 1183 5100 Arentia
1208 5038 1416 5115 quippe
1447 5043 1580 5094 sunt
1607 5033 1796 5092 onmia
1823 5047 1945 5106 quae
1962 5036 2099 5087 tem-

574 5264 596 5301 ί
633 5261 902 5320 Gussanv.
933 5274 1061 5316 cum
1091 5256 1240 5330 plur.
1269 5252 1375 5310 Ed.
1410 5251 1546 5325 legit
1571 5249 1964 5330 funditus_non
1986 5264 2096 5330 ea:-

499 5334 805 5406 stinguitur.
836 5320 1174 5406 Remanent.
1188 5320 1633 5406 Μξεξς-9η³.ιὲθε.ἒιο
1659 5320 1954 5406 γεὲκεάίὲσ
1985 5321 2098 5403 Pe-

501 5392 804 5472 ris.'ib.88,'
832 5392 1198 5472 1495,1518,
1250 5395 1611 5472 1571,84311.
1664 5392 1824 5472 1511i,
1871 5400 2002 5462 etc.,
2034 5394 2097 5448 in

502 5475 704 5550 quibus
730 5465 882 5530 deest
908 5465 1144 5554 negatio.
1175 5465 1256 5554 Ea
1287 5485 1416 5525 sane
1431 5467 1670 5554 sublata,
1701 5465 1945 5554 optimus
1972 5481 2098 5520 ma-

500 5539 599 5605 net
623 5561 833 5619 sensus.
864 5539 1958 5619 nimirum,_solum_elationispeccatum
1989 5553 2098 5592 ex-

502 5617 734 5694 stingui,
760 5630 873 5671 non
898 5630 1032 5694 vero
1058 5611 1477 5694 sopiripenitus
1505 5611 2096 5694 tentationes,nsuccre-

502 5680 786 5748 scen'tib'us
811 5685 1027 5743 assidue
1053 5680 1482 5754 cogitationibus
1513 5681 1748 5750 vitiosis,
1778 5680 2096 5754 bellumque

503 5760 876 5820 moventibus.
916 5759 979 5815 In
1025 5752 1191 5814 (λοι-1).
1226 5755 1447 5826 ,Germ.,
1476 5769 1576 5826 pro
1607 5755 1723 5826 sola
1760 5752 1986 5826 elatio...
2007 5752 2096 5808 ex.

500 5832 811 5909 stiuguitur,
830 5829 1032 5904 legitur
1061 5825 1283 5884 sollicite
1304 5824 1548 5895 funditus
1573 5824 1949 5896 exstinguitur.

2210 4675 2295 4726 est
2320 4668 2502 4734 Patre,
2539 4680 2648 4738 qua
2684 4663 2870 4720 minor
2918 4668 3001 4717 est
3027 4660 3195 4717 etiam
3232 4657 3412 4730 seipse
3451 4655 3680 4728 (Philip.
3724 4658 3817 4729 ιι).

2213 4756 2352 4832 [Vet.
2382 4754 2581 4829 XXX]
2604 4753 2832 4811 Dicatur
2858 4767 2987 4823 ergo
3015 4766 3047 4806 a
3074 4750 3233 4805 Patre
3253 4747 3322 4804 de
3341 4746 3486 4804 Filio
3499 4744 3818 4802 secundum

2207 4849 2444 4905 formam
2479 4844 2625 4902 servi
2649 4861 2662 4900 :
2697 4844 2828 4912 Quis
2853 4841 3330 4912 dimisitonagrum
3359 4837 3603 4902 libemus,
3624 4841 3675 4892 et
3702 4835 3821 4892 vino

2206 4939 2330 4995 cuia
2349 4937 2461 5008 ejus
2486 4937 2582 5008 qui
2607 4934 2809 4992 solvit?
2849 4931 3044 4990 Omnis
3075 4929 3278 5004 quippe
3307 4927 3406 5002 qui
3449 4933 3661 5001 peccat,
3703 4942 3821 4983 ser-

2206 5044 2311 5087 vus
2338 5036 2422 5086 est
2439 5025 2649 5102 peccati
2674 5026 2858 5098 (Joan.
2880 5039 3005 5092 vm,
3052 5020 3171 5094 34).
3210 5021 3285 5077 Et
3316 5019 3449 5094 quia
3494 5017 3822 5077 incarnatus

2278 5248 2300 5284 ³
2341 5245 2513 5305 Laud.
2536 5243 2688 5304 addii
2712 5242 2769 5300 in
2801 5245 2910 5301 loco
2939 5259 3092 5315 quem
3116 5238 3317 5315 posuit.

2279 5322 2302 5356 ³
2340 5304 2401 5376 in
2425 5319 2528 5375 Ed.
2561 5319 2728 5374 etiam
2773 5304 3174 5372 vetustioribus
3212 5320 3429 5370 tantum
3462 5309 3692 5384 legitur,
3726 5304 3822 5365 sed

2200 5388 3013 5478 ppptegapientiamucmterq
3038 5383 3688 5478 supplevintus'exébiss.‘
3702 5383 3823 5478 AI:-

2207 5452 2362 5537 “3116.,
2403 5452 2618 5537 Neria,
2649 5459 2848 5537 Laud”
2878 5459 3041 5518 Corb.
3072 5452 3292 5537 G'e'rm,
3330 5455 3455 5514 Val.
3635 5460 3691 5510 et
3733 5452 3817 5537 al.

2206 5526 2425 5609 Optime
2453 5526 2660 5609 dicitur
2680 5526 2963 5609 Christum
2990 5528 3297 5609 comparari
3326 5526 3570 5600 serpenti
3591 5531 3825 5609 propter

2206 5595 2473 5688 m‘ortem;
2515 5605 2793 5688 sublatum
2843 5604 2990 5688 enim
3040 5595 3357 5657 in'crucem
3407 5595 3827 5672 prmnuntiavit

2204 5694 2426 5751 serpens
2444 5678 2504 5734 in
2533 5678 2746 5733 deserto
2774 5675 3066 5732 exaltatus.

2277 5753 2300 5786 ⁸
2337 5750 2480 5807 Pler.
2510 5750 2640 5808 Mss.
2672 5749 2793 5820 agri
2812 5748 3004 5820 quippe
3025 5744 3248 5804 animal.
