3936 6378
161 425 257 483 561

893 424 1268 485 MORALIUM
1306 429 1440 487 LIB.
1480 428 1664 488 XXX.
1701 458 1776 474 -
1811 429 1883 487 IN
1921 430 2150 490 CAPUT
2187 432 2433 490 XXXIX
2474 434 2535 491 Β.
2576 435 2719 492 JOB.

3366 439 3480 499 562

162 549 429 608 Dominus
474 548 743 621 particeps
789 558 991 607 nostrae
1036 551 1213 609 factus
1249 561 1332 610 est
1375 562 1606 623 naturae,
1655 571 1765 611 non
1794 556 1847 618 Α
1874 572 2025 613 mum
2048 573 2175 630 ergo
2206 557 2264 613 in
2293 558 2591 615 solitudine
2610 566 2666 614 et
2684 557 3099 619 tabernaculum
3120 562 3180 621 in
3208 570 3355 622 terra
3373 566 3477 623 sal-

161 640 349 711 culpae,
383 637 528 694 liber
556 637 819 694 dimissus
849 638 1075 709 dicitur,
1108 641 1238 716 quia
1275 643 1379 700 sub
1408 644 1616 717 peccati
1647 645 1757 701 do-

162 726 329 785 minio
360 743 473 783 non
506 733 741 783 tenetur.
774 728 853 783 De
882 745 991 802 quo
1019 730 1155 786 alias
1182 733 1450 805 scriptum
1480 741 1562 789 est
1587 752 1599 789 :
1629 735 1643 769 ¹
1669 734 1755 790 Ιη-

163 825 235 874 ter
260 823 499 872 mortuos
528 818 662 873 liber
692 818 865 888 (Psal.
899 838 1155 888 Lxxxvn,
1188 822 1267 893 6).
1301 823 1467 879 Liber
1495 823 1758 882 dimissus

164 908 386 976 dicitur,
419 905 549 980 quia
578 914 835 963 naturam
868 918 1111 966 nostram
1139 912 1464 985 suscipiens,
1498 913 1757 986 iniquita-

159 995 225 1051 tis
246 995 380 1069 jugo
410 996 569 1052 nullo
601 996 764 1052 modo
796 1005 1031 1055 tenetur.
1066 1001 1237 1070 Quem
1269 1003 1523 1074 quamvis
1547 1003 1759 1059 macula

158 1086 325 1158 culpae
358 1094 559 1142 nostra».
590 1103 702 1144 non
732 1089 934 1161 attigit,
970 1092 1147 1162 passio
1178 1101 1361 1149 tamen
1394 1102 1593 1150 nostra}
1617 1111 1758 1149 mor-

156 1175 380 1231 talitatis
409 1176 693 1233 astrinxit.
727 1178 881 1235 Unde
914 1188 965 1235 et
996 1189 1286 1256 postquam
1326 1183 1468 1239 liber
1496 1182 1759 1241 dimissus

158 1266 375 1338 dicitur,
409 1276 556 1325 recte
587 1268 656 1324 de
688 1269 785 1326 illo
812 1271 1170 1344 adjungitur:

735 1357 962 1415 CAPUT
1010 1361 1189 1416 XXII.

222 1446 355 1502 Iam.
389 1474 462 1485 —
490 1446 565 1501 Et
591 1445 803 1502 vincula
831 1447 943 1517 ejus
972 1450 1091 1520 quis
1119 1451 1315 1507 solvit?

221 1534 307 1589 67.
340 1536 518 1607 Hujus
549 1537 740 1607 onagri
768 1537 979 1593 vincula
1010 1540 1183 1593 soluta
1214 1546 1355 1609 sunt,
1386 1556 1503 1595 cum
1522 1539 1763 1613 inﬁrmi-

158 1630 277 1679 tates
299 1626 592 1696 passionis,
625 1626 681 1680 in
712 1629 1117 1683 resurrectionis
1134 1630 1365 1700 gloriam
1388 1637 1511 1685 sunt
1538 1647 1761 1685 commu-

159 1721 288 1770 tatw.
321 1746 392 1756 —
412 1716 657 1772 Vincula
684 1717 885 1789 quippe
915 1717 1034 1789 ejus
1064 1728 1198 1775 tunc
1235 1719 1418 1774 soluta
1458 1728 1589 1775 sunt
1635 1736 1761 1776 cum

157 1805 503 1861 inﬁrmitates
543 1806 814 1878 passionis
861 1807 1014 1865 illius
1064 1808 1123 1863 in
1171 1811 1589 1866 resurrectionis
1634 1818 1765 1866 sunt

1864 646 2074 718 suginis
2127 647 2358 719 accepit,
2398 648 2419 682 ³
2449 647 2579 720 quia
2637 645 2955 706 incarnatus
3000 667 3100 723 pro
3154 650 3480 711 hominibus

1865 738 2032 803 Deus,
2069 736 2337 794 derelicta
2375 736 2583 807 Iudaea,
2630 737 2956 810 gentilitatis
2998 739 3166 797 corda
3211 743 3475 813 possedit.

1867 825 2022 881 Unde
2051 826 2100 881 ei
2130 827 2308 882 Patris
2333 843 2467 883 voce
2496 844 2592 900 per
2615 828 2940 900 prephetam
2982 829 3219 887 dicitur:
3254 833 3479 888 Postula

1865 935 1901 971 a
1930 933 2028 981 me,
2058 922 2105 970 et
2132 916 2264 971 dabo
2297 915 2389 971 tibi
2414 923 2582 987 gentes
2610 917 2961 974 hmreditatem
2995 925 3162 985 tuam,
3194 928 3241 976 et
3262 939 3480 992 posses-

1867 1006 2063 1062 sionem
2099 1012 2244 1061 tuam
2279 1006 2525 1061 terminos
2559 1014 2712 1062 terra:
2737 1009 2918 1078 (Psal.
2950 1026 3012 1077 ιι,
3041 1010 3123 1080 8).
3175 1010 3282 1077 Qui
3318 1009 3485 1082 juxta

1867 1094 1975 1151 hoc
1996 1096 2151 1168 quod
2182 1098 2327 1151 Deus
2356 1104 2458 1163 est,
2490 1113 2614 1152 cum
2644 1097 2801 1151 Patre
2829 1096 2923 1153 dat
2948 1099 3157 1166 omnia,
3183 1096 3347 1170 juxta
3377 1099 3485 1155 hoc

1871 1202 2000 1241 vero
2033 1184 2182 1257 quod
2214 1185 2381 1241 homo
2411 1193 2514 1254 est,
2555 1202 2586 1241 a
2624 1186 2781 1241 Patre
2816 1188 2835 1221 ⁵
2865 1187 3069 1260 accipit
3096 1188 3243 1244 inter
3270 1189 3480 1257 omnia,

1870 1274 2013 1331 sicut
2040 1275 2307 1347 scriptum
2337 1282 2449 1330 est:
2483 1275 2795 1329 Potestatem
2822 1275 2963 1330 dedit
2990 1276 3038 1331 ei
3057 1283 3105 1334 et
3121 1274 3383 1345 judicium
3398 1275 3483 1346 fa-

1870 1381 2001 1433 cere,
2033 1364 2159 1435 quia
2188 1364 2364 1420 Filius
2395 1364 2623 1419 hominis
2643 1371 2717 1419 est
2736 1365 2924 1437 (Joan.
2948 1383 3002 1433 v,
3032 1366 3147 1437 27).
3171 1368 3244 1422 Et
3262 1383 3482 1422 rursum

1870 1453 2135 1526 scriptum
2177 1461 2290 1508 est:
2340 1454 2517 1509 Sciens
2559 1454 2689 1524 quia
2729 1454 2907 1509 omnia
2949 1455 3091 1510 dedit
3136 1457 3183 1510 ei
3229 1457 3393 1511 Pater
3426 1455 3485 1510 in

1871 1560 2063 1596 manus
2100 1544 2289 1611 (Joan.
2323 1560 2446 1610 χιιι,
2482 1544 2557 1615 1).
2601 1543 2703 1599 Vel
2748 1543 2891 1600 sicut
2936 1544 3051 1616 ipse
3094 1545 3267 1602 dicit:
3323 1547 3484 1602 Omne

1872 1633 2010 1701 quod
2040 1632 2131 1686 dat
2163 1632 2290 1686 mihi
2319 1633 2505 1697 Pater,
2526 1632 2597 1687 ad
2624 1650 2704 1686 me
2732 1634 2897 1687 veniet
2914 1635 3102 1703 (Joan.
3123 1652 3201 1702 γι,
3226 1634 3339 1706 37).
3363 1634 3484 1690 Jam

1872 1738 2003 1776 vero
2034 1723 2079 1777 si
2108 1723 2379 1795 quaeritur
2402 1722 2535 1794 quid
2557 1722 2700 1776 inter
2720 1723 2948 1777 domum
2979 1739 3041 1778 ac
3067 1723 3484 1779 tabernaculum

1872 1812 2059 1880 distet,
2091 1811 2291 1866 domus
2330 1811 2387 1866 in
2435 1810 2780 1865 habitatione
2823 1818 2924 1879 est,
2969 1810 3381 1866 tabernaculum
3424 1811 3485 1867 in

158 1894 377 1966 gloriam
408 1904 785 1953 commutatae.
816 1898 982 1965 Quasi
1019 1897 1270 1971 quaedam
1302 1900 1528 1955 vincula
1558 1900 1760 1955 Domi-
1794 1922 1841 1982 Β
1874 1901 2089 1957 itinere.
2124 1901 2303 1957 Corda
2331 1901 2517 1971 itaque
2541 1898 2832 1969 gentilium
2854 1899 3010 1972 quasi
3041 1899 3289 1972 quaedam
3309 1898 3485 1955 taber-

157 1998 253 2041 nus
290 1984 489 2043 habuit
527 2003 591 2042 ea
634 2003 754 2060 quae
802 2004 902 2043 nos
945 1988 1205 2060 nequitiae
1250 1989 1449 2046 merito
1496 1991 1759 2062 patimur,

156 2084 346 2131 nostra:
375 2072 741 2132 mortalitatis
762 2076 1004 2147 inﬁrma,
1027 2077 1231 2151 quibus
1255 2086 1309 2135 et
1326 2095 1496 2153 usque
1525 2079 1593 2135 ad
1618 2096 1759 2135 mor-

154 2171 257 2221 tem
295 2174 491 2239 sponte
532 2167 691 2239 ligari
720 2185 775 2225 se
810 2169 1008 2238 voluit,
1032 2177 1086 2225 et
1115 2187 1235 2243 qua:
1267 2186 1361 2242 per
1390 2171 1761 2227 resurrectio-

156 2271 273 2313 nem
307 2258 645 2314 mirabiliter
673 2258 859 2313 solvit.
892 2258 1119 2314 Esurire
1149 2260 1319 2327 enim,
1362 2260 1541 2330 sitire,
1585 2261 1762 2316 lasse-

156 2363 314 2415 scere,
346 2348 551 2417 teneri,
572 2347 857 2421 ﬁagellari,
885 2349 1156 2421 cruciﬁgi,
1180 2358 1382 2405 nostrae
1405 2351 1760 2409 mortalitatis

158 2436 435 2495 vinculum
466 2439 597 2495 fuit.
630 2438 735 2495 Sed
763 2456 890 2497 cum
920 2440 1140 2512 expleta
1161 2448 1336 2496 morte
1358 2441 1543 2497 velum
1564 2443 1756 2514 templi

154 2536 515 2599 rumperetur,
546 2528 931 2585 scinderentur
961 2538 1148 2601 petrae,
1174 2539 1534 2587 monumenta
1562 2531 1762 2602 pande.

157 2624 355 2687 rentur,
390 2618 600 2675 inferni
632 2620 871 2675 claustra
902 2627 1271 2691 patescerent;
1322 2621 1457 2694 quid
1499 2620 1651 2676 aliud
1680 2629 1761 2683 tot

156 2708 487 2778 argumentis
517 2714 684 2762 tanta;
715 2707 939 2763 virtutis
969 2708 1298 2776 ostenditur,
1340 2709 1448 2765 nisi
1488 2709 1634 2783 quod
1671 2709 1765 2764 illa

158 2795 494 2852 inﬁrmitatis
529 2805 729 2853 nostra:
758 2798 983 2853 vincula
1016 2798 1395 2866 solvebantur,
1422 2806 1483 2853 ut
1502 2800 1547 2855 is
1578 2799 1671 2871 qui
1695 2798 1765 2854 ad

161 2886 564 2959 suscipiendam
611 2886 757 2941 servi
786 2887 1022 2942 formam
1054 2895 1298 2956 venerat,
1347 2889 1405 2943 in
1454 2888 1570 2959 ipsa
1617 2888 1765 2943 servi

159 2975 326 3031 forma
353 2976 425 3032 ab
459 2974 662 3030 inferni
682 2976 922 3032 vinculis
939 2976 1243 3045 absolutus,
1274 2977 1342 3032 ad
1373 2979 1575 3034 cmlum
1598 2978 1765 3032 etiam

156 3081 273 3120 cum
303 3064 575 3120 membris
605 3064 747 3120 liber
776 3065 1024 3122 rediret?
1053 3069 1129 3122 De
1160 3067 1361 3139 quibus
1383 3067 1499 3139 ejus
1524 3066 1766 3122 vinculis

154 3154 335 3212 Petrus
364 3155 654 3227 apostolus
678 3161 967 3211 attestatur
1004 3155 1225 3212 dicens:
1276 3159 1438 3225 Quem
1484 3158 1626 3213 Deus
1664 3174 1767 3211 su-

154 3246 349 3301 scitavit
375 3246 574 3301 solutis
594 3246 870 3300 doloribus
896 3246 1119 3315 inferni,
1142 3246 1307 3316 juxta
1338 3249 1478 3319 quod
1508 3248 1765 3320 impossi-
1797 3282 1841 3343 ϐ

155 3336 243 3391 bile
270 3342 388 3392 erat
416 3337 581 3392 illum
610 3337 772 3391 teneri
800 3338 865 3391 ab
887 3355 942 3392 eo
963 3338 1103 3408 (Act.
1137 3355 1200 3406 ιι,
1231 3337 1345 3410 21).
1379 3340 1449 3395 Et
1480 3340 1610 3411 quia
1641 3346 1764 3410 post

157 3435 377 3483 mortem
408 3444 571 3484 suam
602 3436 764 3502 atque
788 3431 1247 3487 resurrectionem
1279 3432 1346 3487 ad
1378 3432 1608 3503 gratiam
1632 3432 1762 3491 ﬁdei

156 3519 515 3588 gentilitatem
528 3536 724 3575 vocare
753 3519 1012 3592 dignatus
1033 3529 1133 3590 est,
1156 3530 1448 3596 postquam
1468 3523 1619 3580 dicta
1634 3530 1764 3578 sunt

156 3608 325 3666 soluta
346 3608 475 3683 ejus
509 3609 752 3679 vincula,
785 3619 907 3682 apte
936 3611 1291 3684 subjungitur
1318 3631 1330 3669 :

732 3702 961 3761 CAPUT
997 3705 1203 3773 XXIII,

230 3798 371 3859 987
399 3805 582 3862 Vsus.
615 3803 667 3860 6.
690 3834 762 3845 —
794 3803 895 3860 Cui
921 3802 1040 3858 dedi
1070 3803 1123 3857 in
1154 3802 1440 3858 solitudine
1467 3803 1702 3868 domum,
1720 3808 1769 3857 et

161 3893 555 3953 tabernaculum
583 3894 695 3964 ejus
714 3895 772 3949 in
804 3901 946 3950 terra
968 3894 1274 3965 salsuginis.

223 3982 307 4039 68.
341 3986 442 4042 Cui
479 3986 635 4040 datus
664 3984 722 4039 in
748 3984 1034 4040 solitudine
1065 3985 1205 4039 locus
1224 3989 1273 4037 et
1298 3983 1356 4037 in
1378 3990 1521 4039 terra
1542 3981 1768 4053 salsugi-

162 4071 258 4140 nis,
286 4091 399 4130 cum
425 4075 703 4147 gentilitas
732 4091 848 4129 eum
875 4074 1084 4145 recepit.
1118 4104 1189 4114 —
1208 4073 1269 4127 In
1291 4071 1596 4144 gentilitate
1618 4071 1768 4127 enim

164 4159 216 4216 in
243 4179 346 4236 qua
375 4163 697 4238 patriarcha
725 4180 837 4219 non
860 4162 987 4231 fuit,
1023 4163 1044 4197 ³
1085 4162 1354 4235 propheta
1381 4178 1493 4217 non
1528 4162 1667 4227 fuit;
1701 4159 1771 4215 ad

164 4246 586 4326 intelligendum
633 4255 831 4321 Deum,
882 4252 977 4326 qui
1029 4253 1239 4309 ratione
1287 4258 1555 4319 uteretur,
1603 4250 1769 4306 homo

165 4355 290 4410 pene
318 4357 428 4400 non
464 4342 594 4399 fuit.
626 4344 704 4399 De
734 4342 837 4399 hac
864 4341 1168 4400 solitudine
1190 4357 1285 4414 per
1300 4341 1496 4397 Isaiam
1527 4340 1765 4398 dicitur:

166 4427 446 4488 Laetabitur
482 4433 687 4488 deserta
716 4438 763 4487 et
793 4432 959 4497 invia,
1000 4438 1048 4486 et
1093 4430 1379 4485 exsultabit
1425 4430 1676 4496 solitudo,
1726 4433 1774 4484 et

169 4516 360 4584 ﬂorebit
384 4521 547 4593 quasi
596 4520 770 4576 lilium
816 4520 974 4593 (Isai.
1007 4536 1187 4587 xxxv,
1221 4520 1298 4590 1).
1350 4520 1422 4575 Et
1456 4535 1676 4575 rursum
1704 4517 1771 4573 de

170 4604 403 4666 Ecclesia
430 4610 677 4667 dicitur:
709 4613 875 4669 Ponet
908 4612 1169 4666 desertum
1200 4610 1315 4681 ejus
1353 4609 1509 4681 quasi
1532 4609 1770 4675 delicias,
1804 4650 1853 4709 D

173 4700 216 4749 et
240 4699 573 4757 solitudinem
599 4699 712 4771 ejus
740 4700 898 4771 quasi
924 4700 1136 4753 hortum
1166 4698 1385 4753 Domini
1402 4699 1565 4768 (Isai.
1590 4715 1664 4768 LI,
1688 4698 1766 4770 3).

174 4783 330 4845 Terra
355 4807 488 4847 vero
525 4790 824 4863 salsuginis
868 4789 987 4846 haec
1032 4788 1222 4845 eadem
1264 4788 1506 4845 solitudo
1544 4788 1774 4861 repetita

178 4883 272 4945 est,
295 4894 411 4952 quae
440 4881 763 4955 priusquam
790 4896 972 4937 veram
1005 4879 1103 4935 Dei
1134 4879 1460 4951 sapientiam
1485 4893 1773 4951 cognosce-

178 4974 274 5036 ret,
302 4970 633 5045 salsuginem
664 4971 991 5044 protulerat,
1023 4968 1153 5043 quia
1180 4968 1391 5024 nullam
1428 4968 1773 5024 viriditatem

178 5053 303 5113 boni
329 5056 641 5117 intellectus
689 5060 993 5134 proferens,
1040 5074 1298 5132 perversa
1339 5056 1602 5130 sapiebat.
1654 5058 1775 5112 Do-

252 5254 358 5328 }In
388 5255 551 5313 Corb.
594 5257 805 5325 Germ.,
849 5257 907 5312 in
934 5256 1070 5328 pler.
1124 5255 1226 5312 Ed.
1273 5261 1327 5310 et
1368 5253 1424 5328 in
1470 5254 1777 5328 novissima

185 5320 281 5401 Ed.
312 5329 476 5401 semel
494 5329 717 5401 legitur,
740 5320 896 5401 Liber
912 5320 1012 5392 fet
1041 5335 1247 5399 postea,
1273 5327 1526 5401 dimissus
1558 5326 1772 5401 dicitur.

186 5393 461 5471 Bepetitur
488 5393 712 5456 in'Mss:
736 5400 980 5471 Anglic,
1027 5393 1241 5466 Narin,
1262 5398 1534 5471 Vindoc.,
1566 5406 1687 5471 etc.
1716 5399 1777 5471 In

189 5465 329 5524 Edit.
357 5470 522 5527 Basil.
559 5472 715 5539 1514,
748 5465 920 5527 Paris.
956 5465 1112 5538 1495,
1146 5465 1304 5527 1518.
1336 5472 1549 5542 prolato
1581 5469 1776 5540 psalmi

187 5541 376 5615 textu,
391 5542 529 5615 inter
556 5550 791 5599 mortuos
833 5543 984 5609 liber,
1033 5542 1289 5599 subditur
1312 5541 1352 5597 εί
1380 5543 1516 5597 inter
1544 5547 1780 5596 mortuos

194 5607 317 5663 liber
344 5613 611 5671 dimissus.

1872 1991 2069 2046 uacula
2099 1989 2293 2045 habuit
2324 1988 2620 2056 veniendo,
2644 1989 2738 2045 sed
2760 2005 2823 2044 ea
2839 2005 2935 2059 per
2944 1988 3219 2060 justitiam
3237 1988 3483 2059 ﬁrmans,

1872 2080 2099 2136 domum
2132 2077 2267 2134 fecit
2306 2077 2629 2133 habitando.
2673 2079 2746 2134 Et
2792 2077 2922 2151 quia
2967 2094 3157 2133 eorum
3206 2077 3379 2134 vitam
3416 2076 3488 2134 ad

1871 2187 2010 2244 quos
2039 2178 2264 2225 venerat
2291 2168 2500 2224 imitari
2525 2169 2798 2239 despexit,
2830 2176 2975 2224 recte
3005 2166 3391 2241 subjungitur:

2455 2262 2687 2319 CAPUT
2718 2262 2925 2320 XXIV.

1944 2352 2115 2409 Vens.
2152 2352 2201 2407 7.
2234 2381 2305 2393 —
2337 2352 2637 2407 Contemnit
2666 2351 3059 2406 multitudinem
3078 2350 3333 2407 civitatis.

1945 2441 2032 2497 69.
2074 2440 2439 2498 Multitudinis
2481 2440 2719 2509 exempla
2750 2455 2854 2493 non
2888 2444 2963 2494 est
2992 2444 3217 2506 secutus,
3259 2436 3350 2492 sed
3386 2451 3488 2492 sua

1871 2531 2133 2601 sequenda
2182 2530 2484 2601 proposuit.
2538 2530 2655 2588 Vita
2706 2545 2939 2599 prwsens
2988 2544 3097 2583 non
3148 2532 3373 2599 propter
3436 2541 3488 2581 se

1874 2622 2104 2677 amanda
2134 2627 2228 2687 est,
2257 2622 2345 2676 sed
2371 2626 2591 2692 propter
2609 2620 2854 2691 futuram
2876 2620 3176 2676 toleranda.
3201 2649 3272 2660 —
3300 2618 3362 2675 Id
3383 2624 3486 2686 est,

1874 2727 2055 2767 mores
2074 2710 2307 2781 despicit
2324 2709 2579 2765 humana:
2602 2709 3063 2765 conversationis.
3089 2710 3267 2765 Homo
3286 2707 3490 2780 quippe

1875 2800 2020 2856 inter
2051 2800 2306 2856 homines
2336 2800 2532 2868 factus,
2554 2817 2719 2856 usum
2755 2808 2936 2856 tenere
2967 2800 3258 2856 hominum
3284 2798 3487 2855 noluit.

1876 2890 2087 2945 Idcirco
2118 2905 2354 2961 namque
2384 2889 2528 2944 inter
2558 2906 2660 2945 nos
2704 2889 2873 2945 homo
2914 2889 3094 2946 factus
3126 2897 3227 2958 est,
3275 2897 3338 2945 ut
3376 2904 3489 2944 non

1874 2981 2053 3035 solum
2075 2995 2175 3034 nos
2193 2978 2459 3049 sanguine
2478 2979 2602 3034 fuso
2625 2978 2936 3045 redimeret,
2960 2978 3054 3035 sed
3075 2979 3242 3035 etiam
3264 2985 3488 3034 ostenso

1874 3069 2129 3140 exemplo
2164 3074 2552 3125 commutaret.
2586 3068 2648 3123 In
2676 3068 3094 3123 conversatione
3117 3066 3284 3139 igitur
3304 3071 3492 3122 nostra

1876 3166 1931 3215 et
1959 3158 2240 3214 veniendo
2270 3156 2380 3213 alia
2408 3157 2644 3225 invenit,
2667 3166 2722 3213 et
2740 3157 2982 3214 vivendo
3001 3158 3109 3213 alia
3136 3156 3344 3214 docuit.
3367 3156 3491 3212 Stu-

1875 3249 2082 3304 debant
2114 3248 2266 3304 enim
2306 3264 2499 3304 omnes
2528 3248 2763 3320 superba
2790 3248 2967 3304 Adam
2998 3249 3167 3321 stirpe
3194 3244 3515 3321 progeniti,-

1877 3354 2143 3411 prospera
2174 3338 2300 3392 vitae
2334 3337 2619 3409 praesentis
2647 3344 2921 3409 appetere,
2962 3337 3193 3393 adversa
3224 3334 3490 3403 devitare,

1872 3431 2169 3502 opprobria
2223 3430 2432 3501 fugere,
2489 3430 2720 3501 gloriam
2774 3429 2950 3503 sequi.
3002 3427 3170 3485 Venit
3212 3426 3357 3482 inter
3400 3441 3493 3481 eos

1873 3521 2145 3576 Dominus
2166 3520 2483 3576 incarnatus
2502 3519 2736 3576 adversa
2766 3526 3048 3592 appetens,
3067 3532 3325 3589 prospera
3337 3529 3493 3586 sper-

1874 3626 2032 3679 nens,
2064 3611 2359 3682 opprobria
2389 3611 2747 3683 amplectens,
2797 3610 3025 3682 gloriam
3070 3607 3306 3679 fugiens.
3354 3606 3493 3662 Nam

1875 3718 2002 3758 cum
2031 3701 2208 3757 Judaei
2239 3701 2399 3757 illum
2443 3717 2625 3772 regem
2665 3700 2772 3757 sibi
2802 3699 3137 3757 constituere
3164 3695 3492 3762 voluissent,

1877 3790 1997 3846 ﬁeri
2026 3808 2126 3847 rex
2153 3791 2358 3863 refugit
2389 3792 2574 3863 (Joan.
2607 3808 2689 3858 vr,
2724 3791 2838 3861 15).
2871 3788 3011 3846 Cum
3027 3804 3160 3844 vero
3181 3803 3307 3842 eum
3325 3786 3493 3841 inter-

1877 3882 2038 3937 ﬁcere
2070 3881 2418 3947 molirentur,
2450 3888 2644 3951 sponte
2672 3878 2741 3935 ad
2771 3878 2954 3935 crucis
2994 3876 3309 3949 patibulum
3339 3871 3495 3928 venit

1880 3970 2070 4043 (Ibid,
2103 3985 2267 4036 xvm,
2298 3969 2379 4038 4).
2415 3967 2580 4038 Fugit
2607 3982 2737 4038 ergo
2766 3968 2787 4002 ⁵
2819 3965 2967 4038 quod
2986 3981 3178 4020 omnes
3205 3969 3491 4033 appetunt,

1878 4058 2108 4130 appetiit
2140 4056 2289 4129 quod
2319 4072 2509 4112 omnes
2538 4056 2785 4127 fugiunt.
2836 4054 2941 4110 Sed
2989 4070 3115 4109 cum
3162 4050 3306 4123 fugit
3346 4048 3495 4123 quod

1878 4163 2070 4203 omnes
2098 4154 2384 4219 appetunt,
2416 4145 2650 4217 appetiit
2676 4142 2830 4217 quod
2858 4159 3049 4198 omnes
3079 4142 3321 4213 fugiunt,
3363 4140 3496 4196 fecit

1879 4237 2028 4312 quod
2056 4252 2248 4293 omnes
2278 4236 2634 4303 mirarentur,
2667 4242 2731 4291 ut
2759 4242 2813 4289 et
2842 4242 3095 4288 mortuus
3142 4231 3260 4303 ipse
3303 4245 3495 4285 resur—

1882 4336 2050 4403 geret,
2092 4336 2146 4384 et
2190 4335 2365 4383 morte
2420 4344 2519 4384 sua
2574 4327 2711 4384 alios
2768 4326 2835 4383 de
2892 4332 3070 4381 morte
3125 4321 3492 4380 resuscitaret.

1883 4419 2023 4494 [νει.
2056 4418 2283 4492 ΧΧΧΙ.]
2316 4420 2447 4475 Duae
2478 4418 2682 4491 quippe
2709 4418 2838 4473 vitae
2867 4422 2998 4471 sunt
3028 4413 3276 4471 hominis
3303 4413 3362 4468 in
3379 4428 3496 4470 cor-

1881 4526 2010 4584 pore
2038 4508 2409 4575 consistentis,
2443 4522 2554 4563 una
2581 4514 2709 4563 ante
2739 4512 2996 4572 mortem,
3025 4504 3137 4559 alia
3166 4509 3290 4576 post
3318 4517 3497 4558 resur-

1882 4602 2179 4659 rectionem
2218 4617 2229 4655 :
2272 4614 2506 4672 quarum
2548 4613 2716 4653 unam
2745 4612 2938 4654 omnes
2965 4594 3178 4669 agendo
3204 4600 3495 4660 noverant,

1881 4697 2108 4752 alteram
2139 4693 2496 4759 nesciebant;
2549 4699 2605 4747 et
2645 4691 2951 4747 humanum
3000 4706 3172 4762 genus
3218 4687 3322 4744 soli
3367 4686 3499 4743 huic

1882 4803 2046 4862 quam
2077 4792 2308 4843 noverat
2339 4782 2683 4839 intendebat.
2719 4782 2888 4839 Venit
2917 4797 3011 4853 per
3038 4795 3258 4836 carnem
3295 4776 3499 4833 Domi-

1882 4893 2007 4945 nus,
2040 4883 2093 4932 et
2121 4875 2253 4931 dum
2284 4873 2525 4945 suscepit
2555 4888 2746 4940 unam,
2798 4872 3025 4927 alteram
3073 4866 3494 4924 demonstravit.

1880 4968 2025 5023 Dum
2055 4964 2200 5020 hanc
2226 4962 2388 5019 nobis
2414 4961 2691 5034 cognitam
2722 4958 2982 5031 suscepit,
3010 4957 3165 5012 illam
3186 4971 3306 5028 quae
3334 4953 3498 5009 nobis

1882 5061 1965 5110 est
1993 5051 2275 5124 incognita
2295 5050 2567 5107 ostendit.
2599 5046 2885 5108 Moriendo
2913 5044 3116 5119 quippe
3142 5043 3316 5099 vitam
3345 5058 3499 5098 exer-

1882 5260 1999 5319 tur,
2030 5250 2292 5322 propheta
2320 5265 2425 5303 non
2455 5246 2579 5322 f_uit.
2632 5315 2645 5322 _
2946 5312 3044 5322 Π,
3107 5311 3160 5322 η,
3326 5312 3333 5319 _
3410 5312 3419 5321 ,

1956 5311 2173 5379 3'Corb.
2212 5321 2422 5385 Germ,
2455 5311 2695 5381 'Pratel.,
2744 5313 2914 5377 Utic.,
2939 5312 3069 5385 Val.
3104 5311 3212 5385 CL,
3236 5312 3377 5385 quia
3402 5312 3496 5366 in-

1885 5400 2138 5450 carnatus
2162 5409 2266 5467 pro
2295 5383 2623 5467 hominibus,
2637 5387 2893 5467 derelicta
2926 5384 3073 5456 (Val.
3100 5384 3182 5440 CI.
3216 5383 3500 5455 derelictos)

1887 5462 2196 5539 gentilitatis
2223 5464 2388 5539 corda
2412 5462 2665 5539 possedit.
2821 5528 2850 5539 __
3020 5527 3030 5539 .
3115 5528 3168 5539 η
3205 5527 3241 5539 μ
3376 5527 3384 5537 δ

1961 5540 1982 5572 ⁴
2014 5538 2103 5592 Sic
2132 5537 2258 5591 Mss.
2291 5528 2441 5589 Edit'i
2475 5548 2625 5597 vero,
2659 5528 2853 5598 accepit
2887 5528 3083 5583 omnia.
3115 5528 3335 5595 Melius,
3369 5528 3505 5582 inter

1890 5609 2089 5673 omnia,
2121 5617 2183 5663 ut
2213 5606 2417 5661 habent
2455 5605 2581 5660 Mss.
2615 5600 2809 5657 Modus
2839 5607 2919 5654 est
2950 5600 3212 5673 loquendi
3240 5599 3504 5673 Gregorio

255 5684 277 5717 ⁵
304 5682 549 5755 Recent.,
586 5685 987 5744 reluctantibus
1021 5686 1147 5742 Mss.
1180 5694 1235 5741 et
1263 5693 1373 5741 vet.
1407 5683 1645 5741 Excnsis
1672 5682 1785 5738 ha—
1890 5671 2083 5755 nostro
2112 5678 2427 5755 familiaris.
2454 5675 2596 5755 Vide
2628 5673 2725 5728 lib.
2758 5671 3042 5755 “Apum.
3075 5672 3166 5741 20,
3186 5678 3242 5727 et
3264 5671 3362 5725 lib.
3385 5686 3500 5737 xw,

186 5747 342 5832 bent:
369 5747 625 5832 propheta
656 5776 759 5814 non
786 5758 914 5829 fuit,
936 5759 1064 5832 quia
1092 5758 1162 5812 ad
1189 5757 1782 5832 intelligendiim_D_e_u_I_n

187 5826 271 5899 qui
298 5826 504 5885 ratione
525 5826 920 5901 uteretur,’pene
940 5826 1091 5883 homo
1107 5846 1213 5883 non
1208 5826 1639 5955 dfuitftjoncinit
1656 5826 1783 5881 Edi-

187 5896 252 5948 tls
277 5907 481 5955 recent.
516 5900 679 5955 Corb.
713 5902 923 5955 Germ..
955 5900 1062 5955 nisi
1095 5917 1203 5955 quo
1273 5900 1327 5954 in
1362 5900 1479 5955 inso
1509 5915 1623 5954 non
1655 5897 1783 5955 leui-

186 5896 252 5948 tis
277 5907 481 5957 recent.
516 5900 679 5957 Corb.
713 5896 923 5970 Gem,
955 5900 1062 5956 nisi
1095 5896 1242 5974 quod
1273 5900 1327 5954 in
1362 5900 1479 5971 ipso
1509 5915 1623 5954 non
1655 5897 1783 5970 legi-

1893 5770 1949 5809 n.
1972 5754 2060 5819 36‘,
2088 5747 2619 5823 maximeiverohlib.
2653 5761 2716 5812 ιι,
2740 5760 2804 5823 _n_.
2836 5744 2924 5823 60:
3127 5820 3135 5823 Δ
3173 5812 3205 5823 ,Α
3279 5812 3289 5821 .

1964 5826 1987 5859 ⁵
2020 5816 2190 5878 Laud.
2226 5828 2280 5877 et
2310 5820 2433 5879 Val.
2468 5818 2579 5886 CL,
2609 5816 2754 5888 quod
2781 5816 3048 5882 homines;
3090 5820 3145 5869 et
3169 5816 3246 5869 ita
3274 5816 3333 5868 in
3360 5824 3501 5869 con-

1894 5894 2277 5968 sequentibus.
