3936 6378
447 452 558 512 563
1665 451 1916 510 SANCTI
1953 452 2291 511 GREGORII
2327 455 2556 512 MAGNI

3660 459 3770 516 565

445 579 564 638 cuit
591 592 756 651 quam
786 583 1056 648 tenemus,
1087 576 1420 651 resurgendo
1451 578 1668 652 aperuit
1692 594 1857 653 quam
1886 593 2048 652 quaa—
2081 580 2134 641 A
2165 581 2298 638 tur?
2324 581 2477 638 Unde
2504 599 2602 656 per
2627 581 2860 640 Paulum
2887 581 3128 640 dicitur:
3161 581 3238 640 Et
3261 581 3522 650 avaritia,
3551 599 3672 656 qua:
3697 590 3774 642 est

446 694 655 746 ramus,
687 671 832 732 988
857 678 1110 752 exemplo
1137 695 1238 738 suo
1262 695 1363 736 nos
1390 676 1592 735 docens
1611 676 1758 751 quod
1786 675 1906 734 haec
1934 677 2050 734 vita
2159 669 2426 728 idolorum
2453 673 2678 730 servitus
2697 673 2935 747 (Coloss.
2956 690 3042 742 nr,
3069 673 3150 746 5).
3175 672 3359 730 Laban
3389 689 3518 746 ergo
3537 673 3774 732 veniens

448 782 615 843 quam
645 772 772 822 ante
801 773 1034 823 mortem
1059 766 1316 825 ducimus
1342 783 1455 823 non
1485 773 1706 840 propter
1735 781 1792 822 se
1819 765 2053 823 amanda
2159 762 2305 836 apud
2333 762 2499 818 Iacob
2530 763 2679 820 idola
2706 779 2819 820 non
2850 762 3085 832 invenit,
3126 761 3257 837 quia
3297 762 3536 820 ostensis
3573 762 3773 820 mundi

449 857 542 927 sit,
575 857 670 914 sed
698 864 920 930 propter
947 858 1174 915 alteram
1202 856 1506 915 toleranda.
1551 856 1692 924 Quia
1737 873 1867 930 ergo
1910 873 2055 914 nova
2161 852 2454 921 thesauris,
2485 852 2739 910 diabolus
2781 851 2840 908 in
2887 851 3252 924 Redemptore
3294 858 3486 910 nostro
3535 849 3776 924 vestigia

449 945 868 1005 conversatione
895 962 1026 1002 usus
1055 946 1201 1003 inter
1227 945 1502 1015 homines,
1525 962 1705 1002 mores
1732 945 2054 1019 Babylonia:

450 1041 670 1093 secutus
698 1049 811 1092 non
839 1043 941 1105 est,
969 1035 1108 1092 bene
1127 1035 1196 1110 de
1215 1053 1280 1095 eo
1309 1036 1578 1110 scriptum
1608 1043 1724 1094 est:
1762 1037 2058 1096 Contemnit

450 1123 845 1182 multitudinem
871 1123 1116 1182 civitatis.

523 1214 612 1272 70.
649 1213 892 1271 Christus
917 1213 1309 1270 multitudinem
1353 1231 1454 1287 per
1497 1215 1734 1286 spatiosa
1784 1219 2058 1288 vagantem

452 1306 700 1363 deseruit.
731 1337 802 1348 —
830 1305 933 1362 Vel
980 1313 1124 1362 certe
1171 1303 1320 1380 quod
1366 1307 1570 1363 multos
1620 1323 1718 1378 per
1762 1306 2057 1379 spatiosam

452 1395 602 1454 viam
641 1402 902 1468 vagantes
942 1393 1206 1464 deseruit,
1237 1399 1254 1433 ί
1287 1401 1340 1450 et
1365 1411 1464 1468 per
1490 1402 1719 1468 angusta
1749 1395 2059 1467 gradientes

452 1502 654 1562 paucos
694 1485 875 1558 elegit.
917 1483 1331 1542 Multitudinem
1375 1501 1612 1559 namque
1641 1486 1884 1543 civitatis
1914 1501 2061 1544 con-

451 1582 695 1636 temnere
718 1583 798 1633 est
827 1575 1056 1634 humani
1085 1576 1298 1650 generis
1326 1585 1536 1650 partem
1567 1593 1688 1651 qua:
1717 1577 1884 1633 latam
1908 1576 2056 1632 viam

453 1669 766 1741 ingreditur
791 1669 1026 1741 :(Matth.
1053 1687 1159 1738 vn,
1186 1668 1301 1740 l3),
1342 1685 1463 1746 quas
1493 1676 1547 1724 et
1576 1685 1677 1741 pro
1716 1667 2067 1725 abundantia

455 1757 769 1833 iniquitatis
797 1758 974 1819 multa
1009 1765 1112 1830 est,
1160 1774 1193 1815 a
1237 1758 1392 1833 regni
1432 1758 1520 1816 sui
1563 1767 1708 1818 sorte
1753 1759 2063 1832 reprobate.

459 1846 723 1926 Sequitur
746 1863 760 1908 :

1039 1965 1265 2025 CAPUT
1300 1966 1483 2026 XXV.

529 2077 668 2134 Isin.
703 2105 774 2117 —
807 2073 1108 2132 Clamorem
1135 2075 1398 2132 exactoris
1425 2091 1535 2130 non
1560 2075 1734 2132 audit.

532 2166 620 2222 71.
651 2165 963 2231 Exactoris,
991 2165 1188 2221 scilicet
1216 2165 1418 2222 diaboli
1439 2167 1724 2222 clamorem
1758 2179 1868 2220 non
1891 2163 2062 2220 audi-

459 2253 554 2310 vit.
575 2254 816 2312 —Sicut
830 2270 996 2328 supra
1021 2253 1233 2311 dictum
1261 2262 1364 2324 est,
1394 2254 1520 2328 quis
1548 2253 1655 2312 hoc
1689 2255 1810 2310 loco
1838 2261 2063 2312 exactor

461 2343 636 2417 accipi
653 2342 762 2400 nisi
780 2343 1036 2402 diabolus
1057 2343 1284 2416 potest?
1313 2343 1418 2412 Qui
1450 2343 1589 2400 male
1609 2341 1891 2400 suadendo
1909 2359 2061 2416 spem

461 2431 702 2491 contulit
729 2431 1182 2502 immortalitatis,
1213 2433 1308 2490 sed
1337 2432 1665 2505 decipienda
1687 2432 1862 2505 exigit
1890 2431 2062 2488 tribu-

461 2529 580 2579 tum
612 2523 840 2591 mortis;
877 2523 973 2598 qui
1001 2522 1283 2581 suadendo
1298 2523 1492 2580 intulit
1509 2523 1750 2596 culpam,
1785 2523 1807 2558 ³
1835 2522 2064 2579 savien-

463 2613 536 2670 do
562 2613 738 2686 exigit
772 2630 1010 2687 pcenam.
1056 2613 1234 2686 Hujus
1278 2613 1555 2670 exactoris
1604 2629 1787 2669 sermo
1829 2619 1911 2668 est
1937 2618 2066 2667 ante

464 2709 700 2758 mortem
729 2701 974 2759 hominis
1003 2709 1185 2759 astuta
1211 2702 1514 2776 persuasio,
1549 2701 1758 2758 clamor
1787 2717 1920 2757 vero
1948 2699 2067 2772 ejus

465 2797 548 2847 est
588 2791 833 2848 violenta
863 2789 978 2865 jam
1026 2793 1219 2864 rapina
1263 2799 1386 2864 post
1427 2799 1681 2847 mortem.
1733 2791 1881 2858 Quos
1916 2789 2066 2846 enim

465 2888 592 2938 ante
622 2888 854 2938 mortem
885 2881 1118 2938 latenter
1145 2881 1449 2953 intercipit,
1479 2880 1581 2936 hos
1607 2879 1677 2936 ad
1705 2879 1966 2953 supplicii
1981 2878 2066 2935 sui

465 2971 806 3030 consortium
835 2979 960 3044 post
987 2977 1221 3028 mortem
1262 2970 1536 3027 violenter
1579 2969 1742 3042 rapit.
1787 2969 1894 3026 Sed
1940 2968 2070 3042 quia

465 3063 535 3120 ad
563 3071 798 3120 mortem
828 3063 1057 3120 veniens
1083 3062 1378 3132 Dominus,
1413 3061 1581 3135 hujus
1626 3061 1902 3118 exactoris
1935 3061 2070 3118 vio-

467 3153 644 3208 lentos
670 3151 908 3226 impetus
932 3167 1046 3208 non
1065 3150 1308 3224 expavit,
1332 3151 1476 3208 sicut
1496 3150 1611 3223 ipse
1631 3150 1737 3206 ait:
1771 3149 1918 3207 Venit
1933 3148 2071 3204 enim

462 3241 709 3314 princeps
753 3240 914 3311 hujus
943 3241 1131 3295 mundi
1157 3247 1206 3295 et
1231 3239 1289 3294 in
1316 3256 1398 3294 me
1431 3256 1541 3294 non
1579 3238 1730 3294 habet
1777 3237 2072 3308 quidquam

467 3330 657 3400 ('Ioan.
695 3346 815 3397 xxv,
846 3329 966 3402 30),
1012 3328 1153 3386 bene
1179 3327 1417 3386 dicitur:
1466 3328 1766 3385 Clamorem
1808 3327 2071 3383 exactoris

468 3434 575 3472 non
600 3417 772 3473 audit.
804 3416 971 3473 Venit
999 3417 1200 3490 quippe
1227 3415 1298 3473 ad
1325 3432 1450 3473 eum
1473 3424 1697 3473 exactor
1723 3413 1954 3472 humani
1985 3431 2070 3488 ge-

467 3505 637 3575 neris,
667 3504 799 3580 quia
826 3504 989 3562 illum
1017 3503 1302 3562 hominem
1331 3505 1496 3562 vidit.
1520 3504 1628 3561 Sed
1647 3521 1811 3578 quem
1837 3503 2068 3562 inﬁrmi-

467 3601 578 3652 tate
603 3593 921 3668 despectum
949 3593 1234 3652 hominem
1263 3593 1520 3664 credidit,
1544 3593 1754 3651 virtute
1782 3610 1948 3668 supra
1974 3593 2072 3650 ho-

469 3683 678 3740 minem
709 3683 902 3742 sensit.

543 3771 687 3847 [Rea
738 3771 916 3849 XVI.]
963 3773 1052 3831 72.
1099 3773 1277 3848 Hujus
1315 3773 1578 3832 exactoris
1625 3780 1800 3847 typus,
1846 3773 2032 3831 Laban
2051 3792 2074 3842 ;

472 3861 692 3933 Christi,
722 3864 922 3930 Iacob;
948 3865 1218 3932 Ecclesiae,
1254 3865 1451 3922 Rachel
1484 3863 1611 3936 fuit.
1658 3893 1730 3905 -
1769 3862 1946 3936 Hujus
1989 3863 2072 3920 ni-

468 3953 673 4010 mirum
703 3953 977 4012 exactoris
1004 3960 1201 4028 typum
1231 3954 1416 4012 Laban
1448 3954 1648 4023 tenuit,
1686 3953 1906 4026 quando
1943 3968 2070 4008 cum

468 4041 654 4100 furore
684 4043 914 4101 veniens
939 4060 1038 4102 sua
1065 4043 1212 4116 apud
1240 4043 1407 4102 Iacob
1433 4043 1582 4100 idola
1609 4041 1904 4117 requisivit
1935 4041 2075 4114 (Ge-

465 4149 576 4190 nes.
607 4149 768 4202 xxxi,
789 4133 878 4202 23,
899 4134 1055 4206 seq.).
1078 4133 1264 4192 Laban
1285 4134 1488 4208 quippe
1507 4133 1900 4205 interpretatur
1919 4129 2073 4187 deal-

466 4222 636 4280 batio.
668 4221 956 4279 Dealbatio
977 4231 1160 4278 autem
1190 4239 1304 4279 non
1332 4222 1789 4280 inconvenienter
1815 4219 2070 4276 diabolus

469 4311 774 4383 accipitur;
807 4311 904 4385 qui
931 4327 1059 4370 cum
1088 4311 1161 4368 sit
1186 4310 1508 4368 tenebrosus
1527 4327 1596 4367 ex
1616 4309 1836 4376 merito,
1859 4311 1881 4345 ³
1900 4319 2075 4367 trans-

469 4401 670 4473 ﬁgurat
698 4415 756 4456 se
795 4399 854 4456 in
889 4399 1145 4471 angelum
1187 4397 1330 4456 lucis
1375 4399 1464 4471 (ΙΙ
1510 4399 1638 4456 Cor.
1683 4397 1884 4471 11,14).
1933 4397 2076 4454 Huic

469 4489 702 4546 servivit
729 4487 914 4557 Iacob,
947 4487 1006 4544 id
1031 4496 1114 4544 est
1141 4504 1212 4544 ex
1239 4495 1392 4560 parte
1417 4488 1775 4561 reproborum
1813 4486 2077 4544 Iudaicus

471 4577 730 4652 populus,
759 4577 918 4650 cujus
951 4593 1022 4636 ex
1050 4593 1212 4636 carne
1243 4578 1561 4635 incarnatus
1595 4577 1868 4635 Dominus
1895 4576 2070 4634 venit.

2163 942 2621 1016 concupiscentia
2649 951 2880 1000 terrenae
2910 959 3020 999 non
3051 943 3273 1016 reperit,
3320 943 3428 1000 Sed
3451 960 3572 1018 quae
3604 941 3777 1000 Iacob

2165 1048 2277 1089 non
2304 1032 2518 1103 habuit,
2549 1049 2614 1090 ea
2640 1033 2841 1092 Rachel
2883 1033 3122 1090 sedendo
3163 1034 3468 1106 cooperuit.
3511 1034 3616 1090 Per
3656 1035 3781 1091 Ra-

2165 1123 2287 1180 chel
2318 1125 2541 1198 quippe,
2573 1141 2692 1198 quae
2721 1132 2775 1181 et
2803 1125 2924 1182 ovis
2951 1123 3180 1193 dicitur,
3209 1124 3459 1180 Ecclesia
3479 1123 3776 1195 ﬁguratur.

2167 1214 2364 1272 Sedere
2396 1225 2602 1286 autem,
2631 1227 2713 1274 est
2741 1216 3114 1273 humilitatem
3136 1215 3474 1290 paenitentia
3493 1222 3776 1288 appetere,

2169 1306 2312 1363 sicut
2325 1307 2589 1381 scriptum
2611 1315 2694 1364 est
2713 1326 2724 1364 :
2759 1308 2970 1380 Surgite
2983 1313 3264 1379 postquam
3285 1305 3525 1363 sederitis
3543 1306 3778 1378 (Psalm.

2171 1413 2360 1465 cxxvr,
2391 1399 2472 1470 2).
2499 1398 2700 1454 Rachel
2731 1413 2858 1470 ergo
2889 1397 3036 1454 idola
3078 1397 3319 1454 sedendo
3357 1397 3600 1470 operuit,
3647 1396 3785 1470 quia

2170 1494 2358 1543 sancta
2399 1487 2643 1544 Ecclesia
2685 1487 2967 1544 Christum
3013 1503 3245 1560 sequens
3287 1493 3519 1543 terrenae
3561 1501 3786 1542 concu-

2171 1575 2453 1649 piscentiae
2481 1577 2618 1634 vitia
2642 1576 2958 1651 paenitendo
2989 1577 3146 1634 texit.
3177 1578 3256 1633 De
3291 1575 3394 1634 hac
3419 1575 3785 1649 coopertione

2174 1669 2440 1725 vitiorum
2471 1669 2492 1704 ⁸
2519 1685 2618 1742 per
2644 1668 2988 1726 Psalmistam
3010 1668 3217 1726 dicitur
3239 1685 3251 1724 :
3276 1668 3431 1725 Beati
3449 1684 3680 1738 quorum
3702 1683 3788 1720 re-

2173 1759 2348 1814 missas
2373 1765 2498 1814 sunt
2522 1759 2848 1830 iniquitates,
2891 1765 2939 1814 et
2966 1775 3195 1830 quarunt
3237 1764 3363 1814 tecta
3413 1763 3538 1813 sunt
3565 1761 3789 1828 peccata

2180 1850 2353 1922 (Psal.
2384 1867 2549 1920 XXXI,
2583 1850 2659 1922 1).
2699 1850 2810 1906 Nos
2847 1848 3021 1922 igitur
3054 1849 3258 1907 Rachel
3289 1849 3388 1906 illa
3412 1853 3558 1913 989
3586 1847 3790 1920 signa-

2089 1945 2138 2006 B
2169 1950 2274 2016 vit,
2305 1948 2402 2023 qui
2430 1949 2581 2005 idola
2606 1947 2848 2005 sedendo
2877 1948 3203 2022 premimus,
3235 1948 3284 2004 si
3313 1948 3505 2020 culpas
3533 1945 3790 2002 avaritia:

2168 2037 2489 2114 paenitendo
2519 2037 2865 2095 damnamus.
2895 2037 3028 2106 Quae
3056 2035 3250 2110 utique
3279 2034 3516 2092 avaritia
3534 2033 3650 2090 illis
3671 2047 3786 2088 non

2169 2129 2308 2186 solet
2333 2126 2577 2197 evenire,
2615 2126 2710 2202 qui
2752 2127 2811 2184 in
2849 2125 2941 2182 via
2985 2126 3212 2182 Domini
3243 2124 3483 2182 viriliter
3527 2127 3788 2190 currunt,

2171 2219 2374 2294 quibus
2402 2219 2646 2276 dicitur:
2689 2219 2929 2278 Viriliter
2955 2219 3114 2290 agite,
3145 2223 3193 2274 et
3221 2215 3558 2287 confortetur
3585 2229 3680 2268 cor
3708 2229 3791 2268 ve-

2171 2316 2342 2365 strum
2373 2308 2547 2382 (Psal.
2577 2325 2719 2378 xxx,
2742 2309 2859 2381 25),
2881 2307 2974 2364 sed
2996 2307 3086 2364 his
3104 2305 3347 2363 maxime
3366 2303 3464 2380 qui
3483 2302 3644 2377 quasi
3660 2301 3790 2358 effe-

2173 2399 2381 2455 minato
2411 2414 2598 2472 gressu
2626 2398 2935 2471 gradientes
2963 2412 3061 2470 per
3081 2394 3467 2454 blandimenta
3493 2390 3686 2450 saeculi
3707 2407 3790 2447 re-

2171 2489 2484 2546 solvuntur.
2503 2487 2658 2544 Unde
2686 2493 2741 2542 et
2769 2487 2886 2544 illic
2913 2484 3160 2558 ejusdem
3188 2483 3443 2542 Rachelis
3471 2481 3592 2540 hac
3620 2479 3794 2538 verba

2173 2587 2334 2635 sunt:
2366 2578 2535 2634 quta
2573 2577 3000 2633 consuetudinem
3040 2574 3368 2646 feminarum
3406 2589 3548 2628 nunc
3592 2569 3794 2627 accidit

2173 2669 2302 2725 mihi
2330 2671 2356 2741 (
2366 2670 2546 2726 Genes.
2575 2683 2738 2736 xxxr,
2764 2667 2879 2738 35).
2903 2665 3068 2738 Apud
3090 2663 3258 2722 Iacob
3273 2680 3402 2735 ergo
3421 2661 3574 2720 idola
3589 2660 3784 2717 Laban

2175 2778 2287 2818 non
2319 2760 2538 2832 reperit,
2574 2759 2704 2832 quia
2731 2765 2956 2814 exactor
2991 2755 3228 2814 callidus
3265 2753 3403 2828 quid
3435 2753 3494 2810 in
3538 2749 3792 2810 Redem-

2175 2857 2330 2924 ptore
2386 2855 2576 2905 nostro
2620 2846 3063 2920 reprehenderet,
3108 2861 3220 2902 non
3265 2843 3501 2900 invenit.
3551 2843 3632 2898 De
3680 2856 3794 2914 quo

2175 2947 2428 2996 exactore
2456 2935 2808 3010 Redemptori
2838 2943 3027 2992 nostro
3054 2933 3420 3008 gentilitatem
3448 2930 3519 2988 ab
3549 2928 3672 3002 ejus
3694 2927 3794 2985 do-

2178 3029 2354 3088 minio
2382 3027 2637 3085 liberanti
2671 3042 2765 3100 per
2792 3025 3115 3098 prophetam
3144 3023 3352 3080 dicitur
3376 3039 3388 3078 :
3421 3021 3621 3092 Iugum
3651 3018 3794 3074 enim

2177 3119 2353 3177 oneris
2397 3117 2532 3188 ejus,
2561 3123 2609 3172 et
2635 3117 2841 3188 virgam
2877 3114 3083 3170 humeri
3109 3113 3244 3183 ejus,
3275 3117 3324 3168 et
3347 3116 3608 3182 sceptrum
3647 3125 3796 3164 exa-

2177 3210 2336 3266 ctoris
2361 3210 2474 3281 ejus
2502 3207 2788 3280 superasti,
2815 3207 2951 3262 sicut
2968 3206 3026 3260 in
3045 3204 3130 3261 die
3154 3203 3380 3262 Madian
3407 3199 3563 3274 (Isai.
3598 3215 3682 3267 xx,
3704 3197 3790 3268 4).

2098 3307 2143 3368 C
2176 3301 2432 3374 Eripiens
2459 3298 2664 3372 quippe
2693 3296 3052 3370 gentilitatem
3076 3291 3370 3360 Dominus,
3399 3286 3684 3363 superavit
3696 3285 3794 3358 ju-

2180 3408 2309 3465 gum
2348 3389 2533 3446 oneris
2569 3385 2709 3460 ejus,
2741 3401 2869 3442 cum
2896 3401 3016 3440 eam
3045 3383 3288 3440 adventu
3318 3397 3418 3438 suo
3445 3379 3512 3436 ab
3541 3379 3641 3435 illa
3667 3377 3798 3434 dae-

2180 3482 2444 3540 moniacae
2461 3477 2776 3553 tyrannidis
2787 3477 3052 3534 servitute
3073 3474 3350 3532 liberavit.
3369 3471 3664 3546 Superavit
3678 3469 3796 3526 vir-

2181 3589 2303 3646 gam
2329 3569 2544 3627 humeri
2575 3569 2715 3643 ejus,
2741 3569 2764 3605 ⁶
2791 3584 2919 3626 cum
2941 3565 3351 3640 percussionem
3379 3562 3553 3630 illius,
3574 3577 3698 3635 quae
3718 3576 3799 3617 ex

2181 3679 2439 3738 perverso
2467 3677 2629 3734 opere
2659 3659 2900 3734 graviter
2929 3656 3293 3730 deprimebat,
3327 3653 3396 3711 ab
3425 3653 3673 3710 humano
3703 3669 3798 3725 ge-

2180 3770 2310 3811 nere
2330 3755 2350 3790 ⁷
2369 3751 2652 3824 redempto
2677 3748 3035 3822 compescuit.
3053 3745 3346 3820 Superavit
3361 3751 3642 3818 sceptrum
3662 3759 3798 3799 exa-

2181 3846 2348 3906 ctoris
2362 3843 2502 3918 ejus,
2521 3859 2648 3901 cum
2670 3858 2897 3915 regnum
2913 3839 3160 3912 ejusdem
3180 3837 3412 3907 diaboli,
3427 3834 3523 3910 qui
3549 3850 3650 3908 pro
3669 3849 3797 3907 pes-

2181 3939 2344 3996 tifera
2387 3934 2794 4010 perpetratione
2848 3932 3116 3989 vitiorum
3163 3929 3382 4002 exigere
3425 3933 3800 3986 consueverat

2181 4026 2366 4086 debita
2393 4025 2602 4082 tributa
2615 4039 2924 4097 poenarum,
2941 4020 3009 4078 de
3029 4021 3279 4078 fidelium
3303 4016 3468 4076 corde
3487 4015 3796 4074 destruxit.

2255 4116 2395 4192 [Vet.
2451 4114 2686 4180 XXXII,
2743 4114 2864 4171 Rec.
2914 4109 3122 4185 XVII.]
3167 4108 3253 4166 73.
3307 4105 3563 4166 Gedeonis
3603 4109 3800 4161 contra

2181 4207 2509 4268 Madianitas
2534 4204 2764 4260 insolens
2777 4218 2982 4275 pugna,
3007 4199 3206 4258 Christi
3225 4206 3484 4255 certamen
3497 4195 3799 4270 prrssigna-

2183 4298 2277 4355 vit.
2308 4327 2379 4338 —
2405 4293 2511 4352 Sed
2539 4291 2816 4369 quomodo
2843 4290 2964 4349 haec
2989 4299 3113 4350 acta
3137 4298 3270 4348 sunt
3295 4288 3605 4346 audiamus.
3638 4284 3800 4342 Sub—

2178 4389 2436 4463 junctum
2465 4395 2548 4443 est
2584 4383 2771 4442 illico:
2811 4385 2959 4442 Sicut
2983 4383 3044 4439 in
3070 4383 3154 4438 die
3181 4381 3425 4440 Madian.
3455 4380 3579 4437 Non
3607 4377 3708 4435 abs
3737 4393 3802 4433 re

2183 4479 2422 4538 arbitror
2447 4479 2494 4536 si
2525 4477 2631 4536 hoc
2647 4475 3072 4534 Madianitarum
3087 4474 3298 4532 bellum
3318 4471 3541 4547 quodin
3563 4485 3797 4541 compa-

2183 4571 2396 4629 ratione
2414 4570 2683 4628 adventus
2701 4567 2980 4626 Dominici
3009 4585 3042 4624 a
3069 4556 3338 4640 propheta
3349 4561 3654 4636 vigilanter
3674 4560 3798 4617 illa-

435 4649 656 4730 .i’otest
681 4649 848 4726 etiam
883 4687 979 4744 per
1014 4671 1200 4728 Laban
1247 4671 1488 4728 mundus
1533 4670 1628 4728 hic
1666 4669 1927 4743 exprimi,
1977 4669 2073 4742 qui
2103 4668 2150 4727 D
2185 4669 2300 4717 tum
2333 4669 2415 4718 est
2439 4657 2736 4734 aliqmndo
2767 4657 2933 4714 latius
2959 4655 3312 4744 disseramus.
3334 4652 3398 4708 In
3416 4650 3560 4708 libro
3588 4649 3798 4744 qnippe

469 4777 595 4818 cum
624 4761 812 4818 furore
837 4761 1004 4818 Iacob
1033 4760 1398 4836 persequitur,
1443 4761 1573 4834 quia
1596 4761 1800 4818 electos
1827 4775 2075 4834 quosque

469 4849 567 4924 qui
594 4849 976 4925 Redemptoris
1018 4849 1194 4907 nostri
1233 4849 1478 4907 membra
1515 4857 1666 4918 sunt,
1697 4847 2074 4922 persequendo

469 4940 780 5014 opprimere
809 4948 1059 4997 conatur.
1084 4941 1108 4976 ‘
1137 4941 1316 5014 Hujus
1343 4940 1540 5010 ﬁliam,
1571 4939 1629 4995 id
1657 4947 1740 4996 est
1768 4940 1886 4996 sive
1915 4955 2074 4995 mun-

459 5029 551 5099 di,
579 5031 698 5088 sive
728 5030 958 5100 diaboli,
987 5030 1155 5088 Iacob
1191 5030 1444 5098 abstulit,
1492 5045 1619 5086 cum
1665 5027 1773 5085 sibi
1821 5027 2076 5086 Christus

470 5119 770 5176 Ecclesiam
789 5136 861 5178 ex
889 5119 1196 5192 gentilitate
1211 5117 1525 5191 conjunxit.
1549 5119 1724 5186 Quam
1745 5124 1802 5173 et
1820 5116 1886 5173 de
1909 5116 2075 5174 domo

471 5209 642 5281 patris
669 5208 960 5280 abstrahit,
989 5209 1122 5284 quia
1147 5207 1198 5266 ei
1221 5225 1319 5282 per
1344 5207 1676 5281 Prophetam
1706 5205 1846 5263 dicit
1870 5223 1882 5262 :
1918 5205 2078 5263 Obli-

470 5297 662 5353 viscere
683 5300 942 5370 populum
985 5306 1154 5366 tuum,
1191 5304 1240 5354 et
1285 5299 1499 5354 domum
1538 5297 1716 5368 patris
1768 5295 1848 5351 tui
1890 5296 2072 5366 (Psal.

471 5399 624 5454 xmv,
658 5387 771 5458 li).
802 5387 950 5456 Quid
976 5405 1109 5446 vero
1135 5387 1193 5445 in
1217 5385 1403 5458 idolis,
1437 5387 1548 5444 nisi
1575 5384 1811 5442 avaritia
1829 5385 2076 5458 designa-

549 5574 762 5658 ‘_Corb.
795 5575 1004 5658 Germ.,
1023 5577 1268 5648 Ebroic.,
1301 5577 1506 5654 aliique
1533 5579 1751 5646 Norm.,
1783 5583 1834 5634 et
1853 5593 1954 5650 per
1979 5593 2074 5634 an-

472 5653 700 5720 gustam,
729 5665 810 5720 se.
842 5653 1004 5706 viam.

546 5721 567 5754 ³
597 5718 812 5794 haud,
827 5720 1097 5794 serviendo
1128 5721 1312 5794 intulit
1333 5739 1564 5794 pwnam.

544 5794 565 5828 ³
594 5791 836 5864 Nonnul.
867 5791 998 5860 Ed.,
1032 5791 1383 5864 transﬁgurat
1407 5809 1460 5848 se
1489 5794 1627 5849 velut
1653 5809 1711 5848 in
1738 5794 1999 5864 angelum.

543 5865 565 5936 β
595 5862 782 5936 Laud.
801 5870 858 5919 et
884 5864 1010 5920 Val.
1031 5863 1138 5930 CL,
1161 5862 1320 5933 hujus
1349 5863 1537 5936 ﬁliam,
1568 5864 1626 5918 id
1645 5869 1718 5920 est
1748 5862 1954 5932 mundi,
1983 5864 2073 5922 Ia-

473 5934 560 5990 cob
588 5935 826 5992 abstulit.

2179 4749 2439 4808 Iudicum
2471 4749 2670 4821 (ludio.
2702 4765 2806 4818 vn,
2839 4747 2865 4804 1
2897 4747 3038 4818 seq.)
3070 4789 3085 4815 ,
3116 4743 3339 4802 Gedeon
3367 4750 3560 4799 contra
3588 4739 3796 4797 Madia-

2183 4842 2327 4899 nitas
2355 4839 2647 4896 dimicasse
2669 4836 3021 4894 describitur.
3053 4837 3104 4893 Is
3133 4851 3258 4892 cum
3289 4831 3569 4890 exercitus
3590 4829 3799 4887 multi-

2182 4930 2433 4988 tudinem
2457 4929 2528 4986 ad
2554 4929 2701 4987 bella
2718 4927 3065 5001 produceret,
3095 4925 3288 4984 divina
3303 4924 3389 4982 illi
3410 4922 3798 4981 admonitione

2184 5030 2517 5096 praeceptum
2560 5027 2645 5078 est
2685 5027 2749 5076 ut
2779 5017 2849 5075 ad
2877 5016 3112 5074 ﬂuvium
3142 5015 3392 5084 veniens,
3432 5030 3628 5072 omnes
3657 5029 3797 5086 quos

2183 5115 2344 5170 ﬂexis
2363 5110 2594 5186 genibus
2623 5127 2791 5185 aquas
2812 5108 3035 5166 haurire
3060 5106 3423 5180 conspiceret,
3453 5119 3486 5160 a
3513 5103 3795 5161 bellorum

2185 5203 2446 5262 conﬂictu
2477 5208 2803 5260 removeret.
2837 5201 2860 5237 ³
2887 5202 3197 5273 Actumque
3226 5206 3309 5255 est
3329 5205 3392 5253 ut
3419 5194 3652 5253 trecenti
3686 5193 3796 5251 viri

2186 5290 2593 5359 tantummodo,
2629 5289 2726 5363 qui
2753 5295 2958 5346 stantes
2987 5287 3244 5345 manibus
3269 5303 3440 5362 aquas
3470 5285 3793 5352 hauserant,

2187 5387 2553 5440 remanerent.
2573 5379 2712 5438 Cum
2733 5378 2822 5436 his
2849 5379 2919 5436 ad
2947 5378 3199 5451 praelium
3229 5376 3428 5450 pergit,
3456 5391 3663 5450 eosque
3683 5389 3795 5432 non

2257 5577 2280 5652 εξ
2311 5573 2548 5652 Yindoc.
2573 5572 2832 5652 etCorb.
2867 5571 3078 5639 Germ.,
3097 5587 3200 5652 per
3221 5569 3556 5642 prophetam.

2257 5648 2280 5684 ⁶
2309 5647 2545 5729 Quidam
2573 5643 2702 5712 Ed.,
2731 5661 2848 5700 cum
2869 5643 3299 5713 persecutionem.

2257 5719 2278 5755 ⁷
2310 5719 2478 5776 Gilot.
2507 5725 2562 5774 et
2589 5719 2660 5772 al.
2692 5716 2824 5776 Ed.,
2853 5715 3184 5776 Redemptor.

2259 5719 2278 5755 ⁷
2310 5719 2478 5776 Gilot.
2507 5725 2562 5774 et
2589 5719 2660 5772 al.
2692 5717 2824 5782 Ed.,
2853 5717 3184 5785 Redemptor.

2259 5791 2280 5826 ⁸
2308 5791 2521 5857 Norm.,
2566 5788 2691 5844 Val.
2737 5787 2819 5846 Cl.
2873 5795 2928 5844 et
2971 5783 3250 5854 nonnulli,
3296 5787 3575 5855 actumque
3612 5791 3710 5855 est,
3747 5790 3796 5840 et

2186 5862 2416 5919 trecenti.
2428 5905 2440 5918 .
2453 5903 2464 5919 .
2493 5864 2884 5917 remanserunt.
