3936 6374
185 446 281 504 565
869 441 1244 501 MORALIUM
1282 441 1418 500 LIB.
1460 440 1644 498 XXX.
1682 469 1754 484 -—
1790 441 1864 498 IN
1899 439 2129 499 CAPUT
2167 441 2411 500 XXXIX
2449 444 2513 501 Β.
2553 445 2696 502 JOB.

3363 451 3474 512 566

180 572 355 641 armis,
373 570 466 628 sed
479 569 650 640 tubis,
670 570 1018 644 lampadibus
1033 579 1086 627 et
1106 571 1313 644 lagenis
1329 569 1562 626 armavit
1578 568 1767 640 (Ibid,
1793 571 1845 631 Α
1877 584 1982 625 nus
2010 577 2197 627 noster
2233 567 2580 627 adversarius
2607 570 2737 628 ﬁdei
2777 573 2798 608 ⁷
2842 571 3096 645 destruit,
3126 591 3254 635 cum
3283 577 3375 636 his
3402 579 3472 638 ad

180 665 260 730 l9,
287 663 440 734 seq.).
463 663 624 731 Nam,
640 661 783 720 sicut
804 662 921 718 illic
949 662 1215 734 scriptum
1236 668 1336 729 est,
1358 676 1610 718 accensas
1631 659 1764 715 lam-

177 752 326 827 pades
355 752 621 808 miserunt
639 753 782 807 intra
813 753 1150 824 lagunculas,
1184 759 1238 807 et
1267 750 1428 806 tubas
1458 751 1515 806 in
1545 751 1760 819 dextra,

178 842 377 914 lagenas
422 849 605 896 autem
650 841 710 896 in
753 839 981 901 sinistra
1019 847 1345 905 tenuerunt;
1378 846 1431 894 et
1468 837 1537 894 ad
1581 839 1766 894 hostes

175 947 288 986 suos
315 928 565 986 cominus
588 929 898 998 venientes,
927 929 1248 986 cecinerunt
1278 927 1448 996 tubis,
1487 928 1764 1000 confrege-

175 1027 290 1076 runt
339 1019 720 1091 lagunculas,‘
767 1019 1048 1092 lampades
1100 1027 1503 1091 apparuerunt;
1555 1025 1609 1075 et
1632 1018 1766 1076 hinc

173 1109 411 1165 tubarum
459 1107 672 1176 sonitu,
688 1108 848 1164 illinc
860 1108 1173 1181 lampadum
1188 1109 1569 1165 coruscatione
1585 1109 1763 1164 territi

174 1197 364 1265 hostes,
395 1205 525 1253 sunt
556 1197 613 1253 in
644 1198 829 1270 fugam
858 1198 1135 1253 conversi.
1178 1197 1324 1265 Quid
1355 1198 1460 1253 hoc
1491 1205 1591 1265 est,
1617 1196 1765 1270 quod

172 1287 268 1342 tale
293 1285 498 1342 bellum
530 1302 630 1358 per
652 1286 977 1358 prophetam
1003 1286 1071 1342 ad
1102 1287 1346 1343 medium
1374 1285 1689 1354 adducitur,
1711 1292 1765 1341 et

170 1375 416 1430 adventui
445 1374 833 1447 Redemptoris
889 1375 1067 1430 nostri
1107 1375 1269 1431 istius
1298 1391 1492 1448 pugnae
1529 1374 1764 1430 victoria

170 1465 551 1536 comparatur?
579 1467 666 1520 An
722 1465 968 1521 indicare
1016 1464 1283 1537 propheta
1319 1465 1481 1521 nobis
1527 1463 1760 1533 studuit,

169 1553 301 1626 quod
320 1553 624 1610 adventum
656 1553 1041 1626 Redemptoris
1065 1554 1238 1609 nostri
1268 1561 1460 1610 contra
1479 1552 1760 1608 diabolum

168 1643 254 1698 illa
271 1642 368 1698 sub
391 1641 617 1698 Gedeon
641 1642 780 1698 duce
802 1659 997 1714 pugna
1023 1643 1256 1698 victoria
1279 1641 1633 1715 designavit?
1667 1642 1762 1697 Ta-

168 1732 232 1787 lia
255 1732 366 1787 illic
394 1732 666 1787 nimirum
697 1741 818 1788 acta
845 1741 995 1800 sunt,
1025 1748 1145 1804 qua:
1165 1739 1371 1805 quanto
1401 1731 1574 1803 magis
1602 1747 1762 1787 usum

169 1819 431 1892 pugnandi
473 1827 786 1888 transeunt,
838 1827 995 1876 tanto
1050 1821 1290 1892 amplius
1336 1836 1367 1874 a
1398 1817 1763 1891 prophetandi

1875 657 2281 732 praedicationis
2304 657 2448 715 bella
2466 657 2768 730 descendit,
2792 662 2887 734 qui
2915 674 3146 735 possunt
3173 666 3365 725 divina
3383 686 3471 727 co-

1875 764 2152 820 gnoscere,
2199 749 2294 821 qui
2347 749 2530 805 sciunt
2574 748 2641 806 de
2683 749 2970 820 Trinitate,
3014 771 3134 828 quae
3175 758 3320 814 Deus
3367 765 3468 828 est,

1873 837 2114 909 perfecta
2158 839 2382 894 sentire.
2414 839 2728 896 Notandum
2773 857 2903 897 vero
2946 850 3028 899 est
3065 845 3195 916 quia
3223 845 3326 902 iste
3352 856 3473 904 tre-

1873 935 2161 983 centorum
2199 943 2462 984 numerus
2504 929 2560 984 in
2605 939 2698 986 tau
2737 930 2922 986 littera
2965 933 3304 1003 continetur,
3352 953 3472 1009 qua

1873 1017 2056 1073 crucis
2091 1018 2324 1091 speciem
2364 1026 2532 1075 tenet.
2566 1019 2667 1077 Cui
2713 1021 2760 1076 si
2807 1037 2970 1094 super
3006 1029 3372 1082 transversam
3400 1026 3472 1082 li-

1874 1124 2032 1163 neam
2079 1107 2137 1164 id
2177 1109 2323 1181 quod
2365 1110 2421 1164 in
2453 1126 2614 1166 cruce
2643 1110 2849 1167 eminet
2878 1111 3192 1182 adderetur,
3223 1131 3332 1171 non
3356 1113 3473 1187 jam

1874 1198 2054 1253 crucis
2098 1199 2326 1270 species,
2356 1198 2450 1254 sed
2500 1199 2615 1271 ipsa
2663 1216 2801 1256 crux
2843 1208 3002 1258 esset.
3036 1202 3177 1270 Quia
3213 1220 3342 1276 ergo
3371 1204 3475 1261 iste

1875 1294 2244 1343 trecentorum
2295 1304 2558 1344 numerus
2601 1289 2658 1344 in
2705 1297 2798 1346 tau
2842 1291 3023 1348 littera
3052 1292 3387 1362 continetur,
3420 1301 3476 1351 et

1873 1391 1970 1446 per
1994 1383 2089 1431 tau
2119 1376 2379 1446 litteram,
2411 1377 2554 1434 sicut
2575 1377 2843 1448 diximus,
2865 1381 3072 1452 species
3091 1382 3274 1439 crucis
3294 1390 3474 1439 osten-

1872 1465 2045 1534 ditur,
2082 1482 2192 1520 non
2222 1466 2501 1522 immerito
2541 1467 2598 1522 in
2632 1467 2718 1524 his
2748 1471 3006 1527 trecentis
3036 1469 3345 1526 Gedeonem
3377 1488 3474 1528 se-

1873 1554 2168 1628 quentibus
2198 1555 2281 1611 illi
2310 1555 2579 1628 designati
2609 1565 2756 1626 sunt,
2790 1558 2990 1632 quibus
3016 1559 3229 1616 dictum
3260 1567 3342 1616 est
3367 1577 3378 1615 :
3415 1561 3475 1617 Si

1872 1645 1990 1715 quis
2021 1645 2133 1700 vult
2154 1651 2278 1716 post
2306 1663 2382 1700 me
2410 1646 2602 1710 venire,
2635 1647 2847 1719 abneget
2875 1650 3221 1720 semetipsum,
3245 1656 3293 1705 et
3321 1651 3475 1706 tollat

1873 1751 2076 1790 crucem
2104 1751 2277 1802 suam,
2313 1744 2362 1792 et
2400 1743 2653 1806 sequatur
2688 1755 2767 1792 me
2795 1739 2946 1811 (Luc.
2986 1755 3066 1808 ix,
3088 1739 3200 1812 23).
3242 1739 3348 1807 Qui
3379 1756 3474 1796 se-

1873 1832 2100 1896 quentes
2116 1825 2414 1880 Dominum
2431 1833 2584 1882 tanto
2603 1827 2785 1882 verius
2801 1842 3020 1882 crucem
3038 1828 3474 1901 tollunt,quanto

171 1909 416 1980 mysterio
445 1925 564 1965 non
590 1909 874 1966 recedunt.
918 1909 1053 1977 Quis
1081 1910 1230 1965 enim
1261 1925 1505 1981 unquam
1531 1925 1654 1965 cum
1689 1910 1762 1963 la-
1791 1929 1836 1990 Β
1871 1914 2053 1970 acrius
2083 1922 2136 1970 et
2165 1930 2222 1970 se
2268 1913 2548 1982 edomant,
2577 1923 2630 1970 et
2659 1930 2784 1986 erga
2813 1915 3096 1988 proximos
3124 1933 3252 1972 suos
3282 1916 3476 1972 chari-

170 1997 306 2069 genis
335 2005 388 2054 et
416 1998 769 2071 lampadibus
784 1999 852 2055 ad
883 1999 1136 2072 praelium
1168 1999 1374 2054 venit?
1401 1997 1541 2066 Quia
1570 2005 1762 2054 contra

169 2111 306 2150 arma
345 2097 599 2166 veniens,
648 2113 800 2153 arma
841 2097 1133 2153 deseruit?
1170 2096 1426 2154 Ridicula
1455 2095 1616 2152 nobis
1645 2094 1763 2152 haec

171 2184 399 2256 profecto
429 2185 675 2254 fuerant,
703 2185 749 2241 si
803 2185 1079 2242 terribilia
1099 2185 1352 2242 hostibus
1374 2201 1484 2241 non
1507 2184 1760 2240 fuissent.

170 2273 262 2329 Sed
289 2274 527 2330 victoria
555 2273 673 2347 ipsa
699 2282 931 2332 testante
970 2275 1292 2344 didicimus,
1323 2275 1347 2311 ³
1376 2291 1444 2330 ne
1473 2273 1626 2347 parvi
1645 2273 1764 2330 haec

170 2379 277 2434 quae
310 2363 454 2420 facta
484 2372 615 2419 sunt
630 2364 1047 2437 perpendamus.
1076 2365 1297 2422 Gedeon
1329 2365 1512 2436 itaque
1532 2363 1600 2419 ad
1630 2379 1762 2434 prae-

171 2449 294 2504 lium
324 2451 578 2518 veniens,
608 2451 993 2525 Redemptoris
1030 2453 1205 2509 nostri
1234 2453 1414 2524 signat
1438 2451 1760 2518 adventum,

170 2543 301 2603 990
322 2539 390 2598 de
410 2559 524 2616 quo
569 2543 837 2615 scriptum
857 2551 940 2600 est
965 2562 976 2600 :
1015 2546 1203 2600 Tollite
1216 2545 1454 2616 portas,3
1472 2543 1762 2614 principes,

171 2644 376 2707 vestras,
416 2647 466 2696 et
491 2641 768 2696 elevamini
792 2648 964 2714 porta:
986 2643 1278 2710 (etei-nales,
1316 2648 1364 2697 et
1387 2641 1626 2697 introibit
1666 2657 1764 2695 rex

169 2728 358 2798 glorise.
369 2729 506 2798 Quis
515 2736 591 2785 est
605 2731 700 2785 iste
710 2748 808 2785 rex
822 2732 1037 2803 glorise?
1057 2732 1313 2787 Dominus
1332 2730 1490 2801 fortis
1500 2737 1547 2785 et
1559 2737 1764 2802 potens,

170 2817 416 2873 Dominus
429 2824 619 2888 potens
637 2819 694 2872 in
699 2819 891 2890 praelia
907 2820 1060 2889 (Psal
1069 2820 1403 2890 .xxm,7,8)‘
1417 2819 1518 2874 Hic
1538 2818 1764 2874 Redem-

169 2911 368 2975 ptorem
393 2913 647 2961 nostrum
670 2923 778 2963 non
809 2907 984 2962 solum
1014 2923 1197 2979 opere,
1220 2906 1314 2963 sed
1345 2907 1508 2962 etiam
1541 2905 1765 2962 nomine

171 2994 529 3067 prophetavit.
546 2995 767 3051 Gedeon
784 3012 906 3051 nam
915 3012 1020 3068 que
1034 2996 1425 3068 interpretatur
1434 2993 1766 3051 circumiens

171 3082 224 3139 in
254 3092 431 3141 utero.
456 3084 731 3140 Dominus
751 3084 900 3141 enim
922 3093 1109 3141 noster
1133 3101 1228 3157 per
1255 3084 1556 3157 majestatis
1576 3092 1767 3157 poten-

172 3174 293 3230 tiam
322 3174 516 3231 omnia
540 3174 947 3247 complectitur,
977 3183 1032 3231 et
1060 3185 1244 3232 tamen
1277 3191 1371 3248 per
1406 3173 1765 3247 dispensatio-

171 3268 249 3324 nis
265 3267 500 3341 gratiam
529 3268 676 3323 intra
695 3275 916 3324 uterum
942 3267 1190 3341 Virginis
1218 3270 1238 3303 δ
1267 3265 1664 3324 humanitatem
1678 3284 1766 3323 su-
1797 3287 1842 3348 ο

171 3376 312 3417 mens
340 3360 521 3417 venit.
554 3359 688 3428 Quis
727 3367 810 3415 est
846 3375 974 3432 ergo
995 3360 1328 3417 circumiens
1367 3360 1423 3414 in
1454 3367 1630 3427 utero,
1657 3360 1765 3415 nisi

170 3451 514 3524 omnipotens
563 3450 709 3505 Deus
745 3465 845 3504 sua
874 3448 1282 3522 dispensatione
1330 3465 1431 3505 nos
1466 3449 1762 3518 redimens,

171 3541 454 3599 divinitate
477 3549 678 3598 cuncta
692 3541 1082 3613 complectens,
1104 3551 1158 3598 et
1185 3540 1586 3597 humanitatem
1620 3540 1766 3596 intra

170 3641 377 3690 uterum
408 3632 683 3690 sumens?
720 3633 782 3687 In
815 3648 924 3705 quo
951 3639 1108 3688 utero
1140 3639 1194 3688 et
1225 3632 1543 3688 incarnatus
1587 3638 1688 3699 est,
1713 3637 1766 3686 et

169 3722 372 3779 clausus
401 3738 520 3778 non
543 3729 646 3789 est,
678 3721 809 3794 quia
832 3728 886 3777 et
916 3721 1061 3778 intra
1081 3729 1301 3777 uterum
1327 3721 1434 3776 fuit
1463 3737 1559 3792 per
1595 3719 1766 3776 inﬁr-

171 3811 364 3870 mitatis
391 3811 786 3879 substantiam,
817 3818 872 3867 et
901 3813 922 3847 ⁸
951 3817 1114 3867 extra
1153 3810 1421 3866 mundum
1455 3828 1551 3883 per
1578 3817 1771 3883 poten-

173 3898 294 3957 tiam
332 3900 661 3974 majestatis.
692 3899 911 3956 Madian
932 3915 1065 3956 vero
1095 3899 1488 3972 interpretatur
1513 3899 1580 3955 de
1603 3899 1767 3972 judi-

171 3991 265 4047 cio.
298 3992 367 4049 Ut
407 3992 564 4048 enim
611 3991 798 4047 hostes
830 3990 950 4063 ejus
990 3991 1292 4064 repellendi
1339 3990 1766 4062 destruendique

171 4089 360 4151 essent,
391 4098 509 4139 non
540 4080 608 4137 de
638 4081 779 4137 vitio
802 4081 1121 4154 repellentis
1154 4080 1249 4137 sed
1282 4081 1349 4137 de
1381 4079 1596 4152 judicio
1619 4079 1767 4152 juste

167 4165 460 4238 judicantis
487 4169 613 4225 fuit.
657 4170 730 4226 Et
761 4169 968 4226 idcirco
989 4169 1057 4226 de
1081 4168 1296 4242 judicio
1326 4175 1616 4237 vocantur,
1639 4167 1769 4241 quia

171 4255 371 4314 alienia
398 4257 580 4332 gratia
608 4257 1013 4330 Redemptoris,
1035 4256 1200 4330 justas
1240 4257 1616 4314 damnationis
1646 4271 1764 4312 me-

171 4347 326 4405 ritum
355 4350 525 4406 etiam
557 4348 615 4404 in
649 4349 918 4406 vocabulo
947 4348 1194 4406 nominis
1219 4347 1468 4405 trahunt.

237 4461 369 4537 [Vet.
402 4463 670 4522 XXXIII.
697 4463 720 4539 ]
753 4463 840 4521 74.
871 4462 1011 4533 Quid
1030 4463 1322 4537 signiﬁcent
1344 4463 1557 4519 trecenti
1577 4461 1768 4519 milites

173 4570 278 4608 cum
307 4555 539 4612 Gedeone
572 4551 1203 4626 pugnantes.—Contra
1239 4552 1341 4609 hos
1379 4552 1601 4610 Gedeon
1640 4568 1767 4608 cum

1873 2002 2002 2058 tatis
2046 2003 2422 2076 compassione
2460 2003 2795 2061 cruciantur.
2830 2004 2982 2061 Unde
3012 2013 3065 2062 et
3095 2023 3190 2079 per
3218 2007 3476 2064 Ezechie-

1873 2091 1980 2147 lem
2013 2091 2336 2165 prophetam
2357 2092 2562 2150 dicitur
2596 2111 2607 2149 :
2644 2095 2804 2166 Signa
2829 2101 2918 2150 tau
2938 2111 3096 2167 super
3114 2095 3316 2166 frontes
3336 2097 3476 2152 viro-

1873 2200 1996 2238 rum
2021 2185 2330 2256 gementium
2359 2191 2407 2239 et
2432 2184 2718 2240 dolentium
2750 2185 2964 2256 (Ezech.
2994 2203 3073 2255 1x,
3097 2186 3177 2259 4).
3207 2188 3305 2243 Vel
3328 2195 3476 2245 certe

1876 2273 1933 2328 in
1965 2272 2052 2329 his
2082 2275 2360 2341 trecentis,
2398 2274 2491 2346 qui
2538 2274 2592 2329 in
2623 2283 2716 2331 tau
2748 2275 2931 2331 littera
2958 2275 3338 2346 continentur,
3369 2277 3476 2334 hoc

1875 2363 2226 2434 exprimitur,
2259 2362 2406 2435 quod
2437 2363 2642 2418 ferrum
2673 2362 2917 2420 hostium
2940 2364 3120 2420 crucis
3146 2366 3298 2436 ligno
3318 2383 3474 2440 supe-

1875 2461 2044 2507 retur.
2077 2450 2350 2525 Ductique
2379 2459 2510 2507 sunt
2535 2451 2604 2508 ad
2631 2452 2885 2521 ﬂuvium,
2919 2461 2980 2508 ut
3011 2469 3178 2526 aquas
3199 2453 3473 2525 biberent,

1874 2549 1929 2597 et
1957 2541 2270 2614 quicunque
2298 2557 2467 2615 aquas
2504 2540 2664 2597 ﬂexis
2693 2539 2923 2614 genibus
2960 2540 3281 2612 hauserunt,
3304 2560 3336 2599 a
3363 2543 3474 2601 bel-

1875 2635 1982 2690 lica
2010 2634 2316 2690 intentione
2346 2634 2542 2690 remoti
2572 2643 2719 2692 sunt.
2743 2634 2918 2706 Aquis
2946 2651 3201 2708 namque,
3225 2634 3478 2693 doctrina

1877 2724 2192 2795 sapientiae;
2233 2733 2412 2781 stante
2455 2733 2636 2781 autem
2669 2741 2832 2798 genu,
2864 2733 3012 2783 recta
3043 2726 3289 2800 operatio
3317 2726 3477 2784 desi-

1877 2821 2094 2885 gnatur.
2144 2813 2250 2881 Qui
2296 2830 2424 2885 ergo
2463 2813 2596 2870 dum
2641 2830 2810 2887 aquas
2852 2813 3071 2884 bibunt,
3114 2815 3476 2888 genuﬂexisse

1879 2900 2258 2974 perhibentur,
2281 2918 2311 2956 a
2330 2901 2600 2958 bellorum
2629 2903 2928 2960 certamine
2950 2903 3216 2976 prohibiti
3236 2921 3476 2963 recesse-

1878 2998 2030 3058 runt,
2053 2991 2181 3064 quia
2202 3007 2327 3046 cum
2360 2990 2472 3046 illis
2493 2989 2748 3047 Christus
2775 2998 2965 3047 contra
2997 2993 3180 3049 hostes
3206 2993 3334 3049 fidei
3357 3010 3476 3067 per-

1879 3079 1956 3153 git
1984 3079 2052 3135 ad
2082 3080 2353 3152 praelium,
2378 3079 2473 3152 qui
2501 3095 2624 3135 cum
2658 3079 2923 3136 doctrinre
2953 3080 3158 3137 ﬂuenta
3186 3081 3471 3150 hauriunt,

1878 3169 2266 3226 rectitudinem
2300 3185 2524 3241 operum
2557 3184 2668 3225 non
2700 3169 3008 3227 inﬂectunt.
3042 3169 3245 3228 Omnes
3274 3171 3476 3244 quippe

1877 3267 2010 3316 tunc
2039 3257 2242 3315 bibisse
2271 3275 2490 3332 aquam,
2523 3257 2618 3314 sed
2647 3275 2757 3314 non
2788 3276 2980 3316 omnes
3008 3267 3158 3317 recto
3189 3276 3332 3334 genu
3356 3269 3476 3317 ste-

1875 3349 2006 3404 tisse
2050 3347 2254 3404 narrati
2303 3355 2451 3404 sunt.
2498 3347 2900 3421 Reprobatique
2943 3357 3093 3417 sunt,
3136 3349 3230 3422 qui
3279 3365 3473 3422 genua,

1875 3437 2007 3493 dum
2056 3454 2223 3510 aquas
2270 3437 2541 3505 biberent,
2587 3437 2956 3504 inﬂexerunt;
3004 3435 3136 3509 quia
3185 3444 3476 3494 attestante

1875 3527 2138 3598 Apostolo
2172 3544 2184 3582 :
2217 3528 2337 3584 Non
2364 3527 2634 3582 auditores
2665 3527 2790 3599 legis
2807 3525 2946 3596 justi
2973 3533 3097 3582 sunt
3121 3527 3265 3598 apud
3283 3527 3476 3592 Deum,

1873 3617 1962 3671 sed
2004 3621 2142 3680 991
2177 3615 2405 3686 factores
2437 3615 2561 3687 legis
2579 3615 3024 3688 justiﬁcabuntur
3054 3615 3230 3686 (Rom.
3262 3632 3324 3683 ιι,
3359 3617 3472 3689 13).

1875 3716 2014 3784 Quia
2061 3715 2234 3784 enim,
2264 3723 2326 3771 ut
2362 3713 2628 3782 diximus,
2663 3712 2954 3770 dissolutio
2998 3730 3228 3786 operum
3272 3713 3327 3770 in
3359 3715 3478 3786 ipsa

1877 3821 2114 3877 genuum
2141 3803 2522 3861 incurvatione
2543 3804 2806 3875 signatur,
2824 3811 2967 3861 recte
2988 3819 3206 3859 rursum
3227 3819 3323 3876 per
3340 3803 3476 3859 Pau-

1876 3897 1991 3952 lum
2021 3893 2230 3950 dicitur
2261 3911 2274 3949 :
2307 3893 2572 3950 Remissas
2601 3909 2790 3948 manus
2817 3899 2866 3947 et
2893 3893 3152 3948 dissoluta
3171 3909 3340 3964 genua
3367 3892 3475 3948 eri-

1874 3987 1995 4057 gite,
2017 3991 2065 4039 et
2089 4000 2297 4055 gressus
2324 3989 2490 4038 rectos
2509 3982 2668 4052 facile
2684 3983 2904 4054 pedibus
2932 3983 3120 4036 vestris
3151 3982 3334 4053 (Hebr.
3370 3999 3472 4050 xu,

1881 4074 1993 4144 12).
2030 4073 2098 4128 Hi
2129 4089 2258 4145 ergo
2302 4072 2522 4130 Christo
2570 4072 2709 4129 duce
2751 4072 2820 4129 ad
2857 4071 3065 4127 bellum
3098 4073 3119 4107 ⁸
3148 4071 3472 4144 procedunt,

1876 4163 1972 4236 qui
2017 4163 2122 4219 hoc
2165 4161 2314 4236 quod
2343 4178 2436 4218 ore
2470 4161 2806 4218 annuntiant
2834 4177 2996 4233 opere
3025 4161 3345 4230 ostendunt,
3377 4166 3474 4234 qui

1876 4252 2082 4308 ﬂuenta
2101 4250 2368 4308 doctrinae
2398 4251 2760 4324 spiritualiter
2780 4249 3066 4318 hauriunt,
3091 4266 3194 4308 nec
3213 4259 3395 4307 tamen
3417 4250 3475 4307 in

1877 4343 2062 4414 pravis
2095 4341 2354 4415 operibus
2403 4340 2765 4397 inﬂectuntur
2808 4339 3127 4408 carnaliter,
3157 4339 3289 4414 quia
3333 4339 3478 4397 sicut

1875 4432 2141 4504 scriptum
2173 4439 2255 4487 est
2285 4447 2298 4486 :
2330 4431 2450 4488 Non
2478 4435 2552 4485 est
2581 4430 2814 4502 speciosa
2841 4429 2959 4486 laus
2987 4428 3046 4484 in
3073 4445 3164 4485 ore
3184 4427 3478 4501 peccatoris

1877 4521 2064 4594 (Eccli.
2097 4537 2194 4590 xv,
2223 4520 2305 4591 9).

174 4644 415 4701 trecentis
442 4643 622 4716 pergit
649 4642 717 4700 ad
746 4641 1020 4715 prmlium.
1040 4641 1191 4699 Solet
1223 4642 1280 4698 in
1311 4641 1627 4700 centenario
1655 4657 1754 4697 nu-
1793 4652 1842 4712 ι)
1947 4637 2033 4695 75.
2073 4636 2214 4706 Quid
2244 4637 2396 4705 tuber,
2421 4635 2689 4709 lampades
2715 4642 2764 4692 et
2809 4635 3024 4708 lagenae,
3046 4651 3163 4692 cum
3199 4633 3388 4706 quibus
3407 4633 3480 4690 ad

174 4745 310 4788 mero
329 4731 617 4806 plenitudo
659 4730 1011 4804 perfectionis
1042 4729 1297 4804 intelligi.
1331 4731 1476 4799 Quid
1500 4747 1629 4802 ergo
1672 4744 1769 4801 per
1871 4729 2122 4800 praelium
2157 4732 2534 4799 perrexerunt,
2566 4731 2613 4781 et
2657 4727 2826 4781 hostes
2854 4725 3202 4782 debellarunt.
3234 4755 3305 4766 —
3334 4725 3475 4781 Itum
3546 4772 3564 4786 η

174 4825 248 4874 ter
271 4820 496 4879 ductum
547 4819 926 4878 centenarium
959 4836 1251 4876 numerum
1285 4819 1622 4893 designatur,
1656 4814 1766 4872 nisi

179 4909 407 4980 perfecta
435 4911 682 4985 cognitio
710 4908 1045 4968 Trinitatis?
1072 4907 1211 4968 Cum
1242 4908 1332 4966 his
1353 4909 1554 4983 quippe
1580 4907 1767 4966 Domi-

245 5128 260 5162 ¹
287 5126 449 5184 Corb.
467 5127 678 5194 Germ.,
699 5123 892 5192 Gilot.,
915 5122 1190 5180 Gussanv.
1223 5127 1277 5176 et
1295 5121 1438 5194 plur.
1475 5119 1604 5194 Ed,
1625 5122 1766 5194 Alam-

207 5199 324 5272 ades
348 5192 713 5272 aperuerunt;
770 5201 891 5253 cast.
926 5195 1052 5272 Mss.
1085 5200 1140 5272 et
1161 5201 1270 5248 vet.
1297 5192 1472 5272 'Edit.
1515 5192 1686 5272 Paris.
1713 5201 1768 5250 et

172 5213 324 5322 Suades
348 5213 713 5272 aperuerunt;
770 5213 891 5253 Οωῐ.
926 5213 1052 5250 MSS.
1085 5213 1140 5272 Bb
1161 5213 1270 5248 γει.
1319 5213 1472 5249 1‘40".
1515 5213 1686 5249 rans.
1713 5213 1764 5250 θῐ

180 5269 354 5394 ᾶαδίξη
383 5274 789 5343 apparuerunt;
815 5283 979 5340 quam
1011 5266 1302 5322 lectionem
1329 5265 1764 5337 anteponendam

217 5356 452 5394 ux1mus.

217 5356 452 5398 Ulells.

243 5412 262 5446 ³
288 5413 458 5483 Editi,
487 5430 613 5471 cum
639 5411 802 5470 Corb.
827 5412 1037 5480 Germ.,
1070 5427 1134 5465 ne
1157 5425 1345 5483 parun
1367 5408 1510 5483 hac;
1542 5407 1762 5483 melius,

177 5479 593 5613 nfeaparglimutqd
609 5485 809 5556 legitur
823 5483 881 5539 in
895 5479 1027 5540 Mss.
1043 5479 1258 5550 Norin.,
1281 5479 1540 5548 Vindoc.,
1565 5479 1763 5547 Laud.,

281 5599 292 5610 .
404 5600 439 5613 ..
469 5573 498 5613 e
564 5600 576 5612 .

225 5570 292 5610 a1.
333 5570 439 5613 UL.
469 5570 576 5613 etc.

246 5600 292 5660 ἶ.
304 5600 439 5683 νέιίῗ
590 5625 855 5698 principis
889 5625 1066 5698 vestri.

246 5644 266 5660 ⁶
313 5644 424 5683 val.
453 5644 564 5696 LL,
631 5644 855 5698 rmcspss
889 5644 1066 5680 vestri.

244 5697 280 5779 “
299 5697 410 5765 AL,
427 5699 561 5754 hunc
581 5644 990 5779 Eedemptorem:
1029 5694 1765 5779 Interpretationisnominis

181 5765 512 5842 Gedeonquae
543 5765 860 5842 subjicitur
882 5767 1022 5842 ratio
1066 5765 1365 5842 nos'latet;
1403 5776 1553 5842 certe
1565 5768 1764 5842 locum

178 5852 279 5892 non
309 5839 469 5896 habet
499 5843 557 5898 in
586 5839 737 5896 fonte
766 5840 931 5896 Hebr.
968 5840 1225 5894 Attamen
1261 5839 1319 5894 in
1352 5839 1388 5894 Ι.
1435 5839 1502 5895 de
1535 5839 1760 5895 Nomin.

178 5907 332 5967 Hebr.
362 5913 536 5971 sancti
571 5910 917 5984 Hieronymi,
948 5909 1098 5967 Edit.
1126 5909 1298 5966 Paris.
1334 5909 1492 5978 1546,
1524 5918 1655 5979 etc.,
1693 5911 1764 5966 le-

1875 4835 2004 4892 ergo
2050 4826 2132 4875 est
2181 4816 2251 4874 ad
2297 4815 2547 4889 prmlium
2587 4831 2714 4873 cum
2744 4813 2914 4883 tubis,
2950 4831 3076 4872 cum
3108 4811 3478 4884 lampadibus,
3542 4862 3547 4868 .

1875 4925 2002 4966 cum
2030 4907 2255 4981 lagenis.
2288 4909 2310 4944 ⁹
2340 4904 2642 4964 Inusitatus
2670 4903 2792 4975 iste,
2824 4910 2887 4960 ut
2915 4902 3183 4971 diximus,
3214 4900 3322 4956 fuit
3341 4898 3479 4956 ordo

1876 5123 2054 5196 gitur;
2085 5119 2621 5196 Gedeoncircumiens
2641 5120 2695 5174 in
2707 5127 2883 5196 utero,
2907 5119 2987 5175 uel
3005 5114 3212 5196 inutile,
3233 5112 3344 5196 sive
3361 5119 3482 5196 ten-

1878 5187 2004 5249 ῖαιὶο
2033 5192 2334 5267 iniquitatis
2357 5209 2536 5267 eorum
2560 5210 2581 5258 ;
2601 5192 2777 5267 verba
2805 5199 2987 5247 autem
3020 5189 3075 5243 in
3095 5191 3242 5267 utero
3267 5187 3344 5267 uel
3362 5187 3480 5267 inu-

1877 5268 1986 5334 tile,
2029 5258 2139 5320 sive
2185 5264 2400 5319 tentatio
2436 5264 2738 5334 iniquitatis
2765 5279 2980 5328 eorum;
3014 5258 3180 5316 verba
3211 5266 3394 5314 autem
3423 5258 3482 5312 in

1875 5345 2024 5393 utero
2052 5338 2133 5392 vel
2160 5335 2348 5410 inutile
2378 5336 2434 5410 in
2463 5351 2594 5392 nov.
2626 5336 2778 5391 Edit.
2811 5351 2925 5410 non
2955 5338 3298 5410 comparent.

1946 5411 1967 5444 ⁵
1997 5411 2159 5466 Deest
2199 5407 2577 5463 humanitatem
2605 5423 2832 5477 sumens,
2864 5405 2922 5462 in
2951 5399 3168 5471 Noun,
3211 5399 3476 5469 Vindoc.,

1874 5481 1999 5538 Val.
2033 5479 2116 5537 Cl.
2145 5487 2200 5536 et
2233 5478 2398 5536 Corb.
2432 5477 2619 5534 Germ.

1946 5554 1968 5588 ⁶
1997 5551 2220 5608 Ebroic.
2253 5559 2307 5607 et
2345 5549 2608 5618 Vindoc.,
2639 5554 2793 5604 extra
2821 5551 3048 5602 uterum.

1945 5625 1966 5660 ⁷
1995 5623 2195 5679 Pratel.
2224 5629 2278 5677 et
2303 5621 2565 5689 Vindoc.,
2597 5620 2807 5677 stravit.

1874 5767 1911 5822 ἀ
1949 5695 1969 5733 ⁸
2000 5694 2165 5822 Corb.
2193 5694 2405 5760 Germ.,
2439 5688 2700 5761 Vindoc.,
2721 5692 2935 5760 Norm.,
2973 5688 3172 5758 Laud.,
3203 5697 3333 5757 etc.,
3352 5701 3480 5760 pro-

1915 5783 2014 5822 eun
2042 5811 2055 5822 .

1915 5773 2055 5823 eunt.

1945 5840 1967 5874 θ
2002 5837 2175 5895 Iidem
2224 5837 2384 5907 Cod.,
2432 5838 2602 5909 Atque
2641 5835 2758 5904 iste,
2811 5841 2871 5892 ut
2910 5833 3165 5901 diximus,
3205 5831 3312 5902 fuit
3347 5829 3482 5886 ordo

1869 5911 2182 5984 praeliandi.
