3936 6388
427 433 533 490 567

1638 433 1888 492 SANCTI
1927 433 2266 493 GREGORII
2299 435 2528 492 MAGNI

3635 436 3750 496 568

362 572 379 589 ·
426 555 734 630 Ρτωιίειηάἱ.
769 554 1102 613 Cecinerunt
1145 556 1316 626 tubis,
1347 564 1402 613 et
1443 557 1684 616 sinistris
1715 559 1918 630 lagenae
1947 567 2023 614 te-
2049 559 2102 620 Α
2129 562 2326 632 modio,
2355 563 2446 618 sed
2481 578 2640 634 super
2665 561 3042 618 candelabrum
3073 559 3288 632 (Matth.
3307 577 3364 627 v,
3388 560 3506 632 15).
3537 561 3600 617 In
3633 576 3752 618 mo-

425 645 700 702 uebantur
724 663 735 701 :
759 643 906 701 intra
926 645 1144 716 lagenas
1163 654 1350 703 autem
1368 655 1498 703 sunt
1517 649 1697 702 missae
1720 647 2028 720 lampades;

427 733 728 792 confractis
757 749 888 790 vero
920 734 1127 806 lagenis
1153 735 1432 808 lampades
1461 744 1690 793 ostensus
1719 745 1868 806 sunt,
1903 752 2032 808 qua-

426 839 552 879 rum
580 831 902 880 coruscante
932 823 1075 892 luce,
1099 823 1285 880 hostes
1305 824 1483 880 territi
1509 824 1568 880 in
1597 825 1780 896 fugam
1804 833 2031 882 vertun-

426 919 539 971 tur.
556 911 886 984 Designatur
900 911 1084 984 itaque
1109 913 1167 969 in
1187 911 1340 968 tubis
1359 913 1568 968 clamor
1587 913 2030 986 praedicantium,

428 1001 489 1061 in
529 1000 899 1072 lampadibus,
919 1003 1142 1058 claritas
1181 1002 1601 1074 miraculorum,
1625 1004 1684 1061 in
1703 1003 1911 1077 lagenis
1927 1005 2033 1061 fra-

429 1091 614 1164 gilitas
643 1107 958 1164 corporum.
985 1091 1145 1148 Tales
1167 1091 1371 1166 quippe
1400 1109 1585 1150 secum
1616 1093 1733 1151 dux
1762 1104 1948 1152 noster
1965 1094 2036 1152 ad

428 1178 838 1256 praedicationis
855 1181 1108 1254 praelium
1131 1181 1314 1251 duxit,
1341 1183 1437 1256 qui
1453 1183 1708 1255 despecta
1725 1185 1900 1240 salute
1919 1202 2035 1242 cor-

431 1268 840 1344 porum,hostes
857 1286 986 1326 suos
1002 1270 1289 1327 moriendo
1302 1281 2038 1348 prosternerent,eorumque

434 1359 642 1434 gladios
671 1376 782 1417 non
813 1360 1003 1429 armis,
1023 1378 1139 1417 non
1168 1361 1384 1434 gladiis,
1405 1362 1499 1419 sed
1519 1363 1785 1436 patientia
1804 1380 2039 1436 supera-

435 1449 798 1508 rent.Armati
822 1449 970 1506 enim
995 1460 1267 1508 venerunt
1287 1452 1392 1508 sub
1414 1452 1554 1510 duce
1573 1469 1675 1508 suo
1694 1453 1764 1509 ad
1787 1454 2038 1525 praelium

433 1547 704 1612 martyres
724 1539 933 1608 nostri;
957 1539 1052 1596 sed
1073 1540 1250 1609 tubis,
1275 1540 1369 1599 sed
1395 1542 1624 1613 lagenis,
1649 1541 1742 1598 sed
1766 1541 2043 1614 lampadi-

432 1627 668 1696 bus.Qui
689 1636 999 1686 sonuerunt
1031 1629 1200 1697 tubis,
1223 1629 1355 1686 dum
1389 1631 1727 1704 praedicant;
1757 1630 2042 1703 confrege-

433 1725 566 1776 runt
593 1716 831 1788 lagenas,
863 1715 997 1773 dum
1028 1717 1294 1774 solvenda
1321 1719 1380 1774 in
1410 1718 1662 1792 passione
1690 1735 1790 1776 sua
1817 1736 2045 1792 corpora

435 1804 736 1866 hostilibus
751 1804 949 1877 gladiis
975 1807 990 1840 ί
1015 1813 1337 1878 opponunt;
1359 1807 1818 1878 resplenduerunt
1840 1809 2044 1882 lampa-

2141 649 2234 707 dio
2263 652 2411 708 enim
2453 651 2806 708 commodum
2850 649 3172 722 temporale,
3213 649 3272 705 in
3301 649 3528 707 lucerna
3560 657 3750 707 autem

2142 739 2241 795 lux
2275 741 2681 813 praedicationis
2708 740 2995 812 accipitur.
3027 740 3334 795 Lucernam
3355 755 3486 812 ergo
3510 738 3617 796 sub
3633 755 3751 795 mo-

2141 828 2276 886 dio3
2327 845 2528 902 ponere
2577 838 2660 886 est
2720 837 2940 902 propter
2969 891 2984 901 _
3007 828 3308 900 temporale
3363 826 3753 899 commodum,

2143 918 2371 990 gratiam
2401 918 2810 992 praedicationis
2852 916 3208 985 abscondere,
3239 916 3388 990 quod
3431 933 3598 973 nemo
3627 915 3755 973 uti-

2143 1025 2249 1086 que
2301 1011 2601 1068 electorum
2649 1009 2800 1066 facit.
2825 1009 2900 1064 Et
2943 1007 3083 1064 bene
3139 1005 3260 1063 illic
3289 1005 3551 1064 additur:
3585 1008 3608 1043 ‘
3651 1006 3758 1064 Sed

2145 1116 2304 1174 super
2317 1100 2715 1156 candelabrum.
2737 1100 2801 1155 In
2823 1096 3154 1155 candelabro
3181 1095 3332 1152 enim
3363 1103 3540 1153 status
3559 1111 3759 1169 corpo-

2146 1187 2223 1244 ris
2252 1188 2592 1260 designatur,
2611 1188 2702 1244 cui
2733 1188 2957 1245 lucerna
2975 1184 3392 1258 superponitur,
3413 1184 3550 1240 dum
3570 1183 3757 1241 eidem

2146 1281 2364 1353 corpori
2393 1297 2526 1338 cura
2569 1279 2976 1353 praedicationis
3021 1277 3346 1334 antefertur.
3391 1277 3541 1334 Bene
3571 1276 3762 1348 itaque

2149 1385 2244 1444 per
2272 1369 2600 1442 Prophetam
2645 1369 2855 1426 dictum
2885 1375 2996 1424 est:
3039 1368 3314 1437 Sceptrum
3350 1365 3620 1420 exactor-is
3643 1364 3763 1434 ejus

2149 1462 2435 1532 superasti,
2465 1461 2600 1516 sicut
2620 1461 2674 1516 in
2701 1460 2785 1516 die
2811 1459 3037 1517 Madian
3067 1456 3224 1528 (Isai.
3249 1471 3330 1524 ιι,
3361 1454 3444 1527 4).
3481 1454 3591 1512 Sed
3631 1455 3765 1529 quia

2151 1551 2464 1623 exponendi
2485 1549 2791 1623 prophetici
2820 1545 3314 1618 testimoniigratia
3336 1545 3500 1617 longe
3519 1545 3765 1617 digressi

2153 1655 2365 1708 sumus,
2395 1639 2464 1696 ad
2491 1639 2673 1711 operis
2697 1637 2873 1695 nostri
2902 1636 3152 1694 ordinem
3187 1641 3553 1690 revertamur.
3585 1633 3767 1706 Igitur

2154 1739 2441 1804 postquam
2457 1729 2667 1786 dictum
2687 1737 2768 1784 est
2787 1745 2799 1784 :
2823 1729 3123 1785 Clamorem
3142 1725 3408 1782 exactoris
3433 1742 3544 1780 non
3561 1723 3765 1789 audiit,

2153 1819 2285 1892 quia
2327 1819 2587 1876 videlicet
2627 1818 2842 1891 antiqui
2890 1816 3067 1872 hostis
3110 1815 3344 1871 insidias
3384 1814 3663 1871 Dominus
3705 1813 3766 1870 in

437 1892 623 1962 dibus,
646 1893 780 1952 dum
812 1903 934 1966 post
964 1895 1298 1952 solutionem
1331 1912 1623 1968 corporum
1654 1897 1938 1955 miraculis
1957 1915 2043 1955 co-
2071 1920 2119 1984 Β
2153 1926 2316 1966 came
2347 1908 2730 1965 manifestatus
2768 1907 3042 1978 despexit,
3092 1902 3229 1978 quid
3267 1903 3433 1960 etiam
3467 1902 3537 1961 de
3575 1901 3770 1960 electis

436 1992 823 2046 ruscaverunt.
841 1986 1080 2059 Moxque
1101 1984 1366 2042 hostesin
1385 1987 1573 2058 fugam
1593 1990 1844 2046 conversi
1874 1996 2002 2046 sunt
2025 2007 2039 2058 ;

441 2073 572 2150 quia
599 2073 736 2132 dum
777 2083 1122 2132 mortuorum
1166 2083 1474 2148 martyrum
1504 2094 1733 2150 corpora
1761 2079 2045 2137 miraculis

439 2181 730 2224 coruscare
759 2165 1130 2239 conspiciunt,
1154 2166 1276 2223 luce
1298 2165 1547 2224 veritatis
1566 2168 1747 2238 fracti,
1770 2169 1918 2244 quod
1937 2169 2045 2225 im-

439 2264 848 2330 pugnaverunt,
877 2256 1250 2314 crediderunt.
1284 2257 1619 2315 Cecinerunt
1647 2276 1776 2332 ergo
1799 2261 1970 2330 tubis,
1985 2269 2048 2318 ut

441 2347 646 2418 lagona:
676 2345 1092 2418 frangerentur;
1126 2348 1331 2419 lagenaa
1350 2347 1538 2406 fracta:
1558 2359 1709 2418 sunt,
1739 2357 1805 2406 ut
1827 2351 1934 2406 lam
1945 2367 2047 2422 pa-

440 2437 538 2494 des
565 2445 919 2510 apparerent;
957 2447 1333 2511 apparuerunt
1361 2440 1660 2512 lampades,
1687 2449 1746 2497 ut
1781 2440 1966 2498 hostes
1991 2443 2048 2500 in

441 2527 628 2600 fugam
661 2535 1038 2595 verterentur;
1074 2527 1130 2585 id
1159 2535 1262 2597 est,
1287 2529 1735 2601 praedicaverunt
1754 2539 2046 2604 martyres,

443 2617 620 2674 donec
648 2632 838 2672 eorum
861 2633 1090 2689 corpora
1117 2618 1177 2673 in
1208 2626 1384 2674 morte
1405 2619 1789 2686 solverentur;
1822 2636 2051 2692 corpora

446 2721 638 2760 eorum
668 2703 726 2760 in
760 2713 940 2761 morte
981 2705 1164 2761 soluta
1190 2713 1341 2774 sunt,
1386 2715 1448 2762 ut
1475 2706 1760 2763 miraculis
1787 2724 2051 2766 corusca—

445 2799 600 2860 rent;
634 2802 1067 2850 coruscaverunt
1096 2795 1399 2863 miraculis,
1430 2801 1492 2850 ut
1512 2793 1697 2851 hostes
1723 2813 1852 2852 suos
1880 2811 1950 2851 ex
1969 2795 2050 2852 di-

447 2884 579 2940 vina
623 2884 742 2941 luce
787 2893 1212 2956 prosternerent,
1245 2896 1514 2960 quatenus
1563 2902 1908 2962 nequaquam
1937 2889 2052 2946 Deo

447 2974 614 3031 erecti
645 2974 982 3044 resisterent,
1013 2975 1109 3031 sed
1138 2991 1265 3032 eum
1295 2975 1506 3033 subditi
1535 2977 1922 3036 formidarent.

521 3062 608 3144 76.
636 3063 790 3119 Fidei
810 3065 1188 3136 praedicatores
1213 3067 1339 3138 plus
1366 3073 1534 3122 morte
1560 3083 1681 3136 sua,
1712 3084 1872 3138 quam
1896 3085 2053 3140 ρνω.

445 3153 705 3210 dicatione
724 3154 1236 3227 profecerunL—Et
1273 3155 1576 3212 notandum
1609 3156 1755 3228 quod
1782 3165 2054 3215 steterunt

2152 2000 2268 2058 suis
2297 1999 2489 2056 fecerit
2517 2003 2662 2055 recte
2687 1995 2994 2068 subjungit,
3024 1993 3216 2050 dicens
3240 2009 3252 2048 :

2721 2084 2948 2142 CAPUT
2969 2083 3176 2140 XXVI.

2153 2229 2160 2234 .
2226 2178 2398 2236 Vsus.
2425 2177 2480 2235 8.
2508 2207 2580 2219 —
2615 2175 2986 2247 Circumspicit
3009 2180 3206 2230 montes
3229 2188 3444 2246 pascua
3463 2186 3596 2226 sua.

2227 2268 2316 2323 78.
2349 2267 2533 2324 Etiam
2561 2266 2810 2338 superbos
2853 2265 2912 2320 in
2940 2280 3040 2318 sua
3067 2263 3309 2318 membra
3355 2258 3778 2330 transfonnavit

2162 2359 2424 2418 Christus.
2457 2354 2727 2412 Convertit
2747 2369 2831 2408 eos
2847 2369 2976 2423 quos
2994 2351 3204 2423 aspicit.
3235 2381 3308 2393 —
3333 2351 3550 2406 Montes
3565 2347 3773 2421 accipi-

2159 2463 2283 2503 mus
2301 2461 2494 2502 omnes
2506 2446 2677 2500 elatos
2703 2441 2870 2514 hujus
2891 2441 3102 2509 saeculi,
3119 2439 3216 2514 qui
3245 2439 3303 2495 in
3330 2437 3496 2496 corde
3511 2453 3616 2494 suo
3643 2436 3775 2492 alti-

2158 2535 2352 2592 tudine
2385 2542 2601 2590 terrena
2628 2538 2971 2590 tumuerunt.
3005 2529 3111 2588 Sed
3138 2529 3271 2604 quia
3299 2529 3463 2586 etiam
3494 2527 3632 2585 tales
3661 2528 3774 2584 Do-

2159 2625 2348 2682 minus
2399 2623 2659 2681 Ecclesiae
2703 2639 2813 2679 suae
2842 2620 3059 2694 corpori
3102 2636 3400 2677 conversos
3445 2618 3774 2686 inviscerat,

2159 2733 2360 2790 eosque
2389 2732 2422 2771 a
2444 2715 2614 2788 priori
2645 2712 2882 2770 elatione
2909 2717 3277 2779 commutatis,
3311 2710 3370 2766 in
3389 2725 3492 2765 sua
3519 2703 3777 2764 membra

2159 2806 2540 2874 transformat,
2571 2804 2662 2860 isti
2694 2813 2908 2860 montes
2934 2819 3153 2875 pascuae
3182 2800 3302 2874 ejus
3325 2807 3478 2869 sunt,
3515 2796 3652 2872 quia
3670 2796 3779 2853 ni—

2161 2897 2362 2954 mirum
2386 2895 2454 2952 de
2480 2894 2838 2953 conversione
2867 2892 3194 2960 errantium,
3220 2901 3275 2948 et
3303 2890 3371 2946 de
3399 2888 3774 2962 superborum

2162 2989 2475 3046 humilitate
2499 2987 2750 3054 satiatur,
2779 2985 2923 3043 sicut
2942 2985 3058 3058 ipse
3085 2983 3200 3039 ait:
3232 2984 3384 3042 Meus
3408 2981 3554 3036 cibus
3583 2985 3682 3045 est,
3714 2986 3782 3036 ut

2161 3079 2362 3150 faciam
2382 3079 2702 3134 voluntatem
2719 3075 2832 3146 ejus
2851 3075 2945 3148 qui
2961 3092 3042 3130 me
3069 3073 3214 3130 misit
3239 3075 3428 3146 (Joan.
3462 3088 3544 3140 iv,
3562 3070 3680 3142 34).
3699 3071 3782 3126 Et

2159 3169 2304 3226 sicut
2317 3168 2579 3242 apostolis
2600 3167 2668 3224 ad
2695 3165 3142 3240 prmdicationem
3158 3163 3343 3220 missis
3369 3162 3653 3236 praecepit,
3687 3160 3780 3218 di-

447 3241 635 3340 h95i?3
675 3251 802 3300 ante
849 3244 1088 3315 ιεεθηειε,
1118 3243 1546 3341 ῐιιεεηιιηῄειιξθ
1570 3245 1891 3341 -Ῑδῐηρξιίξθεν
1925 3250 2055 3341 ειιξξε
2087 3281 2132 3341 ο
2161 3275 2288 3316 cens
2313 3277 2324 3315 :
2352 3241 2661 3330 Dperamini
2685 3275 2793 3312 non
2820 3257 2991 3312 cibum
3019 3255 3112 3326 qui
3133 3255 3296 3327 perit,
3329 3253 3419 3308 sed
3449 3251 3544 3324 qui
3556 3267 3783 3341 permap

449 3330 718 3412 nimirum
751 3340 1125 3402 persecutores
1144 3339 1345 3388 sanctae
1372 3333 1654 3402 Ecclesiae,
1687 3334 1816 3392 fidei
1845 3336 2057 3407 praedi-

449 3415 732 3475 catoribus
761 3418 944 3476 adhuc
976 3419 1034 3476 in
1064 3437 1296 3492 corpore
1324 3421 1518 3494 positis
1548 3423 1900 3492 restiterunt;
1933 3436 2056 3498 post

451 3506 787 3563 solutionem
811 3524 944 3564 vero
964 3525 1258 3581 corporum
1279 3511 1667 3584 apparentibus
1693 3513 1976 3572 miraculis
1998 3516 2055 3572 in

452 3597 637 3670 fugam
663 3599 809 3656 versi
838 3608 985 3668 sunt,
1010 3599 1160 3672 quia,
1183 3615 1386 3672 pavore
1413 3603 1723 3670 conterriti,
1749 3619 1780 3658 a
1807 3621 2055 3676 persecu-

452 3687 604 3743 tione
631 3685 882 3746 ﬁdelium
915 3698 1287 3746 cessaverunt.
1308 3690 1702 3748 Praedicatione
1731 3693 1943 3750 scilicet
1971 3704 2058 3752 tu-

451 3773 670 3846 barum,
720 3776 911 3834 fractis
957 3777 1166 3850 lagenis
1211 3795 1527 3853 corporum,
1577 3781 1714 3839 visis
1751 3782 2057 3842 timuerunt

453 3865 799 3938 lampadibus
829 3867 1243 3925 miraculorum.

526 3981 665 4056 [νει.
715 3985 902 4040 XXXI
911 3984 994 4058 Κ]
1047 3985 1132 4040 77.
1183 3984 1285 4040 Cui
1329 3983 1510 4054 major
1553 3992 1629 4042 est
1657 4003 1788 4044 cura
1818 3988 2058 4061 corporis

453 4090 616 4144 quam
638 4074 1059 4146 pradicationis,
1089 4074 1363 4130 metuenda
1391 4075 1711 4148 reprobatio.
1742 4109 1814 4120 —
1837 4079 2058 4135 Intuen-

453 4162 589 4218 dum
631 4171 711 4220 est
758 4164 927 4220 etiam
963 4162 1020 4220 id
1068 4163 1216 4235 quod
1255 4163 1373 4221 illic
1401 4165 1668 4237 scriptum
1698 4175 1800 4235 est,
1841 4168 1970 4241 quia
1999 4170 2058 4226 in

455 4251 686 4308 dextera
725 4251 906 4322 tubas,
938 4254 1156 4326 lagenas
1183 4261 1367 4310 autem
1398 4255 1456 4310 in
1487 4257 1711 4314 sinistra
1739 4266 2052 4318 tenuerunt.

456 4340 563 4395 Pro
592 4339 822 4396 dextero
849 4341 996 4397 enim
1015 4340 1222 4397 habere
1246 4341 1489 4398 dicimur
1517 4345 1790 4419 quidquid
1818 4364 1918 4419 pro
1947 4365 2058 4405 ma-

457 4447 565 4504 gno
613 4447 942 4503 pensamus;
993 4450 1093 4504 pro
1141 4432 1366 4488 sinistro
1413 4450 1542 4490 vero
1570 4436 1717 4507 quod
1750 4453 1850 4509 pro
1878 4438 2058 4496 nihilo

455 4520 730 4577 ducimus.
763 4521 910 4576 Bene
938 4538 1064 4593 ergo
1097 4522 1215 4579 illic
1243 4523 1509 4594 scriptum
1538 4533 1620 4582 est
1648 4527 1795 4600 quod
1825 4527 1882 4584 in
1912 4529 2060 4586 dex-

456 4617 572 4666 tera
597 4610 780 4678 tubas,
805 4610 1022 4682 lagenas
1041 4618 1224 4666 autem
1258 4609 1314 4667 in
1337 4611 1560 4670 sinistra
1581 4621 1896 4688 tenuerunt,
1928 4619 2059 4692 quia

350 4775 370 4790 _
455 4697 666 4756 Christi
713 4707 984 4772 martyres
1025 4717 1126 4773 pro
1172 4717 1370 4773 magno
1419 4701 1625 4761 habent
1652 4705 2061 4776 praedicationis

454 4790 707 4862 gratiam,
726 4805 1018 4862 corporum
1041 4807 1172 4847 vero
1193 4790 1490 4850 utilitatem
1507 4809 1606 4866 pro
1626 4794 1880 4852 minimo.
1905 4796 2060 4865 Quis-

453 4879 580 4954 quis
609 4879 761 4936 enim
791 4879 916 4952 plus
943 4879 1077 4937 facit
1106 4880 1405 4938 utilitatem
1435 4883 1700 4956 corporis,
1733 4901 1898 4958 quam
1929 4903 2062 4960 gra-

451 4970 587 5026 tiam
619 4969 1049 5044 praedicationis,
1083 4970 1141 5026 in
1171 4971 1395 5028 sinistra
1422 4973 1634 5042 tubam,
1657 4982 1820 5048 atque
1845 4975 1903 5031 in
1927 4975 2059 5033 dex-

450 5066 566 5116 tera
597 5060 845 5132 lagenam
875 5068 1045 5116 tenet.
1075 5059 1134 5116 Si
1163 5059 1313 5116 enim
1347 5061 1517 5132 priori
1548 5061 1670 5120 loco
1700 5064 1878 5136 gratia
1905 5081 2057 5137 prie-

452 5147 747 5206 dicationis
801 5149 1131 5218 attenditur,
1191 5153 1337 5214 992
1383 5158 1436 5207 et
1485 5151 1778 5223 posteriori
1834 5153 2054 5212 utilitas

453 5247 720 5318 corporis,
749 5257 961 5306 certum
1010 5255 1093 5304 est
1129 5246 1152 5281 ²
1179 5247 1311 5320 quia
1356 5247 1414 5304 in
1444 5247 1657 5306 dextris
1685 5249 1851 5321 tubae,
1883 5260 1936 5308 et
1965 5252 2055 5308 si-

455 5334 644 5390 nistris
665 5335 868 5407 lagenae
887 5343 1200 5393 teneantur.
1224 5337 1367 5395 Hinc
1387 5338 1656 5396 Dominus
1678 5339 1735 5395 in
1754 5341 2059 5414 Evangelio

455 5423 534 5478 ait
565 5440 576 5478 :
612 5423 788 5494 Neque
813 5427 1104 5480 accendunt
1153 5427 1446 5492 lucernam,
1483 5434 1530 5482 et
1570 5435 1778 5500 ponunt
1824 5447 1937 5486 eam
1965 5431 2058 5486 sub

530 5612 547 5645 ¹
581 5612 662 5667 Ita
677 5610 906 5686 Turo_n_._,
929 5611 1193 5686 Vindoc.,
1209 5613 1485 5684 Laudun.,
1510 5614 1672 5673 Corb.
1697 5617 1908 5686 Germ.,
1934 5617 2058 5675 Val.

453 5680 625 5808 ῗῑ
652 5688 765 5738 vet.
796 5681 948 5738 Edit.
976 5683 1396 5744 Recentioribus
1423 5680 1600 5760 magis
1622 5689 1832 5761 placuit
1857 5680 2062 5764 suppo-

454 5825 559 5950 si”.
582 5823 846 5952 ‘Vrlilsldocq
889 5824 1118 5894 Pratel.,
1158 5826 1282 5883 Val.
1315 5828 1422 5898 CL,
1453 5832 1546 5901 qui
1583 5850 1616 5888 a
1646 5832 1918 5891 dextris...
1951 5839 2002 5889 et
2026 5852 2060 5890 a

521 5914 584 5952 us
697 5939 708 5952 .

484 5913 690 5953 ιηιδινιε
697 5939 708 5956 η

2162 3356 2249 3404 net
2275 3349 2334 3404 in
2348 3349 2512 3404 vitam
2526 3354 2776 3404 (sternam
2793 3347 2982 3416 (Joan.
3001 3362 3081 3414 vr,
3103 3345 3220 3416 27).
3245 3344 3324 3399 De
3365 3341 3455 3398 his
3483 3339 3782 3397 montibus

2166 3453 2260 3510 per
2289 3437 2618 3510 Prophetam
2641 3435 2882 3492 dicitur:
2915 3435 3038 3492 Non
3055 3434 3270 3506 repellet
3295 3430 3556 3488 Dominus
3568 3429 3782 3502 plebem

2165 3545 2338 3593 suam,
2363 3527 2614 3598 quoniam
2634 3527 2692 3582 in
2710 3542 2874 3582 manu
2891 3525 3006 3596 ejus
3025 3530 3149 3580 sunt
3169 3538 3344 3579 omnes
3368 3521 3496 3594 ﬁnes
3527 3525 3710 3588 terrae,
3731 3525 3784 3574 et

2165 3618 2470 3673 altitudines
2501 3618 2758 3674 montium
2805 3617 2914 3688 ipse
2957 3613 3210 3686 conspicit
3243 3613 3426 3680 (Psal.
3474 3625 3632 3678 χειν,
3685 3607 3772 3681 4).

2166 3705 2506 3763 Altitudines
2534 3704 2683 3762 enim
2713 3702 2987 3760 montium
3017 3701 3282 3759 elationes
3311 3705 3444 3756 sunt
3471 3697 3668 3770 utique
3689 3713 3781 3753 su-

2167 3798 2480 3870 perborum.
2515 3795 2663 3864 Quas
2695 3795 2968 3852 Dominus
2995 3793 3313 3865 conspicere
3341 3788 3569 3857 dicitur,
3599 3785 3664 3842 id
3698 3794 3782 3842 est

2166 3888 2234 3944 ab
2279 3887 2574 3961 iniquitate
2605 3902 2704 3943 sua
2741 3885 2800 3941 in
2831 3884 3032 3940 melius
3072 3887 3431 3940 commutare.
3481 3875 3782 3936 Convertit

2167 3993 2404 4051 namque
2429 3977 2701 4034 Dominus
2747 3993 2874 4033 eum
2904 3991 3066 4048 quem
3097 3970 3390 4046 conspicit.
3432 3967 3588 4027 Unde
3620 3967 3780 4026 scri-

2167 4075 2324 4139 ptum
2353 4074 2464 4124 est:
2494 4069 2788 4124 Conversus
2815 4065 3074 4122 Dominus
3101 4062 3336 4136 respexit
3354 4062 3600 4128 Petrum,
3626 4065 3682 4115 et
3703 4077 3784 4116 re-

2167 4160 2416 4216 cordatus
2443 4163 2518 4213 est
2534 4159 2727 4215 Petrus
2754 4157 2899 4212 verbi
2923 4154 3142 4213 Domini
3185 4155 3322 4210 sicut
3344 4153 3562 4209 dixerat
3581 4168 3600 4206 :
3633 4150 3783 4218 Quia

2163 4250 2480 4322 priusquam
2493 4249 2671 4322 gallus
2691 4253 2880 4316 cantet,
2900 4251 2977 4302 ter
2993 4263 3075 4301 me
3093 4243 3304 4318 negabis
3325 4249 3408 4309 ;et
3438 4256 3678 4314 egressus
3697 4239 3780 4311 fo-

2169 4357 2261 4395 ras
2279 4340 2424 4410 ﬂevit
2448 4353 2630 4395 amare
2649 4338 2808 4408 (Luc.
2841 4352 2985 4406 xx,u
3006 4336 3095 4404 61,
3114 4335 3231 4406 62).
3259 4334 3330 4390 Et
3345 4331 3491 4389 sicut
3511 4329 3782 4386 Salomon

2167 4429 2272 4486 ait:
2295 4431 2410 4488 Rex
2423 4429 2516 4500 qui
2531 4428 2666 4484 sedet
2696 4428 2753 4482 in
2773 4427 2904 4483 solio
2919 4425 3138 4496 judicii,
3158 4423 3386 4496 dissipat
3403 4437 3554 4478 omne
3570 4420 3784 4476 malum

2167 4518 2366 4575 intuitu
2389 4535 2484 4575 suo
2511 4518 2708 4588 (Prov.
2741 4533 2840 4587 xx,
2861 4515 2943 4589 8).
2975 4517 3054 4573 De
3083 4513 3188 4572 hoc
3211 4521 3467 4587 respectu
3497 4509 3787 4568 montium

2091 4643 2140 4702 Β
2170 4626 2390 4668 rursum
2435 4625 2532 4682 per
2578 4605 2899 4682 prophetam
2944 4605 3177 4664 dicitur:
3228 4605 3432 4702 Montes
3481 4599 3620 4702 sicut
3661 4615 3788 4654 cera

2170 4703 2442 4773 ﬂuxerunt
2475 4718 2508 4756 a
2544 4697 2684 4770 facie
2708 4697 2926 4755 Domini
2955 4697 3130 4768 (Psal.
3171 4710 3326 4763 xcvr,
3367 4691 3448 4765 5),
3496 4691 3630 4766 quia
3659 4696 3789 4764 post

2171 4789 2552 4864 pertersitatis
2583 4805 2692 4845 sua:
2722 4786 3010 4855 duritiam,
3040 4782 3235 4842 divina
3270 4779 3574 4841 formidine
3606 4779 3788 4856 lique-

2169 4881 2324 4949 facti,
2353 4882 2421 4939 ab
2453 4880 2551 4940 illo
2568 4881 2722 4956 prius
2751 4877 2932 4954 rigido
2959 4885 3178 4934 tumore
3206 4875 3227 4910 ³
3259 4871 3523 4931 substrati
3551 4877 3708 4928 sunt.

2241 4975 2326 5034 79.
2358 4975 2526 5033 Bonis
2553 4973 2802 5047 operibus
2833 4983 3209 5027 conversorum
3231 4965 3497 5038 pascitur.
3523 4963 3786 5034 Magnum

2171 5065 2382 5124 Christo
2410 5065 2705 5122 convivium
2719 5063 2844 5134 fecit
2861 5061 3162 5128 Mattiueus,
3183 5058 3290 5114 imo
3317 5055 3444 5128 fuit.
3461 5084 3534 5096 —
3547 5054 3782 5110 Intuen-

2163 5155 2296 5213 dum
2333 5157 2501 5213 etiam
2539 5154 2689 5230 quod
2721 5171 2834 5211 non
2864 5151 2942 5208 ait
2987 5148 3236 5223 inspicit,
3284 5161 3375 5204 sec
3419 5143 3788 5218 circumspicit

2161 5253 2357 5303 montes
2381 5264 2596 5320 pascam
2625 5262 2752 5302 suae.
2785 5245 2850 5301 In
2882 5241 3072 5300 Iudaea
3107 5239 3308 5314 quippe
3338 5237 3662 5294 incarnatus
3699 5241 3786 5290 est

2166 5338 2459 5406 Dominus,
2483 5353 2603 5410 quas
2632 5335 2810 5409 posita
2830 5333 2887 5388 in
2919 5330 3101 5387 medio
3124 5329 3371 5402 gentium
3392 5325 3520 5416 fuit.
3551 5327 3574 5362 ⁶
3596 5325 3788 5416 Atque

2168 5427 2294 5484 ideo
2329 5425 2725 5500 circumspexit
2753 5430 2988 5490 montes,
3021 5419 3150 5493 quia
3187 5419 3359 5474 elatos
3391 5414 3560 5488 hujus
3590 5412 3783 5471 saeculi

2244 5617 2266 5652 ³
2307 5617 2430 5672 Val.
2462 5615 2572 5684 CL,
2605 5621 2792 5670 tenere.

2155 5719 2158 5722 ~
2242 5689 2265 5724 ‘
2304 5682 2570 5756 Vindoc.,
2595 5685 2693 5744 Sed
2716 5702 2885 5758 supra
2920 5682 3330 5758 candelabrum.

2243 5760 2265 5796 ⁵
2303 5760 2528 5818 Recent.
2552 5753 2797 5830 Vulgati,
2827 5757 3082 5815 subtracti
3100 5762 3258 5823 sunt;
3289 5753 3628 5830 contemptis
3644 5754 3781 5813 Mss.

2174 5839 2238 5894 et
2249 5839 2360 5888 vet.
2382 5831 2582 5889 Editis.

2245 5908 2266 5940 ε
2307 5903 2396 5960 Sic
2424 5903 2623 5974 Laud,
2658 5902 2782 5960 Val.
2821 5901 2930 5971 CL,
2978 5901 3239 5970 Vindoc.,
3267 5901 3488 5968 Norm.,
3531 5915 3633 5957 nec
3659 5914 3780 5954 non
