3936 6380
140 386 235 443 569
853 384 1247 442 ‘MORALIUM
1287 386 1419 444 LIB.
1462 384 1647 441 XXX.
1687 414 1758 427 -
1795 386 1869 442 IN
1907 385 2137 445 CAPUT
2189 387 2439 445 XXXIX
2475 388 2538 444 B.
2580 387 2722 445 JOB.

3365 391 3471 449 570

145 513 579 586 circumquaque
596 509 803 583 positos
822 526 892 566 ex
912 511 1240 584 gentilitatis
1259 511 1621 568 universitate
1644 512 1755 569 col-
1784 516 1834 575 A
1866 520 1976 571 tum
2005 514 2282 580 tribuitur,
2307 520 2404 570 aut
2421 521 2644 588 propter
2661 515 2871 588 culpam
2888 517 3474 594 subtrahunt—Saepe

147 604 292 677 legit.
339 602 405 658 In
440 601 531 659 his
570 602 755 674 itaque
799 602 1081 659 montibus
1133 604 1395 675 pascitur,
1441 604 1571 676 quia
1601 603 1763 659 bonis

145 691 406 767 operibus
436 708 836 749 conversorum
867 692 1023 765 quasi
1045 691 1243 765 herbis,
1261 693 1571 749 virentibus
1597 692 1760 749 satia-

148 793 250 841 tur.
282 784 433 841 Hinc
462 791 546 840 est
575 784 722 857 quod
752 784 800 840 ei
831 800 1045 857 sponsas
1075 802 1208 843 voce
1237 786 1295 842 in
1322 784 1564 843 Canticis
1591 784 1762 842 canti-

146 889 332 931 corum
369 871 619 929 dicitur:
670 872 858 929 Indica
885 873 1017 928 mihi
1046 874 1136 928 ubi
1163 890 1373 945 pascas,
1416 873 1504 928 ubi
1531 872 1680 928 cubes
1708 873 1764 927 in

145 962 367 1020 meridie
395 964 593 1034 (Cant.
628 980 669 1031 ι,
700 963 781 1036 6).
813 963 1065 1020 Pascitur
1097 964 1299 1037 quippe
1327 963 1761 1032 Dominus,cum

144 1051 302 1110 bonis
322 1051 539 1109 nostris
560 1051 780 1108 actibus
799 1051 1124 1110 delectatur.
1153 1052 1329 1111 Cubat
1358 1070 1488 1109 vero
1515 1052 1572 1108 in
1603 1051 1763 1107 meri-

144 1141 251 1209 die,
292 1158 424 1198 cum
458 1158 529 1198 ex
561 1140 853 1198 desideriis
881 1142 1198 1199 carnalibus
1227 1142 1443 1213 ardenti
1476 1141 1639 1200 corde
1669 1158 1766 1197 re—

144 1229 449 1305 proborum
501 1231 649 1304 apud
698 1235 844 1293 993
902 1231 1204 1288 electorum
1263 1247 1491 1289 suorum
1547 1238 1765 1304 pectora

144 1327 503 1400 refrigerium
547 1327 764 1384 invenit
807 1327 1163 1401 cogitationis
1204 1327 1385 1385 bonae.
1426 1328 1584 1385 Mons
1616 1326 1764 1383 enim

142 1417 367 1491 quidam
418 1418 722 1475 Matthteus
763 1418 970 1487 fuerat,
1017 1418 1236 1492 quando
1268 1419 1327 1474 in
1372 1417 1567 1475 telonii
1598 1417 1766 1475 lucris

143 1507 420 1575 tumebat;
457 1508 533 1564 de
558 1525 667 1581 quo
687 1515 741 1565 et
771 1509 1037 1581 scriptum
1069 1517 1150 1565 est
1180 1509 1310 1582 quia
1334 1517 1621 1582 postquam
1654 1526 1764 1566 cre-

141 1595 303 1667 didit,
340 1596 592 1653 invitato
619 1598 675 1653 in
707 1597 934 1654 domum
967 1614 1121 1654 suam
1152 1596 1411 1666 Domino,
1443 1598 1764 1654 convivium

143 1703 402 1760 magnum
449 1687 591 1744 fecit
637 1686 791 1760 (Luc.
826 1704 883 1757 γ,
921 1688 1037 1759 29).
1087 1689 1245 1746 Mons
1289 1688 1471 1763 itaque
1502 1689 1604 1744 iste
1634 1687 1767 1745 huic

144 1791 347 1848 onagro
370 1777 386 1810 ¹
423 1775 671 1833 virentis
699 1792 913 1849 pascuae
945 1776 1144 1834 herbas
1174 1779 1426 1850 protulit,
1449 1779 1577 1850 quia
1604 1784 1659 1833 et
1686 1778 1766 1834 fo-

1869 605 2082 661 doctori
2136 603 2367 660 verbum
2412 621 2511 677 pro
2554 606 2726 677 gratia
2770 608 3034 665 tribuitur
3078 611 3369 680 auditoris,
3417 619 3472 668 et

1870 713 2011 769 stupe
2058 705 2280 769 propter
2321 695 2594 753 auditoris
2633 698 2852 770 culpam
2908 699 3250 757 subtrahitur
3291 719 3472 760 sermo

1871 787 2106 844 doctori.
2150 788 2211 843 In
2246 787 2334 843 his
2363 803 2491 860 ergo
2524 804 2645 860 quae
2692 787 2929 844 ubertim
2962 790 3221 862 praedicat
3256 791 3468 862 doctor,

1871 879 2023 934 nulla
2056 878 2294 935 elatione
2340 893 2397 932 se
2425 878 2633 946 efferat,
2679 894 2749 935 ne
2786 879 3017 936 fortasse
3059 885 3206 944 994
3234 897 3346 937 non
3374 898 3473 954 pro

1872 988 1993 1039 sua,
2030 973 2125 1029 sed
2156 990 2255 1045 pro
2282 973 2555 1030 auditoris
2583 976 2760 1048 gratia
2788 974 2906 1047 ejus
2933 977 3211 1049 repleatur
3238 977 3427 1049 lingua
3455 996 3470 1047 ;

1872 1071 1926 1119 et
1967 1064 2025 1120 in
2070 1063 2158 1119 bis
2187 1082 2308 1138 quae
2354 1065 2547 1121 doctor
2587 1066 2851 1123 steriliter
2894 1067 3054 1133 dicit,
3101 1067 3321 1125 auditor
3361 1085 3473 1125 non

1873 1162 2210 1222 succenseat,
2242 1170 2310 1209 ne
2331 1153 2560 1211 fortasse
2588 1155 2830 1212 doctoris
2859 1157 3048 1229 lingua
3084 1174 3196 1214 non
3226 1174 3324 1230 pro
3353 1175 3473 1229 sua,

1873 1242 1967 1299 sed
1998 1261 2097 1317 pro
2126 1243 2397 1300 auditoris
2426 1245 2808 1318 reprobatione
2832 1255 3119 1320 torpescat.
3152 1250 3173 1285 °
3193 1249 3297 1305 Pro
3321 1248 3474 1305 audi-

1873 1334 2011 1390 toris
2040 1351 2277 1408 namque
2308 1336 2481 1407 gratia
2508 1336 2663 1405 boni,
2709 1338 2871 1395 datur
2910 1339 3077 1395 etiam
3108 1339 3268 1395 malis
3297 1355 3475 1396 sermo

1873 1424 2217 1494 doctoribus,
2283 1425 2428 1482 sicut
2479 1436 2779 1499 potuerunt
2832 1428 3124 1486 Pharisaeis
3186 1437 3476 1501 suppetere

1874 1514 2042 1572 verba
2064 1515 2493 1589 praedicationis,
2523 1515 2590 1573 de
2611 1518 2811 1590 quibus
2837 1520 3104 1592 scriptum
3132 1526 3250 1575 est:
3284 1518 3477 1576 Omnia

1873 1623 1993 1679 ergo
2022 1623 2339 1678 quaecunque
2365 1606 2602 1662 dixerint
2628 1608 2793 1674 vobis,
2833 1613 3033 1664 servate
3077 1614 3125 1663 et
3150 1607 3339 1678 facite;
3386 1624 3476 1663 se-

1874 1697 2100 1751 cundum
2127 1713 2252 1751 vero
2279 1714 2440 1767 opera
2467 1712 2648 1751 eorum
2676 1698 2834 1753 nolite
2860 1697 3034 1767 facere
3064 1698 3277 1769 (Matth.
3309 1714 3476 1766 χχιιι,

1875 1785 1953 1857 3).
2010 1785 2241 1856 Propter
2287 1785 2603 1841 auditorum
2650 1802 2782 1842 vero
2828 1786 3266 1858 reprobationem
3316 1786 3477 1843 bonis

145 1865 216 1923 ris
243 1884 370 1923 eum
421 1866 717 1937 convivio,
763 1876 817 1924 et
849 1866 999 1923 intus
1045 1867 1222 1940 epulis
1268 1868 1539 1924 virtutum
1592 1867 1763 1940 pavit.
1797 1885 1845 1946 Β
1877 1875 2043 1931 etiam
2075 1873 2397 1930 doctoribus
2425 1890 2606 1929 sermo
2635 1873 3002 1941 subtrahitur,
3050 1875 3195 1931 sicut
3236 1874 3304 1930 ad
3331 1875 3479 1931 Eze—

145 1955 299 2025 Quod
328 1956 528 2016 adhuc
555 1957 877 2035 plenissime
905 1959 1180 2031 expletur,
1212 1974 1340 2015 cum
1368 1957 1627 2015 subditur
1658 1977 1670 2016 :

709 2047 938 2106 CAPUT
968 2048 1202 2106 XXVII.

211 2138 352 2195 IBID.
389 2166 460 2178 —
503 2138 524 2173 ³
563 2138 800 2198 Virentia
826 2156 1042 2211 quaeque
1064 2138 1354 2211 perquirit.

214 2227 304 2284 80.
335 2228 579 2285 Arentia
609 2229 774 2285 corda
802 2228 1052 2285 Christus
1087 2229 1315 2295 deserit;
1344 2229 1447 2302 ﬁde
1472 2245 1535 2283 ac
1561 2245 1651 2301 spe
1676 2227 1770 2283 υἰ-

152 2319 317 2375 rentia
354 2320 615 2391 requirit.
656 2350 727 2361 —
754 2319 983 2376 Arentia
1010 2319 1160 2376 enim
1191 2318 1415 2388 deserit,
1446 2326 1499 2376 et
1529 2317 1769 2374 virentia

154 2423 380 2481 quaeque
411 2408 713 2483 perquirit.
747 2412 768 2445 ³
791 2410 1024 2466 Arentia
1053 2426 1291 2483 namque
1321 2409 1486 2465 corda
1512 2416 1642 2465 sunt
1670 2408 1766 2465 ho-

155 2499 389 2570 minum,
441 2517 565 2574 qua
595 2500 653 2556 in
683 2499 850 2573 hujus
877 2501 1064 2557 saeculi
1096 2516 1189 2574 spe
1219 2501 1462 2573 peritura
1501 2501 1764 2575 plantata,

158 2590 491 2647 aternitatis
521 2589 782 2647 ﬁduciam
800 2606 913 2647 non
934 2589 1159 2645 habent.
1186 2591 1207 2625 ⁴
1229 2591 1425 2648 Virent
1446 2598 1627 2647 autem
1646 2607 1767 2663 quae

156 2677 236 2735 illi
285 2679 608 2737 haereditati
658 2679 953 2748 inhaerent,
1001 2678 1067 2735 de
1097 2696 1205 2753 qua
1248 2680 1442 2737 Petrus
1489 2680 1770 2754 apostolus

157 2768 315 2827 dicit:
356 2772 423 2826 In
459 2768 818 2825 hwrcditatem
851 2768 1326 2839 incorruptibilem,
1360 2777 1409 2825 et
1446 2769 1771 2824 incontami-

160 2865 360 2928 natam,
402 2864 455 2913 et
483 2857 964 2913 immarcescibilem
996 2858 1053 2928 (Ι
1076 2857 1190 2914 Pet.
1223 2874 1264 2927 ι,
1294 2857 1374 2928 li).
1417 2857 1590 2913 Tanto
1619 2857 1767 2913 enim

159 2949 337 3004 verius
375 2948 586 3021 quippe
630 2946 873 3003 virentes
917 2955 1068 3015 sunt,
1101 2955 1309 3020 quanto
1340 2946 1399 3002 in
1428 2945 1769 3003 haereditatis

160 3038 178 3072 ⁵
207 3035 692 3094 immarcescibilis
722 3043 867 3092 sorte
901 3035 1253 3108 cogitationis
1297 3035 1538 3093 radicem
1568 3035 1765 3108 ﬁgunt.

162 3126 420 3201 Quisquis
467 3126 652 3200 itaque
697 3127 1031 3183 intrinsecus
1079 3142 1229 3182 arere
1276 3125 1561 3196 formidat,
1599 3142 1769 3184 aren-

162 3215 232 3273 tia
261 3217 618 3275 extrinsecus
652 3216 847 3273 mundi
878 3215 1047 3289 hujus
1075 3216 1346 3273 desideria
1374 3217 1569 3290 fugiat.
1609 3217 1769 3285 Quis-

163 3307 277 3380 quis
323 3326 355 3364 a
409 3306 653 3365 Domino
699 3305 943 3381 perquiri
1001 3306 1298 3376 desiderat,
1358 3315 1616 3363 aeternam
1661 3323 1770 3379 pa—

164 3397 316 3454 triam
351 3404 641 3473 appetens,
674 3396 730 3452 in
770 3396 985 3453 interna
1022 3394 1205 3453 cordis
1251 3396 1590 3469 plantatione
1620 3396 1770 3452 viri-

160 3482 352 3544 descat.

224 3576 309 3632 81.
345 3576 402 3634 S.
432 3575 685 3648 Gregorii
702 3576 958 3632 modestia
987 3583 1035 3632 et
1062 3575 1560 3633 humilitas.-—Haec
1586 3584 1767 3632 autem

161 3663 223 3721 de
241 3682 446 3740 onagro
482 3665 738 3738 exposita
756 3664 860 3722 sub
886 3664 1097 3738 duplici
1119 3664 1408 3722 intellectu
1431 3667 1451 3701 ⁸
1471 3664 1768 3723 suﬂiciant.

162 3753 398 3813 Lectoris
440 3772 582 3812 vero
606 3754 823 3828 judicio
870 3755 1295 3828 relinquendum
1326 3762 1406 3811 est
1436 3753 1570 3827 quid
1602 3754 1772 3826 magis

165 3842 380 3902 duxerit
410 3836 759 3918 eligendum.
794 3845 867 3901 Et
894 3845 941 3901 si
971 3846 1260 3917 utriusque
1283 3842 1646 3917 expositionis
1674 3843 1772 3899 in-

169 3933 529 4007 telligentiam
564 3934 794 3990 fortasse
825 3933 1157 4006 despexerit,
1190 3933 1426 3990 libenter
1455 3934 1569 4007 ipse
1599 3933 1770 3990 lecto-

168 4039 274 4079 rem
319 4042 516 4081 meum
565 4024 827 4081 subtilius
874 4022 1169 4097 veriusque
1224 4025 1574 4093 sentientem,
1619 4023 1773 4080 velut

169 4112 496 4186 magistrum
540 4114 848 4187 discipulus
878 4116 898 4150 7
943 4131 1159 4188 sequar,
1207 4115 1335 4188 quia
1368 4114 1506 4170 mihi
1553 4114 1773 4187 proprie

169 4199 422 4261 donatum
473 4203 666 4274 credo,
711 4203 987 4277 quidquid
1033 4203 1193 4259 illum
1226 4220 1312 4260 me
1343 4203 1541 4260 melius
1569 4202 1772 4259 sentire

169 4308 446 4367 cognosco.
492 4293 633 4371 [νει.
667 4294 822 4352 XXX
830 4294 916 4369 V.]
950 4295 1158 4353 Omnes
1186 4294 1335 4352 enim
1368 4294 1462 4368 qui
1485 4293 1592 4351 ﬁde
1622 4293 1772 4367 pleni

172 4379 236 4439 de
258 4384 367 4442 Deo
393 4384 618 4459 aliquid
643 4401 835 4442 sonare
870 4385 1125 4454 nitimur,
1155 4400 1359 4458 organa
1387 4384 1637 4442 veritatis
1670 4400 1773 4441 su-

171 4484 311 4542 mus;
343 4484 397 4532 et
425 4474 493 4532 in
519 4474 767 4547 ejusdem
797 4474 1048 4531 veritatis
1064 4483 1329 4548 potestate
1345 4481 1445 4542 est,
1468 4482 1656 4530 utrum
1680 4490 1774 4546 per

173 4573 254 4616 me
270 4573 423 4623 sonet
441 4565 629 4633 alteri,
652 4582 722 4622 an
752 4581 848 4640 per
871 4566 1104 4623 alterum
1138 4565 1299 4622 mihi.
1333 4567 1455 4639 Ipsa
1483 4565 1684 4640 quippe
1713 4564 1772 4621 in

176 4651 348 4711 medio
380 4655 583 4724 nostri,
617 4655 781 4712 etiam
814 4672 926 4711 non
971 4672 1123 4728 aeque
1153 4654 1472 4712 viventibus
1514 4655 1772 4712 omnibus

181 4739 200 4773 ⁸
217 4758 365 4816 aequa
385 4755 491 4816 est,
520 4753 576 4802 et
594 4762 736 4819 saepe
756 4745 927 4802 alium
950 4745 1146 4817 tangit,
1179 4752 1241 4800 ut
1258 4744 1397 4801 bene
1416 4745 1604 4803 audiat
1623 4743 1771 4820 quod

182 4844 269 4902 per
295 4835 464 4894 alium
492 4836 615 4911 ipsa
641 4835 925 4905 sonuerit;
956 4851 1097 4909 saepe
1126 4851 1258 4891 vero
1282 4835 1453 4893 alium
1480 4836 1680 4909 tangit,
1709 4842 1772 4892 ut

184 4917 312 4980 bene
339 4927 485 5000 quod
515 4925 583 4983 ab
612 4925 738 4982 aliis
771 4924 1028 4983 audiatur
1054 4932 1231 4982 sonet.

249 5012 334 5072 82.
368 5018 511 5091 Scepe
530 5016 734 5074 doctori
752 5017 966 5073 verbum
985 5022 1082 5072 aut
1092 5020 1316 5088 propter
1332 5014 1598 5073 auditoris
1613 5015 1772 5073 meri-

188 5214 473 5286 vet_._Edit.
506 5219 569 5274 In
596 5224 801 5275 recent.
834 5233 961 5275 cum
992 5214 1155 5274 Corb.
1188 5214 1400 5283 Germ.,
1429 5214 1604 5286 Atque
1628 5212 1770 5273 inde.

250 5283 273 5358 ξ
300 5283 467 5358 Laud.
489 5296 546 5345 et
568 5290 693 5346 Val.
722 5289 831 5358 CL,
859 5289 1103 5345 virentes.

254 5353 276 5430 ξ
302 5355 499 5430 Pratel.
532 5377 597 5417 ac
620 5353 886 5430 Vindoc.,
919 5363 994 5417 Et
1021 5359 1273 5417 virentia.

256 5425 467 5500 ihaud.
499 5439 554 5488 et
575 5432 699 5489 Val.
731 5432 840 5500 CL,
871 5425 1090 5487 arent...
1124 5431 1295 5487 corde.

1875 1962 2109 2021 chielem
2131 1971 2324 2019 contra
2340 1964 2503 2019 Israel
2522 1962 2747 2019 dicitur:
2771 1964 3032 2036 Linguam
3051 1971 3194 2020 tuam
3210 1965 3480 2021 adhaerere

1874 2053 2074 2125 faciam
2100 2054 2287 2126 palato
2320 2060 2429 2122 tuo,
2459 2060 2507 2108 et
2533 2054 2638 2109 eris
2663 2060 2862 2121 mutus,
2892 2072 2982 2110 nec
3005 2056 3161 2125 quasi
3188 2055 3274 2109 vir
3300 2053 3479 2124 objur-

1873 2160 2027 2215 gans,
2057 2142 2185 2214 quia
2213 2143 2399 2198 domus
2423 2160 2745 2215 exasperatis
2772 2150 2848 2199 est
2878 2145 3096 2217 (Ezech.
3128 2161 3215 2213 III,
3245 2144 3363 2215 26).

1945 2231 2035 2290 83.
2076 2233 2387 2304 Aliquando
2412 2250 2516 2306 pro
2536 2234 2765 2290 doctoris
2784 2240 2831 2290 et
2857 2235 3166 2290 auditorum
3191 2235 3378 2291 merito
3401 2238 3482 2293 vel

1875 2323 2055 2395 culpa,
2086 2323 2252 2378 datur
2277 2331 2373 2379 aut
2399 2330 2643 2397 negatur.
2663 2325 2741 2381 De
2759 2332 2965 2397 accepto
2992 2342 3143 2381 nemo
3167 2327 3477 2382 extollatur.

1877 2410 2029 2483 Spem
2075 2413 2351 2467 comitetur
2397 2414 2573 2468 timor.
2605 2443 2677 2455 —
2702 2413 3019 2488 Aliquando
3080 2421 3261 2471 autem
3300 2430 3482 2472 sermo

1876 2499 2285 2571 praedicationis
2340 2510 2563 2575 propter
2618 2510 2879 2577 utrosque
2935 2501 3116 2570 datur,
3184 2503 3483 2576 aliquando

1876 2596 2102 2662 propter
2170 2598 2432 2664 utrosque
2496 2591 2860 2649 subtrahitur.
2931 2591 3159 2664 Propter
3221 2600 3483 2667 utrosque

1877 2680 2024 2735 enim
2043 2681 2227 2749 datur,
2251 2682 2395 2739 sicut
2415 2681 2611 2739 divina
2630 2700 2763 2739 voce
2792 2682 2962 2740 Paulo
2991 2683 3135 2756 apud
3165 2682 3485 2741 Corinthios

1877 2768 2085 2826 dicitur
2113 2789 2125 2826 :
2172 2773 2301 2829 Noli
2330 2773 2530 2840 timere,
2572 2774 2660 2829 sed
2690 2774 2900 2843 loquere
2931 2773 3072 2845 (Act.
3105 2790 3270 2843 xvm,
3299 2774 3382 2846 9).
3413 2774 3487 2830 Et

1877 2858 2042 2931 paulo
2085 2867 2251 2932 post:
2307 2862 2448 2929 Quia
2487 2864 2721 2935 populus
2761 2865 2963 2920 multus
3008 2870 3083 2919 est
3121 2864 3253 2919 mihi
3296 2864 3354 2918 in
3389 2864 3487 2919 hac

1876 2947 2083 3003 civitate
2105 2949 2415 3021 (Ibid.,10).
2436 2951 2666 3022 Propter
2683 2958 2946 3025 utrosque
2966 2969 3098 3009 vero
3116 2952 3483 3021 subtrahitur,

1877 3038 2022 3095 sicut
2042 3039 2164 3096 Heli
2196 3039 2449 3097 sacerdos
2480 3047 2536 3097 et
2560 3057 2787 3113 pravam
2817 3041 3061 3099 ﬁliorum
3092 3044 3356 3115 cognovit
3383 3059 3486 3100 ac-

1876 3125 2166 3195 tionem,et
2185 3126 2411 3200 dignam
2433 3126 2828 3201 increpationis
2847 3146 2959 3187 non
2981 3131 3232 3189 exercuit
3252 3146 3443 3188 vocem
3462 3147 3477 3197 ;

1876 3233 2000 3273 cum
2033 3218 2278 3289 profecto
2307 3217 2557 3275 futurum
2593 3229 2734 3276 esset
2763 3228 2826 3277 ut
2865 3220 2925 3277 in
2966 3219 3161 3278 mortis
3204 3220 3483 3294 supplicio

1878 3313 1932 3361 et
1962 3306 2096 3363 istos
2125 3314 2309 3363 reatus
2340 3307 2557 3381 ﬂagitii,
2587 3318 2642 3366 et
2670 3309 2832 3368 illum
2858 3310 3069 3368 silentii
3094 3328 3255 3384 pcena
3282 3312 3482 3368 multa-

1879 3401 1960 3449 ret
1985 3397 2042 3468 (Ι
2057 3397 2179 3467 Reg.
2205 3413 2290 3465 ιιι,
2317 3397 2404 3466 l2,
2426 3398 2582 3470 seq.).
2617 3400 2767 3456 Inter
2785 3399 2904 3457 haec
2924 3400 3094 3472 igitur
3122 3416 3247 3458 cum
3270 3401 3359 3458 vel
3387 3417 3487 3474 pro

1826 3500 1837 3506 '
1877 3499 1989 3556 quo
2036 3501 2216 3541 sermo
2262 3484 2445 3554 detur,
2497 3489 2584 3544 vel
2637 3496 2859 3560 propter
2900 3506 3063 3563 quem
3105 3488 3485 3559 subtrahatur,

1880 3573 2218 3645 ignoramus,
2248 3592 2423 3632 unum
2450 3570 2536 3634 'est
2563 3577 2782 3634 salubre
2814 3578 3145 3648 remedium,
3169 3594 3271 3636 nec
3300 3580 3368 3636 de
3399 3579 3486 3637 his

1883 3664 1929 3697 ¹⁰
1952 3680 2073 3737 quae
2102 3663 2229 3720 aliis
2251 3664 2424 3738 magis
2452 3665 2785 3738 accepimus,
2809 3667 3178 3740 nosmetipsos
3196 3668 3485 3738 extollere,

1880 3770 1980 3811 nec
2010 3753 2078 3810 de
2111 3771 2175 3811 eo
2204 3756 2437 3812 alterum
2484 3755 2631 3829 quod
2674 3758 2859 3814 minus
2902 3758 3173 3830 acceperit
3215 3757 3479 3825 irridere;

1879 3843 1974 3899 sed
2004 3843 2118 3900 ﬁxo
2150 3844 2486 3901 humilitatis
2516 3845 2673 3919 pede,
2704 3846 2945 3919 graviter
2976 3855 3030 3904 et
3058 3854 3374 3905 constanter
3401 3845 3482 3904 in-

1878 3933 2093 4000 cedere,
2125 3933 2255 4007 quia
2282 3933 2340 3988 in
2371 3933 2475 3990 hac
2495 3933 2611 3989 vita
2636 3942 2795 3991 tanto
2822 3935 3073 3993 veracius
3092 3935 3241 3992 docti
3269 3951 3481 4003 sumus,

1880 4030 2085 4094 quanto
2127 4020 2439 4081 doctrinam
2478 4022 2642 4079 nobis
2667 4038 2701 4079 a
2740 4022 3152 4096 nobismetipsis
3196 4032 3484 4097 suppetere

1879 4126 1991 4166 non
2022 4125 2180 4182 posse
2221 4110 2623 4184 cognoscimus.
2681 4111 2793 4170 Cur
2820 4127 2949 4184 ergo
2983 4112 3218 4185 quilibet
3246 4112 3314 4170 de
3341 4112 3485 4170 doo-

1880 4197 2026 4255 trina
2054 4198 2356 4272 superbiat,
2413 4200 2509 4273 qui
2540 4201 2760 4258 occulto
2782 4199 2998 4273 judicio
3028 4201 3117 4257 vel
3145 4202 3236 4259 cui
3265 4201 3484 4275 quando

1879 4290 2062 4361 detur,
2086 4292 2175 4348 vel
2197 4291 2416 4366 quando
2437 4293 2528 4349 cui
2550 4292 2912 4350 subtrahatur
2931 4293 3190 4367 ignorat?
3218 4291 3485 4362 Quamvis

1879 4381 2030 4438 enim
2060 4380 2342 4439 securitati
2372 4382 2541 4440 timor
2569 4399 2784 4457 semper
2808 4384 2968 4456 longe
2997 4382 3254 4440 videatur
3272 4382 3479 4451 abesse,

1879 4474 2043 4532 nobis
2067 4480 2253 4530 tamen
2283 4472 2425 4531 nihil
2452 4481 2535 4531 est
2561 4475 2810 4532 securius
2830 4490 2995 4548 quam
3024 4472 3126 4531 sub
3154 4489 3250 4547 spe
3269 4489 3484 4546 semper

1880 4565 2101 4635 timere,
2124 4580 2196 4622 ne
2216 4565 2440 4623 incauta
2459 4581 2613 4623 mens
2632 4573 2728 4622 aut
2747 4563 3088 4639 desperando
3106 4580 3165 4621 se
3189 4565 3228 4600 “
3250 4562 3309 4620 in
3327 4562 3483 4621 vitiis

1882 4655 2128 4730 dejiciat,
2157 4664 2252 4714 aut
2281 4655 2599 4714 extollendo
2629 4655 2698 4714 de
2720 4656 2883 4715 donis
2904 4663 3048 4713 ruat.
3070 4657 3217 4714 Ante
3243 4652 3483 4712 districti

1879 4748 2031 4805 enim
2059 4764 2124 4806 ac
2150 4747 2229 4821 pii
2255 4746 2461 4821 judicis
2488 4747 2678 4806 oculos
2705 4754 2915 4821 quanto
2940 4744 3008 4804 de
3035 4760 3094 4803 se
3126 4744 3229 4803 sub
3256 4761 3351 4818 spe
3381 4742 3480 4799 hu-

1881 4837 2073 4896 milius
2102 4835 2359 4912 trepidat,
2388 4844 2544 4894 tanto
2577 4836 2637 4893 in
2667 4836 2767 4894 illo
2795 4835 3077 4893 robustius
3103 4841 3231 4890 stat.

1954 5213 1975 5247 ⁷
2006 5208 2169 5268 Corb.
2202 5210 2415 5277 Germ.,
2440 5206 2614 5265 Laud.
2646 5215 2700 5263 et
2727 5205 2851 5264 Val.
2884 5203 2993 5272 CL,
3023 5214 3232 5274 sequor.

1956 5283 1977 5317 ⁸
2005 5283 2203 5338 Pratel.
2236 5290 2292 5338 et
2319 5282 2442 5340 Val.
2475 5280 2583 5348 CL,
2614 5295 2757 5350 reque
2776 5284 2869 5333 est.

1953 5356 1974 5390 θ
2005 5354 2096 5411 Sic
2141 5353 2403 5421 Vindoc.,
2446 5345 2681 5407 Ebroicf
2718 5356 2773 5404 et
2810 5350 2881 5421 al.
2928 5348 3144 5421 Norm.,
3187 5345 3482 5421 caeterique

1882 5426 2084 5498 passim
2101 5426 2240 5498 Mss.
2260 5418 2460 5479 licetin
2482 5421 2662 5478 Editis
2679 5421 2815 5498 etin
2833 5420 2996 5498 Corb.
3024 5418 3211 5475 Germ.
3244 5418 3478 5495 legatur,

258 5495 279 5530 ‘
306 5498 520 5577 Ebroic.
553 5503 759 5577 aliique
785 5492 998 5573 Norm.,
1029 5502 1264 5563 Vindoc.
1286 5511 1341 5561 et
1367 5500 1530 5561 Corb.
1563 5500 1770 5570 Germ.,
1879 5492 2269 5577 prdauditoris
2295 5512 2526 5577 namque
2546 5492 2745 5565 gratia,
2776 5493 2940 5549 datur
2967 5493 3153 5549 bonus.

193 5562 401 5627 virentia
426 5582 619 5631 autem.

260 5637 282 5721 ξ
308 5640 418 5721 μ’,
448 5646 889 5721 incorruptibilis.

262 5709 283 5747 θ
310 5711 428 5773 Val.
459 5716 566 5788 CL,
592 5709 904 5794 prbﬁciant.

1959 5571 2007 5604 ¹⁰
2034 5568 2259 5636 Pratel.,
2297 5583 2417 5639 quas
2440 5567 2574 5623 iliis.

1959 5642 2003 5678 εί
2033 5639 2269 5699 Vindoc.
2297 5638 2353 5698 et
2378 5640 2592 5710 Norm.,
2622 5638 2682 5694 in
2706 5638 2859 5698 vitia.
