3936 6382
435 373 3721 404 W

1226 531 1568 622 LIBER
1653 529 2345 618 TRIGESIMUS
2431 508 2942 622 PRIMUSX

418 690 816 779 implicatur
844 710 1074 779 versus
1101 711 1490 779 nonuscum
1515 694 1790 779 reliquis
1809 692 2043 774 capitis
2077 712 2284 769 xxxix,
2313 697 2570 758 omissis
2604 703 2870 779 tantum
2902 697 3106 779 tribus
3133 697 3431 779 ultimis;
3472 705 3534 761 et
3561 697 3737 762 divi-

494 789 598 836 nae
617 775 868 853 gratiae,
905 779 979 838 in
1011 773 1355 856 Evangelii
1376 773 1844 855 praedicatione
1865 781 2411 857 peccatorumque
2431 778 2880 854 conversione,
2912 776 3207 857 efﬁcacia
3237 773 3604 861 praesertim
3634 780 3740 842 de-

498 863 932 919 monstratur.

937 987 1169 1046 CAPUT
1207 988 1500 1066 PRIMUM,

499 1089 646 1148 995
675 1087 724 1144 1.
757 1085 1022 1157 Inﬂictum
1049 1086 1250 1143 homini
1275 1105 1312 1142 a
1338 1087 1559 1160 superbo
1579 1086 1792 1144 diabolo
1810 1087 2022 1156 vulnus,

419 1185 519 1242 Dei
533 1183 830 1240 humilitate
841 1186 1247 1241 sanatum—In
1269 1184 1522 1259 paradiso
1537 1202 1671 1242 sano
1681 1183 1896 1240 homini
1913 1182 2026 1240 dia-

419 1275 582 1331 bolus
615 1273 876 1331 invidens
896 1275 1164 1348 superbiae
1195 1276 1399 1332 vulnus
1428 1276 1657 1344 inﬂixit,
1679 1286 1741 1333 ut
1769 1276 1864 1350 qui
1885 1293 2028 1331 mor-

2054 993 2103 1052 Λ
2130 990 2296 1046 elatio
2316 989 2671 1063 designatur?
2691 993 2826 1050 Nam
2854 993 2983 1067 quia
3004 992 3063 1049 in
3084 1007 3215 1050 nare
3240 991 3467 1050 fatuitas
3489 993 3634 1050 solet
3654 991 3742 1049 in-

2133 1080 2248 1135 telli
2257 1081 2331 1152 gi,
2350 1080 2640 1139 Salomone
2655 1091 2943 1140 attestante
2963 1082 3282 1150 didicimus,
3303 1081 3399 1156 qui
3419 1081 3528 1138 ait:
3557 1081 3747 1141 Circu-

2138 1170 2220 1224 lus
2260 1172 2540 1227 aureus‘in
2577 1173 2799 1228 naribus
2841 1173 2974 1240 suis,
3016 1173 3212 1228 mulier
3238 1171 3466 1245 pulchra
3505 1177 3555 1226 et
3585 1170 3750 1241 fatua

2141 1259 2326 1330 (Prov.
2352 1277 2431 1328 χι,
2455 1261 2570 1332 22).
2603 1262 2923 1318 Haereticam
2957 1278 3192 1335 namque
3221 1259 3532 1317 doctrinam
3562 1258 3749 1316 nitore

425 1373 533 1422 lem
596 1381 708 1422 non
765 1375 1048 1438 acceperat
1099 1366 1376 1434 conditus,
1438 1371 1452 1404 '
1501 1348 1801 1422 mereretur
1854 1366 2030 1421 elatus

2156 1348 2282 1404 vidit
2308 1350 2515 1424 eloquii
2544 1352 2908 1423 resplendere,
2941 1369 3042 1408 nec
3071 1359 3256 1408 tamen
3303 1349 3589 1422 sapientiae
3617 1356 3752 1422 apto

427 1456 639 1528 (Genes.
669 1454 782 1527 ιιι).
815 1455 920 1512 Sed
945 1456 1076 1528 quia
1102 1455 1308 1512 divinae
1336 1456 1595 1530 potentiae
1626 1453 1887 1528 suppetit,
1917 1469 2030 1509 non

420 1545 602 1601 solum
633 1544 782 1601 bona
811 1544 879 1600 de
910 1545 1092 1602 nihilo
1121 1545 1320 1615 facere,
1363 1545 1458 1602 sed
1487 1561 1550 1602 ea
1575 1545 1740 1601 etiam
1772 1561 1841 1600 ex
1872 1544 2033 1600 malis

433 1651 554 1708 quae
581 1633 838 1691 diabolus
866 1643 1294 1707 perpetraverat,
1341 1635 1662 1700 reformare,
1707 1641 1899 1692 contra
1926 1633 2033 1689 hoc

429 1719 707 1781 inﬂictum
728 1725 934 1780 vulnus
953 1724 1332 1796 superbientis
1350 1725 1556 1781 diaboli
1580 1725 1854 1780 medicina
1873 1740 2032 1796 appa-

423 1813 541 1870 ruit
565 1813 713 1870 inter
741 1813 1003 1870 homines
1027 1813 1320 1870 humilitas
1341 1815 1462 1883 Dei,
1494 1823 1557 1870 ut
1584 1814 1824 1871 auctoris
1851 1830 2068 1892 exem-_

427 1901 521 1974 plo
555 1899 837 1957 humiliati
878 1908 1185 1974 surgerent,
1234 1902 1330 1976 qui
1361 1903 1672 1960 imitatione
1703 1902 1877 1959 hostis
1906 1903 2034 1959 elati

429 1989 766 2047 ceciderant.
795 1990 1002 2049 Contra
1029 2007 1160 2065 ergo
1196 1991 1602 2066 superbientem
1633 1992 1916 2049 diabolum
1945 2009 2035 2066 ap-

430 2079 617 2152 paruit
666 2080 813 2137 inter
859 2080 1115 2138 homines
1150 2081 1319 2138 homo
1367 2081 1546 2139 factus
1598 2080 1828 2138 humilis
1869 2083 2033 2138 Deus.

432 2169 593 2226 Hunc
617 2177 870 2242 potentes
917 2168 1086 2242 hujus
1115 2171 1324 2239 saeculi,
1356 2169 1414 2227 id
1443 2177 1526 2226 est
1554 2170 1800 2227 membra
1829 2169 2037 2227 diaboli

431 2260 826 2332 superbientis,
857 2277 922 2317 eo
951 2261 1348 2334 despicabilem
1377 2263 1751 2332 crediderunt,
1784 2279 1894 2338 quo
1923 2261 2040 2319 hu-

2140 1436 2424 1495 intellectu
2455 1456 2775 1512 congruere,
2806 1448 2860 1496 et
2888 1442 2966 1496 ait
2998 1459 3010 1496 :
3049 1442 3295 1498 Circulus
3321 1455 3526 1497 aureus
3550 1439 3610 1493 in
3637 1456 3754 1494 na-

2141 1527 2288 1581 ribus
2316 1529 2452 1596 suis,
2483 1528 2540 1585 id
2570 1537 2650 1584 est
2679 1531 2911 1602 pulchra
2941 1532 2962 1565 ⁴
2991 1539 3044 1586 et
3072 1529 3431 1588 circumﬁexa
3459 1527 3670 1586 locutio
3692 1527 3753 1583 in

2141 1617 2393 1673 sensibus
2424 1619 2624 1674 mentis
2651 1621 2855 1687 stultae,
2902 1619 2994 1676 cui
3024 1635 3093 1675 ex
3124 1619 3346 1692 eloquio
3388 1634 3588 1674 aurum
3621 1631 3753 1689 pen-

2142 1705 2254 1773 det,
2306 1709 2327 1741 ⁶
2357 1706 2451 1762 sed
2499 1716 2684 1764 tamen
2718 1725 2788 1764 ex
2828 1716 3061 1765 terrenae
3103 1708 3438 1764 intentionis
3483 1706 3754 1780 pondere,

2144 1811 2295 1851 more
2323 1797 2458 1864 suis,
2489 1795 2557 1853 ad
2589 1798 2876 1870 superiora
2913 1816 3026 1856 non
3059 1798 3304 1871 respicit.
3345 1797 3505 1866 Quod
3531 1805 3761 1854 secutus

2144 1886 2420 1958 exposuit,
2452 1885 2644 1943 dicens
2676 1905 2688 1944 :
2739 1889 2939 1946 Mulier
2970 1890 3197 1962 pulchra
3226 1894 3275 1942 et
3301 1887 3499 1958 fatua;
3554 1886 3612 1942 id
3649 1893 3758 1954 est,

2145 1973 2401 2031 doctrina
2431 1975 2688 2034 haeretica
2721 1993 2734 2032 :
2781 1977 3014 2049 pulchra
3045 1993 3140 2049 per
3176 1975 3428 2043 verbum,
3477 1973 3632 2030 fatua
3662 1989 3762 2046 per

2148 2064 2510 2122 intellectum.
2556 2066 2619 2121 In
2647 2083 2819 2122 cornu
2849 2083 2998 2134 vero,
3034 2069 3056 2102 ο
3085 2066 3216 2140 quia
3243 2065 3409 2122 elatio
3439 2064 3763 2137 frequenter

2147 2154 2437 2228 accipitur,
2483 2159 2628 2219 996
2656 2156 2932 2230 Propheta
2972 2163 3265 2214 attestante
3305 2154 3630 2223 didicimus,
3661 2151 3763 2226 qui

2147 2254 2225 2310 ait
2249 2271 2260 2309 :
2293 2253 2430 2310 Dixi
2456 2255 2679 2326 iniquis,
2724 2257 2886 2312 nolite
2914 2255 3092 2328 inique
3116 2273 3290 2328 agere,
3321 2260 3368 2310 et
3394 2252 3766 2325 delinquenti-

433 2354 624 2411 milem
672 2363 1100 2428 conspexerunt.
1150 2357 1368 2413 Vulnus
1419 2357 1567 2412 enim
1614 2356 1798 2414 cordis
1854 2372 2040 2412 eorum

2156 2341 2265 2409 bus,
2297 2343 2458 2398 nolite
2485 2345 2726 2400 exaltare
2753 2361 2918 2399 cornu
2950 2345 3124 2416 (Psal.
3143 2361 3336 2412 Lxxrv,
3355 2344 3437 2414 5).
3461 2340 3608 2410 Quid
3629 2356 3765 2412 ergo

434 2450 642 2517 quanto
670 2445 844 2517 magis
873 2445 1100 2514 tumuit,
1148 2452 1304 2502 tanto
1335 2446 1574 2519 amplius
1605 2447 1626 2481 ³
1659 2445 2044 2502 medicamen-

431 2541 551 2589 tum
583 2532 718 2589 mite
745 2533 1018 2607 despexit.
1050 2535 1287 2608 Repulsa
1328 2535 1500 2608 igitur
1526 2551 1558 2591 a
1586 2534 1814 2591 vulnere
1843 2549 2044 2606 super-

434 2621 636 2678 borum
666 2622 944 2680 medicina
986 2632 1176 2681 nostra
1209 2625 1463 2697 pervenit
1511 2623 1581 2681 ad
1614 2625 1818 2680 vulnus
1847 2623 2044 2680 humi-

436 2711 577 2767 lium
604 2729 616 2766 :
651 2713 881 2784 Inﬁrma
910 2713 1112 2787 quippe
1141 2714 1328 2769 mundi
1355 2717 1505 2787 elegit
1531 2715 1693 2783 Deus,
1722 2721 1782 2770 ut
1807 2713 2044 2784 confun-

439 2799 534 2855 dat
559 2798 730 2870 fortia
753 2802 819 2872 (I
837 2801 964 2858 Cor.
985 2820 1024 2872 ι,
1045 2803 1174 2874 27);
1209 2811 1504 2876 actumque
1531 2811 1613 2860 est
1641 2819 1766 2860 cum
1795 2803 2044 2876 pauperi-

441 2887 547 2944 bus
575 2888 724 2961 quod
755 2897 878 2962 post
905 2889 1068 2946 etiam
1099 2890 1304 2948 divites
1333 2892 1461 2948 elati
1505 2891 1855 2950 mirarentur.
1905 2895 2042 2956 Nam

438 2974 571 3033 dum
595 2994 769 3035 novas
790 2978 848 3034 in
878 2979 990 3036 illis
1011 2979 1248 3036 virtutes
1265 2980 1564 3053 aspiciunt,
1587 2998 1777 3038 eorum
1807 2999 2043 3057 quorum

435 3066 588 3138 prius
643 3075 1020 3142 contempsere
1075 3069 1250 3125 vitam
1307 3069 1656 3142 postmodum
1715 3071 2045 3145 Obstupuere

435 3156 725 3216 miracula.
759 3159 914 3217 Unde
944 3175 1077 3216 mox
1106 3159 1296 3233 pavidi
1325 3161 1393 3217 ad
1423 3177 1522 3218 sua
1548 3159 1714 3218 corda
1733 3161 2042 3229 redeuntes,

438 3247 826 3304 extimuerunt
870 3248 1218 3304 sanctitatem
1265 3247 1324 3303 in
1369 3249 1673 3318 miraculis,
1723 3267 1885 3324 quam
1936 3250 2046 3307 de-

437 3343 736 3408 spexerant
775 3335 834 3392 in
875 3337 1182 3408 praeceptis.
1231 3336 1335 3392 Per
1375 3336 1598 3393 inﬁrma
1643 3355 1772 3410 ergo
1817 3339 2050 3396 confusa

437 3431 567 3480 sunt
597 3424 784 3491 fortia,
833 3422 964 3496 quia
992 3423 1125 3480 dum
1169 3423 1227 3480 in
1272 3427 1681 3482 venerationem
1730 3427 1845 3482 vita
1873 3427 2050 3500 surgit

441 3509 767 3580 humilium,
817 3511 984 3568 elatio
1029 3512 1230 3568 cecidit
1271 3513 1653 3585 superborum.
1703 3515 1879 3586 Igitur
1919 3515 2049 3589 quia

439 3600 636 3656 beatus
663 3598 766 3656 Job
794 3607 997 3656 sanctae
1026 3599 1289 3657 Ecclesiae
1335 3607 1531 3674 typum
1574 3608 1744 3671 tenet,
1776 3609 1830 3658 et
1857 3602 2050 3659 omni-

2152 2429 2212 2486 in
2242 2430 2594 2489 rhinocerote
2623 2433 2728 2492 hoc
2757 2434 2866 2490 nisi
2905 2442 3156 2507 potentes
3193 2433 3363 2508 hujus
3397 2431 3586 2490 saeculi
3616 2430 3766 2489 desi-

2154 2528 2413 2594 gnantur,
2464 2523 2555 2578 vel
2585 2523 2718 2596 ipsa:
2754 2523 2812 2579 in
2840 2539 2906 2580 eo
2947 2541 3180 2580 summae
3222 2522 3634 2596 principatuum
3666 2538 3767 2594 po-

2153 2617 2394 2679 testates,
2454 2611 2550 2684 qui
2606 2613 2783 2685 typho
2839 2613 3003 2670 fatuas
3046 2611 3368 2685 jactationis
3423 2611 3574 2680 elati,
3624 2609 3766 2666 dum

2153 2699 2305 2756 falsis
2333 2700 2576 2758 exterius
2597 2701 2864 2758 inﬂantur
2888 2701 3216 2770 honoribus,
3239 2701 3387 2758 veris
3416 2699 3659 2757 miseriis
3677 2699 3768 2755 in-

2153 2795 2243 2844 tus
2271 2790 2641 2848 inanescunt?
2670 2792 2884 2860 Quibus
2911 2793 3050 2848 bene
3078 2791 3320 2848 dicitur:
3354 2793 3375 2827 ⁷
3409 2790 3552 2859 Quid
3577 2805 3770 2860 super-

2154 2879 2253 2946 bis,
2283 2887 2428 2937 terra
2458 2887 2508 2938 et
2533 2882 2666 2937 cinis
2697 2883 2889 2955 (Eccli.
2921 2900 2982 2953 x,
3013 2883 3071 2956 9)
3091 2883 3120 2940 Ῡ
3164 2884 3226 2940 In
3258 2881 3393 2955 ipsis
3419 2897 3552 2936 vero
3580 2878 3771 2936 initiis

2154 2970 2428 3026 nascentis
2455 2971 2755 3042 Ecclesiae,
2801 2971 2934 3028 dum
2982 2979 3174 3030 contra
3224 2971 3374 3028 illam
3421 2969 3665 3026 divitum
3706 2983 3772 3026 se

2153 3066 2392 3130 potestas
2412 3061 2723 3131 extolleret,
2755 3069 2918 3135 atque
2947 3063 3003 3118 in
3031 3060 3150 3134 ejus
3171 3075 3359 3119 necem
3389 3057 3771 3116 immensitate

2157 3155 2319 3204 tanta
2369 3149 2712 3207 crudelitatis
2763 3150 3066 3217 anhelaret,
3115 3149 3249 3206 dum
3295 3156 3379 3206 tot
3419 3145 3772 3205 cruciatibus

2155 3237 2342 3306 anxia,
2372 3245 2456 3294 tot
2484 3239 2962 3312 persecutionibus
2990 3256 3176 3313 pressa
3202 3237 3604 3305 succumberet,
3636 3235 3772 3310 quis

2155 3335 2289 3386 tunc
2333 3328 2554 3386 credere
2587 3329 2770 3401 potuit
2799 3330 2821 3365 ⁸
2851 3329 2997 3404 quod
3028 3329 3126 3386 illa
3167 3337 3317 3386 recta
3355 3333 3410 3384 et
3450 3341 3645 3400 aspera
3671 3342 3771 3383 su-

2156 3418 2452 3491 perborum
2481 3419 2623 3476 colla
2644 3419 2750 3477 sibi
2771 3420 3086 3494 subjiceret,
3109 3427 3163 3476 et
3177 3419 3312 3492 jugo
3331 3419 3507 3476 sancti
3538 3417 3772 3474 timoris

2156 3509 2424 3577 edomita,
2456 3509 2687 3566 mitibus
2714 3509 2845 3566 ﬁdei
2875 3509 3008 3566 loris
3037 3510 3230 3584 ligarat
3250 3510 3278 3566 τ
3324 3509 3434 3566 Diu
3461 3507 3670 3582 quippe
3699 3508 3764 3564 in

2155 3597 2401 3655 exordiis
2429 3599 2544 3655 suis
2573 3598 2942 3656 rhinocerotis
2987 3599 3156 3675 hujus
3184 3615 3358 3656 cornu
3386 3596 3678 3665 ventilata,
3711 3605 3772 3653 et

443 3697 637 3762 potens
664 3691 812 3746 Deus
856 3687 1116 3761 praevidit
1144 3688 1292 3762 quod
1321 3689 1378 3744 in
1408 3689 1730 3762 primordiis
1770 3695 2045 3750 nascentis
2073 3711 2117 3773 ο
2156 3689 2311 3762 quasi
2342 3687 2594 3745 funditus
2623 3688 2989 3746 interimenda
3019 3704 3276 3762 percussa
3302 3695 3403 3744 est.
3435 3685 3542 3744 Sed
3570 3685 3774 3744 divina

439 3783 728 3853 Ecclesiae,
778 3789 1030 3855 potentes
1076 3780 1244 3854 hujus
1291 3783 1480 3839 saeculi
1527 3783 1646 3840 leve
1693 3783 1811 3857 ejus
1849 3783 2046 3858 jugum

441 3871 722 3946 suscipere
749 3886 932 3930 crassa
961 3869 1144 3929 cordis
1173 3871 1386 3929 cervice
1415 3880 1748 3943 recusarent,
1779 3873 1956 3930 dicat:

1082 4016 1314 4076 CAPUT
1344 4017 1413 4074 II.

507 4134 641 4192 Cap.
669 4150 872 4202 xxxix,
903 4133 1075 4193 Vsus.
1106 4131 1523 4204 9.—Numquid
1548 4134 1686 4190 volet
1704 4135 1726 4170 ³
1747 4133 2050 4191 rhinoceros

437 4226 636 4282 servire
666 4226 758 4282 tibi
777 4229 806 4282 Υ

509 4314 562 4370 2.
606 4314 712 4370 Per
737 4313 1130 4372 rhinocerotem
1156 4313 1484 4386 intelligendi
1529 4313 1658 4370 elati
1685 4320 1734 4370 et
1755 4320 1987 4386 potentes
2013 4333 2049 4372 a

441 4399 652 4458 Christo
698 4401 920 4468 domiti,
973 4407 1024 4457 et
1065 4402 1315 4458 Ecclesia
1363 4401 1564 4457 servire
1607 4402 1790 4457 coacti.
1840 4404 2049 4460 Eorum

439 4493 746 4564 superbiam
785 4493 1066 4548 miraculis
1105 4492 1284 4565 fregit.
1315 4522 1386 4534 —
1413 4491 1754 4550 Rhinoceros
1790 4492 1936 4550 enim
1967 4493 2048 4550 in-

441 4581 666 4639 domita
733 4581 964 4639 omnino
1016 4589 1228 4640 naturai
1285 4589 1401 4650 est;
1476 4581 1556 4639 ita
1610 4589 1674 4639 ut
1725 4582 1772 4639 si
1827 4583 2048 4656 quando

439 4683 634 4748 captus
684 4674 873 4745 fuerit,
923 4676 1100 4733 teneri
1147 4676 1466 4733 nullatenus
1511 4675 1703 4750 possit.
1749 4677 2048 4750 Impatiens

441 4763 666 4838 quippe,
693 4773 758 4823 ut
786 4765 984 4836 fertur,
1032 4765 1186 4823 illico
1219 4766 1478 4823 moritur.
1519 4765 1656 4840 Ejus
1684 4782 1817 4824 vero
1846 4782 2047 4822 nomen

444 4854 642 4914 Latina
668 4857 861 4929 lingua
897 4855 1326 4930 interpretatum
1367 4862 1545 4924 sonat,
1591 4856 1649 4912 in
1692 4871 1822 4912 nare
1850 4871 2042 4912 cornu.

439 4947 512 5004 Et
541 4946 676 5022 quid
696 4945 851 5004 aliud
870 4945 930 5002 in
950 4961 1087 5004 nare
1111 4945 1222 5004 nisi
1241 4944 1488 5016 fatuitas,
1511 4945 1646 5019 quid
1667 4945 1725 5002 in
1743 4961 1918 5003 cornu
1937 4944 2046 5002 nisi

517 5121 787 5198 '_Becent.
809 5118 962 5198 Editi
982 5135 1109 5176 cum
1137 5119 1354 5198 CermL,
1382 5123 1699 5198 moreretur.
1725 5119 1810 5198 Ita
1817 5131 2044 5198 quoque

443 5191 629 5250 Codex
683 5191 858 5256 Laud.
913 5192 988 5248 At
1044 5191 1244 5248 melius
1299 5189 1462 5247 Corb.
1517 5189 1729 5254 Germ.,
1787 5188 2048 5256 Vinddc,

444 5263 668 5336 Ebroic.
678 5263 904 5336 _al_i_ique
924 5263 1138 5336 Norm.,
1150 5267 1472 5336 mereretur,
1493 5259 1640 5336 quod
1661 5260 1826 5316 etiam
1848 5261 2050 5332 legitur

444 5333 504 5390 in
535 5341 644 5388 vet.
677 5333 833 5390 EditI
859 5335 1032 5390 Paris.
1063 5341 1119 5390 et
1146 5334 1314 5391 Basil.

518 5405 540 5439 ³
568 5403 743 5471 Editi,
792 5405 1224 5462 medicamentum
1263 5406 1400 5462 vita.
1461 5405 1645 5463 Secuti
1685 5420 1877 5461 sumus
1916 5403 2047 5459 Mss.

446 5473 690 5547 Anglic,
737 5475 952 5547 Norm.,
979 5477 1241 5546 Vindoc.,
1291 5478 1429 5535 duos
1465 5478 1650 5535 Germ.
1697 5484 1753 5532 et
1779 5474 1953 5532 Laud.
1986 5475 2051 5547 In

447 5545 654 5602 Turon.
685 5552 740 5600 et
770 5546 891 5602 Val.
925 5545 1006 5604 Cl.
1041 5545 1260 5618 legitur,
1294 5549 1721 5606 medicamentum
1747 5552 1915 5618 mente
1961 5546 2048 5601 de-

447 5617 641 5697 spexit,
687 5621 1132 5697 mutatoprocul
1187 5617 1357 5677 dubio
1408 5637 1504 5694 per
1549 5617 2050 5676 hallucinationem

445 5690 520 5750 τῶ
547 5688 672 5744 mite
701 5688 759 5742 in
783 5688 969 5744 mente.

489 5753 540 5805 ’³
569 5765 743 5842 Laud.
776 5774 830 5842 et
859 5767 983 5824 Val.
1010 5766 1122 5842 _C_l_.,
1140 5769 1494 5842 rhinocerus;
1521 5775 1576 5824 et
1588 5768 1679 5842 ita
1704 5777 1915 5842 postea.

519 5843 541 5876 ‘
571 5839 734 5898 Corb.
767 5838 977 5914 Germ.,
1010 5838 1274 5914 _Vindoc.,
1303 5840 1551 5906 Ebroic.,
1587 5838 1790 5899 Pratel.
1837 5839 2052 5914 aliique

447 5912 660 5980 Norm.,
691 5916 739 5965 et
765 5911 1145 5982 circumplexa.

2157 3779 2331 3848 gratia
2357 3779 2734 3852 dispensante,
2762 3787 2816 3835 et
2845 3779 2943 3836 illa
2971 3777 3259 3836 moriendo
3279 3779 3301 3814 ’
3324 3775 3608 3833 viviﬁcata
3634 3791 3774 3832 con-

2155 3867 2355 3936 valuit,
2402 3877 2456 3924 et
2485 3884 2659 3925 cornu
2690 3885 2852 3925 suum
2884 3868 3205 3926 rhinoceros
3234 3867 3336 3924 iste
3365 3865 3615 3922 feriendo
3644 3864 3771 3921 las-

2157 3965 2307 4014 satus
2344 3957 2670 4026 inclinavit;
2732 3957 2988 4032 quodque
3043 3955 3386 4030 impossibile
3439 3955 3772 4013 hominibus

2157 4047 2287 4117 fuit,
2333 4049 2448 4105 Deo
2496 4047 2724 4105 diﬁicile
2769 4063 2880 4104 non
2925 4047 3067 4117 fuit,
3111 4045 3209 4121 qui
3255 4052 3552 4119 potestates
3597 4043 3771 4116 hujus

2157 4137 2352 4193 mundi
2383 4136 2589 4209 rigidas
2617 4153 2728 4192 non
2758 4137 2964 4205 verbis,
2995 4134 3089 4192 sed
3109 4135 3393 4191 miraculis
3417 4133 3600 4206 fregit.
3622 4133 3772 4191 Ecce

2158 4226 2306 4282 enim
2353 4225 2601 4299 quotidie
2634 4225 2840 4283 servire
2887 4227 2933 4261 ¹⁰
2963 4225 3343 4282 rhinocerotas
3391 4221 3768 4295 agnoscimus,

2158 4317 2290 4372 dum
2323 4323 2572 4389 potentes
2593 4315 2790 4372 mundi
2820 4314 3010 4388 hujus,
3041 4316 3136 4389 qui
3159 4315 3216 4370 in
3237 4312 3454 4370 viribus
3472 4312 3588 4369 suis
3616 4312 3774 4368 fatua

2161 4407 2375 4464 dudum
2406 4406 2627 4462 fuerant
2671 4405 2913 4462 elatione
2957 4403 3174 4473 conﬁsi,
3221 4405 3335 4462 Deo
3372 4401 3628 4460 subditos
3648 4400 3770 4474 jam

2156 4497 2431 4554 videmus.
2482 4495 2650 4564 Quasi
2700 4494 2768 4552 de
2811 4494 3048 4568 quodam
3096 4493 3371 4551 indomito
3417 4491 3770 4549 rhinocerote

2155 4587 2428 4645 Dominus
2457 4585 2806 4661 loquebatur,
2835 4601 2963 4643 cum
2993 4585 3201 4642 diceret
3226 4601 3238 4639 :
3269 4583 3430 4640 Dives
3449 4581 3661 4656 difficile
3689 4580 3770 4635 in-

2158 4679 2321 4734 trabit
2348 4679 2406 4734 in
2434 4695 2652 4751 regnum
2679 4679 2930 4734 caelorum
2961 4676 3177 4747 (Matth.
3209 4689 3332 4742 xxx,
3358 4673 3476 4758 23)..
3505 4670 3611 4730 Cui
3638 4687 3769 4730 cum

2156 4784 2480 4840 responsum
2524 4774 2666 4824 esset
2696 4784 2708 4823 :
2748 4768 2826 4823 Et
2859 4765 2980 4837 quis
3005 4763 3207 4838 poterit
3238 4763 3388 4818 salus
3416 4761 3581 4835 ﬁeri?
3609 4760 3770 4817 Illico

2154 4857 2456 4930 adjunxit:
2506 4843 2669 4930 Apud
2707 4855 2940 4912 homines
2986 4855 3081 4910 hoc
3124 4851 3447 4924 impossibile
3487 4857 3584 4914 est,
3615 4851 3767 4922 apud

2153 4950 2324 5008 Deum
2353 4953 2528 5004 autem
2569 4945 2744 5003 omnia
2777 4943 3058 5018 possibilia
3085 4948 3210 4998 sunt
3239 4939 3429 5016 (Ibid,
3457 4939 3578 5012 26).
3611 4940 3694 4997 Ac
3719 4942 3766 4998 si

2227 5121 2408 5205 {Va}.
2436 5121 2544 5187 CL,
2587 5120 2743 5178 sed...
2783 5117 3088 5175 intentionis
3129 5115 3383 5189 pondere,
3415 5129 3508 5170 sus
3548 5112 3627 5169 ad
3668 5127 3770 5168 su-

2153 5211 2376 5269 periora
2402 5211 2510 5250 non
2538 5209 2678 5264 resp.

2170 5339 2199 5344 _
2231 5268 2254 5302 ⁸
2286 5266 2497 5344 Germ._
2532 5263 2797 5344 Vni_ndoc.,
2860 5261 3004 5344 pler.
3065 5261 3280 5344 Norm.,
3339 5255 3542 5344 haud,
3599 5253 3766 5314 Corb.

2159 5339 2369 5405 Germ.,
2397 5337 2522 5393 Val.
2555 5336 2663 5402 Cl.,
2694 5329 2818 5405 quia
2849 5329 3153 5405 frequenter
3177 5329 3450 5405 superbia.

2231 5412 2252 5492 ἶ
2275 5397 2496 5492 “Germ.,
2519 5397 2780 5492 Yindo'c.,
2798 5397 2996 5472 Laud"
3017 5403 3141 5461 Val.
3166 5397 3277 5471 le,
3293 5409 3344 5458 et
3365 5397 3530 5459 Corb.
3553 5398 3766 5465 Germ»

2157 5481 2289 5554 quid
2319 5481 2572 5552 superbit.
3370 5542 3404 5554 η

2233 5553 2254 5588 ⁸
2284 5552 2492 5619 Germ.,
2541 5550 2706 5607 Corb.
2759 5551 2968 5616 Germ.,
3017 5545 3266 5614 Ebroic.,
3310 5544 3520 5618 aliique
3548 5542 3767 5608 Norm.,

2159 5624 2430 5698 quodjlla
2451 5629 2650 5698 erecta.
2679 5693 2724 5698 ﬂ
3241 5688 3256 5698 _
3305 5685 3315 5698 ,

2231 5696 2252 5730 ο
2283 5695 2406 5752 Val.
2441 5695 2550 5759 CL,
2582 5693 2848 5765 viviﬁcata
2875 5707 3043 5754 coms
3068 5688 3356 5766 ορπυριυίε·

2236 5767 2282 5803 ¹⁰
2311 5767 2425 5836 ΑΙ.,
2470 5755 2852 5834 rhinocerotas,
2899 5769 2962 5820 ut
2988 5768 3070 5820 est
3097 5760 3156 5817 in
3185 5758 3397 5826 Germ.,
3432 5755 3679 5815 Vindoc.
3710 5762 3770 5811 et

2160 5837 2338 5897 Laud.
