3936 6372
180 436 289 497 573

547 436 605 495 S.
646 434 984 495 GREGORII
1021 435 1249 494 MAGNI
1286 436 1662 495 MURALIUM
1698 437 1833 496 LIB.
1876 439 2084 498 XXXI.
2123 471 2196 483 —
2231 441 2305 498 IN
2341 442 2569 501 CAPUT
2607 445 2853 502 XXXIX
2891 446 2954 503 B.
2992 446 3137 505 JOB.

3393 447 3500 504 574

172 564 382 623 diceret
414 579 427 618 :
461 561 803 621 Rhinoceros
830 560 933 618 iste
962 560 1222 619 humanis
1250 561 1464 619 viribus
1494 577 1775 618 mansues-
1809 570 1861 629 Α
1894 573 2003 622 tem
2037 566 2292 624 videmus
2322 567 2350 624 ?
2379 568 2521 635 Quia
2558 585 2690 626 vero
2730 578 2853 642 post
2898 579 3179 644 acceptum
3234 571 3499 646 pabulum

172 671 295 713 cere
322 668 437 710 non
468 659 672 726 potest,
704 650 801 709 sed
829 658 1014 709 tamen
1053 651 1262 708 divinis
1300 651 1463 709 subdi
1504 651 1788 709 miraculis

174 753 383 822 potest.
416 742 575 801 Unde
603 741 698 800 hic
725 759 940 816 quoque
968 751 1096 815 apte
1125 742 1285 799 beato
1317 742 1419 799 Job
1456 750 1658 798 sanctae
1686 742 1787 799 Ec-

173 835 355 893 clesiae
382 842 582 907 typum
614 832 824 889 tenenti
852 831 1096 889 dicitur:
1135 831 1392 901 Nunquid
1431 833 1570 886 volet
1595 830 1788 884 rhino-

173 942 318 981 ceros
348 925 551 979 servire
580 922 714 979 tibi?
747 920 891 996 [Rea
924 920 1033 995 ΙΙ.]
1065 920 1375 977 Subaudis:
1408 928 1472 976 ut
1501 919 1664 988 mihi,
1692 919 1788 992 qui

172 1031 300 1074 cum
334 1011 781 1087 praedicamentis
812 1012 1039 1085 quidem
1078 1011 1370 1068 hominum
1402 1010 1501 1067 diu
1537 1011 1790 1067 resistere

180 1104 413 1178 pertuli,
455 1102 552 1160 sed
584 1110 767 1158 tamen
814 1110 1058 1173 repente,
1108 1118 1234 1158 cum
1282 1101 1458 1168 volui,
1506 1099 1790 1157 miraculis

176 1194 384 1252 stravi.
426 1194 510 1251 Ac
563 1193 609 1249 si
640 1192 883 1265 apertius
910 1192 1060 1249 dicat
1092 1209 1105 1248 :
1135 1191 1399 1265 Nunquid
1429 1191 1488 1247 hi
1517 1192 1613 1264 qui
1641 1191 1793 1248 fatua

174 1284 418 1341 elatione
446 1282 780 1356 superbiunt
805 1283 926 1339 sine
955 1283 1096 1338 meis
1114 1281 1410 1353 adjutoriis
1439 1290 1546 1338 tuae
1578 1281 1790 1354 praedi-

174 1375 386 1435 cationi
416 1374 775 1432 subduntur?
794 1374 897 1429 Per
925 1390 1088 1447 quem
1120 1373 1306 1446 itaque
1336 1373 1632 1446 praevaleas
1661 1390 1790 1430 con-

175 1465 378 1533 sidera,
414 1471 468 1520 et
496 1463 558 1519 in
590 1478 756 1518 omne
785 1462 933 1535 quod
976 1463 1240 1534 praevales
1269 1463 1526 1519 elationis
1565 1479 1790 1519 sensum

177 1554 408 1610 inclina.
428 1553 530 1609 Vel
549 1560 693 1609 certe
708 1551 777 1608 ad
793 1552 938 1609 beati
958 1552 1060 1609 Job
1077 1553 1333 1610 notitiam
1361 1570 1459 1626 pro
1476 1552 1791 1609 humilian-

176 1646 248 1703 da
279 1645 400 1719 ejus
430 1644 638 1701 virtute
667 1644 984 1710 deducitur,
1000 1662 1165 1718 quam
1188 1645 1329 1701 mira
1344 1644 1677 1719 quandoque
1694 1661 1793 1717 per

178 1736 464 1809 apostolos
483 1742 739 1807 agantur,
756 1734 1135 1808 quimundum
1157 1736 1270 1791 Deo
1290 1734 1615 1806 subjiciunt,
1633 1735 1792 1807 eique

178 1824 486 1881 edomitam
503 1830 792 1897 potentum
810 1823 978 1896 hujus
997 1825 1184 1881 smeuli
1206 1824 1517 1897 superbiam
1541 1823 1789 1892 ﬂectunt,

177 1923 242 1971 ut
270 1920 427 1970 tanto
458 1912 526 1970 de
555 1929 611 1970 se
638 1912 832 1969 beatus
858 1912 960 1969 Job
991 1912 1175 1970 minus
1196 1913 1451 1981 aestimet,
1474 1920 1681 1985 quanto
1702 1929 1790 1985 ag-
1822 1933 1869 1994 Β

180 2004 396 2077 gregari
424 2005 540 2061 Deo
561 2012 671 2060 tam
705 2003 960 2061 difﬁciles
988 2003 1201 2059 animas
1222 2020 1318 2076 per
1334 2004 1471 2059 alios
1500 2003 1673 2059 videt.
1697 2002 1789 2059 Di-

180 2101 269 2151 cat
286 2110 416 2167 ergo
438 2110 450 2149 :
473 2093 734 2165 Nunquid
760 2094 897 2149 volet
922 2093 1231 2149 rhinoceros
1280 2093 1419 2149 tibi?
1467 2092 1743 2149 Subaudis
1774 2110 1786 2148 :

180 2184 340 2244 Sicut
366 2198 464 2256 per
489 2198 583 2240 eos
611 2199 747 2258 quos
776 2182 978 2240 misero
1010 2183 1214 2240 serviet
1232 2181 1395 2239 mihi.
1418 2182 1714 2256 Sequitur:

660 2325 891 2386 CAPUT
922 2329 996 2385 111
1027 2326 1167 2405 [Vet.
1200 2327 1308 2402 II].

263 2450 434 2510 997.
467 2455 607 2512 Iern.
638 2484 710 2496 —
734 2454 845 2511 Aut
870 2456 1173 2512 morabitur
1209 2455 1281 2511 ad
1318 2471 1556 2528 praesepe
1587 2459 1735 2509 tuum
1762 2454 1791 2510 7

254 2545 307 2602 3.
345 2545 640 2617 Scriptura:
663 2552 857 2601 sancta:
877 2546 1077 2618 pabulo
1103 2545 1346 2603 Christus
1366 2547 1458 2602 hos
1478 2545 1539 2599 rh
1548 2544 1793 2599 inocero—

186 2637 257 2687 tes
285 2632 480 2690 nutrit.
511 2664 583 2674 —
610 2633 856 2706 Praesepe
895 2633 1002 2691 hoc
1029 2634 1151 2692 loco
1181 2634 1300 2706 ipsa
1328 2634 1612 2707 Scriptura
1639 2647 1794 2688 sacra

184 2738 296 2778 non
320 2721 784 2779 inconvenienter
812 2724 1103 2797 accipitur,
1134 2724 1192 2780 in
1231 2741 1340 2798 qua
1386 2723 1541 2780 verbi
1590 2723 1791 2797 pabulo

194 2811 466 2868 animalia
494 2818 685 2868 sancta
712 2812 1003 2881 satiantur,
1035 2813 1102 2869 de
1125 2813 1325 2886 quibus
1350 2829 1446 2885 per
1465 2812 1791 2884 Prophetam

184 2900 402 2957 dicitur
427 2918 439 2955 :
474 2899 754 2956 Animalia
785 2907 876 2956 tua
903 2901 1215 2956 habitabant
1241 2902 1375 2956 inea
1411 2900 1584 2971 (Psal.
1616 2916 1790 2967 van,

188 2990 302 3061 11).
337 2988 486 3045 Hinc
506 2988 671 3044 etiam
693 2996 855 3045 natus
884 2990 1155 3046 Dominus
1175 3006 1206 3045 a
1231 2988 1539 3062 pastoribus
1573 2989 1630 3044 in
1662 3005 1794 3061 prae-

193 3078 308 3151 sepi
341 3077 617 3150 reperitur
653 3077 805 3150 (Luc.
838 3096 903 3149 ιι,
956 3081 1070 3153 16),
1115 3081 1246 3153 quia
1292 3078 1411 3152 ejus
1467 3079 1795 3148 incarnatio,

192 3170 207 3202 ¹
246 3167 306 3223 in
337 3184 402 3224 ea
431 3183 553 3241 quae
582 3182 683 3223 nos
726 3167 905 3224 reﬁcit
950 3168 1349 3241 Prophetarum
1394 3167 1666 3241 scriptura
1709 3184 1797 3224 co-

188 3256 493 3329 gnoscitur.
526 3256 866 3314 Rhinoceros
914 3257 1096 3331 itaque
1144 3258 1267 3326 iste,
1313 3257 1572 3315 videlicet
1614 3257 1797 3313 omnis
1836 3295 1880 3357 Ο

188 3347 368 3402 elatus
394 3345 454 3402 in
476 3345 795 3420 primordiis
817 3346 1092 3406 nascentis
1116 3348 1396 3417 Ecclesiae,
1425 3364 1551 3404 cum
1569 3346 1797 3420 patriar-

189 3434 423 3491 charum
473 3435 642 3503 dicta,
701 3453 827 3493 cum
880 3437 1273 3511 prophetarum
1330 3437 1615 3509 mysteria,
1669 3452 1796 3493 cum

190 3523 485 3596 Evangelii
515 3540 712 3581 arcana
740 3525 977 3595 audiret,
1026 3526 1313 3592 irridebat,
1363 3527 1494 3599 quia
1538 3532 1693 3581 tanto
1739 3524 1799 3580 in

189 3612 616 3686 pradicatorum
648 3614 875 3687 praesepi
907 3615 1091 3672 claudi
1120 3615 1415 3689 satiarique
1443 3623 1801 3687 contempse-

189 3709 295 3772 rat,
329 3709 538 3775 quanto
568 3703 591 3737 ³
612 3703 671 3758 in
701 3704 1081 3776 voluptatibus
1110 3705 1349 3777 propriis
1367 3704 1652 3772 dimissus,
1685 3703 1795 3760 de-

189 3792 520 3866 sperationis
542 3809 655 3849 suae
675 3810 930 3866 campum
960 3794 1201 3852 tenebat.
1234 3796 1408 3863 Quem
1437 3794 1800 3867 superborum

191 3898 448 3955 campum
474 3881 615 3939 bene
642 3884 847 3940 Paulus
895 3884 1163 3954 insinuat,
1194 3884 1384 3941 dicens
1414 3903 1426 3941 :
1481 3885 1586 3953 Qui
1613 3884 1804 3956 despe—

192 3979 373 4029 rantes
403 3973 702 4046 semetipsos
721 3975 1060 4031 tradiderunt
1087 3975 1430 4047 impudicitia:
1452 3976 1509 4031 in
1537 3974 1801 4047 operatio-

191 4079 310 4118 nem
366 4061 717 4120 immunditiaz
770 4065 959 4134 omnis,
1013 4064 1073 4121 in
1108 4064 1399 4121 avaritiam
1447 4064 1665 4136 (Ephcs.
1722 4079 1802 4131 Iv,

196 4151 313 4224 19).
349 4150 527 4208 Tanto
556 4156 705 4211 enim
727 4169 785 4210 se
806 4153 1039 4229 quisque
1069 4153 1128 4210 in
1159 4154 1319 4210 malis
1346 4152 1710 4227 praesentibus
1729 4153 1803 4209 la-

192 4240 309 4297 tius
338 4241 574 4312 relaxat,
599 4252 806 4317 quanto
837 4253 959 4316 post
978 4243 1122 4299 hanc
1143 4243 1314 4299 vitam
1344 4259 1402 4298 se
1427 4242 1642 4316 assequi
1663 4242 1808 4298 bona

194 4337 406 4388 aeterna
433 4330 707 4403 desperat.
739 4331 846 4389 Sed
873 4332 1223 4404 omnipotens
1255 4333 1402 4389 Deus
1443 4331 1541 4388 diu
1580 4329 1806 4403 quidem

192 4420 606 4477 rhinocerotem
640 4420 790 4479 hunc
828 4438 922 4495 per
950 4438 1132 4495 pravae
1155 4424 1177 4458 ³
1217 4421 1806 4494 νοιιιρῐειιίςόείωριιιη

193 4519 486 4583 vagantem
510 4510 759 4583 pertulit,
798 4518 853 4567 et
884 4519 1068 4568 tamen
1098 4527 1225 4568 cum
1256 4511 1456 4580 voluit,
1487 4516 1711 4583 repente
1738 4508 1808 4564 ad

194 4616 360 4657 suum
386 4615 625 4673 praesepe
654 4600 928 4672 religavit,
956 4607 1019 4655 ut
1047 4599 1176 4656 vita:
1205 4599 1471 4672 pabulum
1493 4599 1629 4654 bene
1647 4599 1809 4655 clau-

193 4706 291 4746 sus
310 4689 569 4762 accipiat,
599 4705 669 4746 ne
699 4688 870 4745 vitam
902 4688 1154 4745 funditus
1202 4688 1345 4745 male
1383 4687 1527 4744 liber
1567 4688 1805 4745 amittat.

195 4778 341 4836 Ecce
369 4779 518 4836 enim
545 4778 660 4853 jam
682 4780 963 4837 cernimus
978 4777 1124 4852 quod
1141 4786 1392 4852 potentes
1412 4777 1581 4850 hujus
1601 4778 1811 4852 saeculi,

198 4867 429 4942 ejusque
457 4868 737 4942 principes
778 4868 1207 4943 praedicamenta
1244 4866 1528 4924 dominica
1579 4866 1817 4923 libenter

196 4959 460 5027 audiunt,
491 4967 810 5017 constanter
836 4960 1046 5032 legunt,
1079 4960 1101 4994 ⁴
1148 4957 1461 5031 passimque
1512 4973 1543 5012 a
1586 4959 1816 5030 praesepi

201 5065 316 5106 non
346 5058 573 5118 exeunt,
604 5049 735 5123 quia
781 5055 1052 5122 praecepta
1088 5047 1211 5115 Dei,
1260 5062 1381 5119 qua:
1428 5051 1523 5101 aut
1560 5044 1812 5117 legendo,

200 5145 299 5193 aut
318 5135 595 5195 audiendo
623 5143 985 5210 cognoscunt,
1016 5150 1362 5209 nequaquam
1379 5134 1621 5191 vivendo
1641 5141 1813 5191 trans-

199 5226 482 5295 cendunt;
510 5225 607 5284 sed
642 5226 712 5282 ad
740 5225 897 5282 verbi
932 5224 1198 5299 pabulum
1240 5223 1399 5297 quasi
1449 5223 1624 5280 clausi
1669 5231 1816 5280 stare

201 5315 589 5389 aequanimiter
615 5315 874 5383 tolerant,
894 5322 956 5371 ut
975 5313 1188 5371 edendo
1217 5320 1271 5369 et
1291 5311 1663 5385 permanendo
1680 5312 1817 5386 pin-

202 5414 485 5479 guescant.
519 5404 679 5474 Quod
707 5421 836 5463 cum
868 5406 982 5461 Deo
1017 5410 1210 5477 agente
1251 5403 1645 5476 conspicimus,
1679 5402 1813 5476 quid

202 5496 360 5555 aliud
390 5511 556 5571 quam
587 5494 994 5552 rhinocerotem
1024 5494 1177 5552 hunc
1214 5494 1283 5551 ad
1311 5508 1553 5568 praesepe
1582 5507 1816 5550 moran-
1858 5572 1861 5575 ν

281 5709 549 5790 1P_ra_tel.,
578 5707 1035 5790 aliique'Normu
1083 5706 1249 5790 in__eis
1294 5708 1485 5781 quibus
1511 5723 1608 5765 nos
1652 5704 1826 5781 reﬁcit

194 5783 589 5911 νῗνῧέίὲἇὲοη
615 5783 1269 5907 ⁸ῗνῖίέἐῖ⁸απῖιῖι⁶ῗᾶ⁷ἷιὲ⁸⁶““²”·

280 5929 302 5963 ³
330 5895 619 5983 ἐέἑὶὲἴῖὲί
641 5895 1284 5992 ἣὶῖέἶῖῒοῖἷηεατίε.

1897 657 2305 728 praedicationis
2332 658 2654 715 rhinoceros
2676 658 2779 715 iste
2807 659 3051 717 fructum
3101 660 3262 718 debet
3306 668 3503 719 osten-

1897 745 2024 803 dere
2053 747 2256 820 operis,
2287 755 2433 805 recte
2462 748 2821 822 subjungitur
2846 766 2858 804 :

2255 862 2484 921 CAPUT
2512 865 2589 922 IV
2612 864 2754 939 [Vet.
2786 870 2836 920 et
2860 866 2981 923 Rec.
3016 861 3157 937 III].

1970 971 2141 1059 VERS.
2194 974 2274 1030 10.
2307 1006 2379 1017 -
2409 974 2668 1047 Nunquid
2716 975 2968 1048 alligabis
3019 975 3398 1031 rhinocerotem
3434 974 3507 1029 ad

1897 1062 2165 1117 arandum
2191 1064 2306 1118 loro
2339 1069 2425 1119 tuo
2445 1066 2473 1120 7

1968 1155 2021 1211 4.
2057 1156 2247 1212 Sceculi
2272 1157 2535 1229 principes
2564 1156 2747 1212 divina
2768 1163 3034 1229 praecepta
3054 1156 3243 1228 quibus
3278 1156 3509 1228 alligan-

1902 1251 2010 1312 tur,
2033 1247 2333 1319 prwdicant
2359 1254 2409 1302 et
2434 1248 2641 1304 servari
2667 1253 2879 1304 curant.
2903 1248 3125 1303 —Lora
3152 1254 3282 1304 sunt
3304 1246 3507 1303 Eccle-

1899 1336 1995 1393 siae
2023 1347 2295 1410 praecepta
2323 1337 2657 1410 disciplinae.
2689 1338 2860 1394 Arare
2902 1353 3038 1394 vero
3064 1345 3146 1393 est
3173 1353 3269 1409 per
3296 1334 3509 1408 praedi-

1900 1429 2131 1485 cationis
2188 1430 2433 1486 studium
2482 1429 2712 1485 humani
2760 1428 2999 1501 pectoris
3026 1436 3229 1484 terram
3277 1440 3502 1482 vomere

1900 1518 2102 1591 linguae
2131 1520 2505 1592 proscindere.
2539 1520 2643 1577 Hic
2671 1520 2844 1592 igitur
2872 1520 3193 1575 rhinoceros
3222 1514 3503 1589 quondam

1900 1608 2168 1679 superbus
2197 1624 2261 1665 ac
2290 1608 2504 1680 rigidus
2528 1607 2644 1680 jam
2666 1626 2817 1665 nunc
2847 1609 2981 1664 loris
3020 1606 3148 1663 ﬁdei
3179 1612 3399 1661 tenetur
3428 1605 3508 1660 li-

1902 1705 2057 1767 gatus
2086 1715 2101 1765 ;
2133 1704 2297 1769 atque
2326 1713 2358 1752 a
2404 1697 2633 1769 praesepi
2675 1698 2744 1753 ad
2784 1697 3052 1753 arandum
3087 1695 3331 1762 ducitur,
3380 1692 3510 1765 quia

1900 1799 2018 1840 eam
2053 1785 2497 1856 praedicationem
2525 1801 2634 1857 qua
2659 1785 2773 1856 ipse
2794 1784 3031 1840 refectus
3059 1790 3141 1838 est
3163 1782 3509 1837 innotescere

1904 1880 1958 1928 et
1986 1872 2111 1929 aliis
2138 1880 2387 1931 conatur.
2419 1873 2637 1929 Scimus
2665 1872 2813 1929 enim
2835 1871 3156 1928 rhinoceros
3176 1868 3298 1936 iste,
3329 1876 3509 1925 terre-

1906 1978 2012 2017 nus
2044 1961 2304 2017 videlicet
2332 1963 2608 2034 princeps,
2658 1967 2868 2034 quanta
2892 1959 3047 2032 prius
3097 1964 3290 2014 contra
3325 1955 3510 2013 Domi-

1902 2068 2037 2107 num
2079 2051 2409 2108 crudelitate
2446 2050 2707 2119 saevierit,
2751 2058 2807 2107 et
2846 2065 2995 2107 nunc
3035 2055 3227 2121 agente
3273 2044 3511 2103 Domino

1903 2142 2183 2199 cernimus
2234 2150 2440 2215 quanta
2487 2157 2545 2199 se
2585 2141 2636 2197 ei
2683 2140 3001 2198 humilitate
3044 2137 3363 2195 substernit.
3409 2136 3512 2193 Hic

1904 2231 2224 2289 rhinoceros
2258 2249 2370 2289 non
2399 2233 2579 2289 solum
2611 2232 2834 2304 ligatus,
2885 2229 2981 2287 sed
3020 2229 3184 2286 etiam
3227 2227 3296 2283 ad
3342 2242 3513 2282 aran-

1902 2318 2037 2376 dum
2094 2322 2296 2394 ligatus
2355 2329 2459 2390 est,
2511 2321 2641 2395 quia
2682 2320 2946 2377 videlicet
3008 2317 3323 2390 disciplinae
3379 2314 3513 2372 loris

1902 2409 2181 2479 astrictus,
2212 2426 2325 2467 non
2370 2412 2552 2467 solum
2580 2426 2638 2467 se
2687 2426 2720 2466 a
2754 2409 2939 2482 pravis
2989 2407 3248 2480 operibus
3289 2405 3512 2473 retinet,

1903 2498 1998 2555 sed
2026 2498 2279 2556 etiamin
2303 2505 2506 2555 sanctae
2556 2497 2687 2553 ﬁdei
2738 2496 3228 2569 praedicationibus
3270 2498 3510 2549 exercet.

1901 2590 2043 2647 Ecce
2071 2589 2239 2657 enim,
2270 2590 2415 2647 sicut
2441 2588 2693 2661 superius
2720 2586 2928 2644 dictum
2951 2593 3053 2655 est,
3076 2586 3223 2658 ipsos
3250 2582 3514 2639 humana-

1903 2703 2029 2743 rum
2058 2702 2242 2743 rerum
2271 2693 2511 2743 rectores
2532 2700 2595 2740 ac
2621 2682 2897 2754 principes
2911 2681 3045 2737 dum
3073 2685 3317 2735 metuere
3338 2679 3515 2735 Deum

1904 2777 1962 2832 in
1993 2778 2108 2834 suis
2125 2777 2436 2833 actionibus
2451 2774 2752 2843 cernimus,
2774 2773 2908 2846 quid
2925 2771 3077 2828 aliud
3097 2787 3259 2844 quam
3281 2767 3415 2825 loris
3439 2767 3517 2823 li-

1906 2874 2056 2939 gatos
2085 2866 2379 2921 videmus?
2416 2865 2554 2921 Cum
2578 2880 2709 2919 vero
2748 2880 2869 2919 eam
2894 2861 3083 2930 ﬁdem,
3109 2875 3271 2933 quam
3303 2856 3514 2915 dudum

1905 2953 2281 3028 persequendo
2308 2955 2330 2989 ⁶
2363 2953 2841 3024 impugnaverant,
2873 2966 3023 3006 nunc
3050 2948 3278 3021 prolatis
3303 2945 3517 3018 legibus

1906 3044 2203 3119 praedicare
2233 3054 2345 3100 non
2373 3048 2606 3108 cessant,
2640 3039 2774 3114 quid
2803 3038 2956 3096 aliud
2984 3038 3216 3105 faciunt,
3245 3035 3355 3091 nisi
3384 3049 3513 3090 ara-

1907 3136 1982 3192 tri
2011 3134 2292 3191 laboribus
2322 3132 2634 3191 insudant?

1978 3224 2033 3281 5.
2068 3223 2353 3281 chularis
2375 3222 2649 3296 potestatis
2669 3226 2717 3276 et
2736 3218 3052 3276 humilitatis
3075 3215 3378 3273 christiana?
3404 3213 3517 3269 mi-

1910 3332 2003 3370 rus
2031 3329 2331 3369 consensus.
2361 3342 2431 3354 —
2461 3311 2622 3367 Libet
2652 3309 2838 3366 videre
2877 3307 3028 3364 hunc
3083 3306 3516 3371 rhinocerotem,

1908 3402 1965 3460 id
1995 3411 2076 3459 est
2104 3412 2262 3459 terrae
2288 3401 2595 3474 principem
2626 3398 2756 3455 ﬁdei
2786 3398 2921 3453 loris
2966 3396 3220 3468 ligatum,
3260 3392 3518 3467 quemad-

1910 3492 2137 3548 modum
2173 3495 2318 3554 998
2352 3498 2407 3546 et
2433 3506 2609 3547 cornu
2636 3495 2819 3561 portat
2848 3503 2945 3560 per
2972 3485 3275 3559 potentiam
3306 3481 3517 3551 saeculi,

1909 3599 1963 3647 et
1983 3589 2178 3663 jugum
2208 3588 2336 3645 ﬁdei
2365 3588 2600 3645 sustinet
2628 3603 2724 3659 per
2752 3600 2993 3642 amorem
3023 3582 3143 3640 Dei.
3172 3580 3377 3637 Timeri
3416 3579 3519 3636 iste

1910 3681 2234 3738 rhinoceros
2262 3679 2421 3736 valde
2468 3685 2700 3750 poterat,
2732 3676 2842 3732 nisi
2887 3674 3089 3746 ligatus
3132 3677 3290 3728 esset.
3334 3669 3519 3727 Cornu

1911 3771 2115 3843 quippe
2143 3769 2331 3836 habet,
2359 3766 2454 3824 sed
2484 3767 2687 3839 ligatus
2714 3772 2817 3821 est.
2852 3763 3068 3820 Habent
3108 3777 3238 3833 ergo
3285 3759 3345 3814 in
3387 3757 3519 3813 loris

1912 3858 2029 3931 ejus
2056 3858 2204 3932 quod
2234 3856 2474 3913 humiles
2527 3855 2781 3927 diligant,
2830 3851 3036 3908 habent
3079 3850 3138 3905 in
3182 3864 3355 3906 cornu
3400 3845 3520 3917 ejus

1913 3951 2059 4025 quod
2089 3949 2218 4006 elati
2248 3946 2655 4021 pertimescant.
2689 3943 2926 4002 Strictus
2962 3941 3112 3996 enim
3142 3938 3295 4006 loris,
3336 3941 3522 3992 servat

1912 4042 2171 4115 pietatem
2206 4035 2668 4100 mansuetudinis,
2712 4032 2807 4090 sed
2854 4030 3029 4086 fultus
3075 4044 3248 4085 cornu
3290 4034 3521 4082 terrenae

1916 4130 2103 4202 gloria:
2131 4134 2349 4185 exercet
2377 4124 2692 4182 dominium
2718 4117 3022 4193 potestatis.
3055 4118 3385 4189 Plerumque
3413 4129 3522 4169 au-

1914 4229 2025 4277 tem
2055 4235 2181 4276 cum
2210 4217 2466 4288 exigente
2493 4214 2576 4270 ira
2616 4211 2684 4269 ad
2721 4208 3032 4267 feriendum
3063 4206 3296 4279 rapitur,
3330 4202 3524 4261 divino

1916 4312 2114 4368 timore
2154 4314 2462 4365 revocatur.
2512 4305 2585 4361 Et
2621 4301 2844 4376 quidem
2888 4315 2985 4372 per
3012 4303 3388 4369 exasperatam
3417 4310 3527 4367 po—
3586 4365 3592 4371 .

1915 4397 2145 4455 tentiam
2168 4398 2226 4452 in
2255 4394 2498 4451 furorem
2514 4408 2572 4449 se
2596 4391 2806 4457 elevat;
2838 4387 2934 4445 sed
2962 4386 3094 4461 quia
3119 4384 3308 4442 aeterni
3320 4380 3528 4454 judicis

1916 4487 2311 4555 reminiscitur,
2360 4500 2533 4542 cornu
2577 4482 2776 4555 ligatus
2819 4495 2877 4536 se
2914 4478 3167 4535 inclinat.
3217 4475 3370 4547 Saepe
3414 4471 3529 4544 ipse

1917 4581 2123 4637 vidisse
2153 4594 2240 4634 me
2268 4574 2521 4642 memini,
2551 4570 2700 4647 quod
2718 4586 2846 4627 cum
2869 4582 2926 4625 se
2955 4566 3025 4623 ad
3052 4562 3363 4622 feriendum
3394 4576 3530 4634 gra-

1839 4654 1888 4714 D
1920 4670 2064 4726 viter
2114 4667 2208 4725 hic
2250 4665 2573 4723 rhinoceros
2612 4657 2957 4726 accenderet,
3003 4663 3058 4713 et
3104 4653 3260 4729 quasi
3315 4653 3529 4710 elevato

1924 4776 2097 4817 cornu
2114 4756 2364 4816 bestiolis
2392 4752 2644 4810 minimis
2668 4756 2890 4816 mortes,
2909 4747 3129 4815 exsilia,
3147 4742 3528 4801 damnationes

1924 4865 2030 4923 que
2080 4845 2341 4920 subjectis
2390 4840 2678 4902 immensis
2715 4836 3020 4895 terroribus
3074 4834 3392 4930 intentaret,

1922 4948 2087 5014 pente
2108 4938 2278 4995 fronti
2309 4936 2467 5007 signo
2494 4932 2676 4990 crucis
2703 4930 2989 5002 impresso,
3030 4939 3194 4980 omne
3223 4936 3298 5014 Am
3346 4935 3405 5014 se
3448 4934 3528 4973 1n-

1924 5007 2183 5089 cendium
2234 5026 2440 5083 furoris
2471 5021 2765 5088 exstinxit,
2813 5030 3112 5075 conversus
3158 5011 3337 5069 minas
3367 5007 3530 5082 depo.

1924 5120 2067 5187 suit;
2099 5125 2155 5175 et
2182 5116 2313 5191 quia
2340 5115 2409 5171 ad
2436 5113 2737 5170 deliberata
2765 5102 3016 5181 progredi
3046 5118 3159 5158 non
3201 5105 3401 5174 posset,
3452 5098 3534 5154 li-

1924 5223 2080 5290 gatus
2109 5211 2354 5287 agnovit.
2385 5210 2459 5266 Et
2484 5223 2597 5264 non
2624 5206 2804 5263 solum
2841 5203 2899 5257 in
2928 5214 2984 5256 se
3012 5198 3123 5254 iras
3167 5196 3406 5290 edomat,
3438 5192 3534 5251 sed

1925 5286 1982 5364 in
2012 5303 2385 5378 subjectorum
2415 5300 2582 5358 etiam
2626 5293 2877 5353 sensibus
2921 5305 3085 5348 omne
3123 5286 3271 5362 quod
3321 5293 3531 5378 rectum

1925 5405 2008 5455 est
2035 5376 2273 5452 inserere
2300 5389 2546 5457 festinat,
2575 5395 2639 5444 ut
2666 5384 2795 5458 quia
2823 5395 3016 5438 omnes
3041 5386 3287 5436 sanctam
3333 5376 3538 5434 Eccle-

1926 5488 2064 5546 siam
2095 5500 2166 5542 ex
2194 5483 2393 5540 intima
2411 5476 2745 5552 cogitatione
2764 5477 3118 5539 venerentur,
3137 5465 3392 5542 exemplo
3422 5465 3536 5538 ipse

2001 5705 2023 5741 ‘
2054 5704 2145 5761 Sic
2172 5701 2401 5767 Turon.,
2432 5697 2543 5754 duo
2571 5695 2780 5767 Germ.,
2800 5689 3067 5767 ﬁndor.”
3098 5681 3534 5767 Laudun.,__Val.

1932 5776 2040 5845 CL,
2097 5761 2543 5845 Norman.,'_etc.,
2575 5761 2773 5845 etsi_in
2799 5763 2981 5845 Editis
3009 5763 3242 5834 legatur,
3272 5761 3532 5845 pastique.

2003 5833 2040 5885 δ’
2051 5845 2317 5907 Nonnulli
2344 5833 2823 5914 Edit.,'mendose,
2843 5833 3321 5908 impinguaverant.
