3936 6388
425 383 533 441 575

1625 381 1876 440 SANCTI
1937 381 2279 442 GREGORII
2317 383 2544 442 MAGNI

3651 393 3762 449 576

425 525 537 568 sua:
578 508 910 566 humilitatis
955 509 1308 568 demonstret.
1353 509 1581 566 Dicatur
1633 508 1804 582 igitur
1858 507 2018 563 beato
2062 509 2111 568 Α
2140 509 2377 564 exaratis
2411 508 2650 566 vallibus
2673 509 2898 582 jacent?
2921 508 3026 578 Qui
3047 526 3110 565 eo
3136 511 3429 583 nequiores
3451 517 3606 581 sunt,
3639 529 3758 586 quo

424 599 525 657 Joh
550 616 562 655 ε
584 599 842 672 Nunquid
867 601 1114 672 alligabis
1133 601 1509 656 rhinocerotem
1527 600 1598 654 ad
1625 599 1894 654 arandum
1916 599 2031 654 loro

429 691 555 746 tuo?
584 691 666 747 Ac
693 690 741 746 si
770 698 952 764 aperte
997 691 1146 750 dicat
1177 710 1189 748 :
1240 690 1503 764 Nunquid
1566 696 1814 762 potentes
1865 687 2033 760 hujus

426 777 614 836 saeculi
644 779 703 834 in
733 795 832 836 sua
855 779 1007 836 fatua
1033 780 1271 836 elatione
1291 778 1648 847 conﬁdentes,
1678 778 1747 834 ad
1785 778 2030 834 laborem

426 869 834 942 praedicationis
871 869 1086 942 dirigis,
1135 878 1189 926 et
1221 872 1238 905 ¹
1293 869 1396 926 sub
1447 868 1756 940 disciplinae
1804 867 2034 924 vincula

429 958 713 1030 restringis
740 959 1096 1017 iSuhaudis:
1131 961 1202 1016 Ut
1217 975 1334 1030 ego,
1364 959 1460 1032 qui
1491 958 1550 1014 id
1578 959 1664 1026 egi
1692 976 1817 1016 cum
1849 957 2030 1027 volui,

429 1049 524 1121 qui
575 1057 949 1121 persecutores
986 1065 1156 1118 meos,
1199 1065 1337 1123 quos
1386 1048 1540 1121 prius
1581 1047 1766 1104 hostes
1808 1047 2034 1120 pertuli,

425 1137 588 1211 jpsos
641 1138 992 1211 postmodum
1035 1145 1198 1195 rectae
1244 1138 1373 1195 fidei
1413 1137 1729 1194 defensores
1771 1137 1896 1194 feci.
1947 1138 2036 1194 Se-

430 1228 622 1303 quitur
654 1245 667 1284 :
1179 1219 1185 1225 ’

916 1317 1146 1376 CAPUT
1175 1319 1226 1376 v
1258 1317 1398 1393 [Vet.
1432 1317 1556 1392 IV].

502 1408 831 1468 Imm—Aut
854 1409 1151 1482 confringet
1175 1409 1350 1481 glebas
1379 1409 1606 1464 vallium
1630 1415 1751 1480 post
1781 1414 1825 1465 te
1849 1408 1877 1465 ?

501 1503 555 1560 6.
589 1501 693 1572 Qui
711 1503 869 1576 prius
897 1502 1022 1575 fidei
1037 1507 1414 1574 persecutores,
1431 1501 1764 1573 postmodum
1779 1497 2037 1572 prazdica-

440 1599 577 1650 tores
604 1599 654 1649 et
677 1599 963 1648 assertores
995 1591 1144 1663 facti.
1175 1622 1246 1633 —
1275 1591 1468 1648 Solent
1497 1591 1732 1648 excultas
1765 1597 1921 1646 terrae
1951 1604 2039 1643 su-

431 1679 768 1754 perjacentes
795 1681 965 1754 glebae
988 1679 1192 1753 jactata
1211 1681 1422 1737 semina
1437 1696 1702 1753 premere,
1729 1687 1782 1736 et
1802 1693 2040 1734 nascen-

432 1769 513 1827 tia
539 1769 823 1827 suffocare.
856 1770 1070 1838 Quibus
1097 1769 1269 1842 glebis
1317 1769 1424 1828 hoc
1460 1772 1582 1827 loco
1613 1769 1697 1826 illi
1725 1769 2035 1840 signantur,

2143 613 2244 653 nec
2272 598 2376 670 ipsi
2407 599 2739 656 humilitatis
2769 600 3010 656 fructum
3043 599 3352 672 proferunt,
3383 607 3438 656 et
3471 601 3624 674 quod
3664 609 3762 659 est

2143 685 2401 756 deterius,
2436 689 2774 760 proferentes
2824 689 3063 745 humiles
3112 697 3390 761 premunt.
3437 690 3526 746 Ad
3555 691 3762 749 horum

2143 777 2407 834 duritiam
2425 780 2836 836 dissolvendam
2861 797 3258 854 nonnunquam
3277 791 3467 838 sancta
3487 783 3761 852 Ecclesia,

2145 869 2274 942 quia
2295 871 2514 942 propria
2531 871 2739 926 virtute
2763 889 2876 928 non
2913 873 3137 938 squicit,
3168 871 3539 928 rhinocerotis
3569 872 3762 946 hujus,

2147 959 2203 1016 id
2231 969 2311 1016 est
2347 964 2548 1018 terreni
2580 963 2852 1037 principis
2887 963 3309 1036 opitulationem
3329 964 3767 1036 quzerit,utipse

2146 1049 2550 1123 superjaccntes
2582 1053 2766 1124 glebas
2795 1060 3068 1120 conterat,
3101 1069 3236 1126 quas
3266 1052 3644 1108 Ecclesiarum
3663 1051 3766 1108 hu-

2148 1143 2352 1199 militas
2384 1145 2537 1217 quasi
2571 1144 2830 1217 planities
2879 1145 3117 1200 vallium
3167 1154 3369 1217 portat.
3417 1147 3527 1203 Has
3574 1146 3768 1219 itaque

2147 1232 2330 1304 glebas
2374 1233 2697 1290 rhinoceros
2728 1235 2860 1306 pede
2893 1235 3098 1308 premit
3135 1251 3198 1292 ac
3243 1235 3596 1304 comminuit,
3635 1235 3769 1309 quia

2148 1338 2445 1393 pravorum
2480 1325 2900 1396 potentiumque
2937 1323 3227 1394 duritiam,
3262 1326 3353 1382 cui
3386 1325 3769 1383 ecclesiastica

2149 1409 2438 1468 humilitas
2461 1413 2716 1469 resistere
2745 1431 2862 1470 non
2895 1416 3064 1483 valet,
3096 1415 3424 1487 principalis
3467 1413 3665 1485 religio
3698 1430 3768 1468 ex

2147 1508 2413 1572 potestate
2445 1503 2722 1559 dissolvit.
2767 1503 2927 1572 Quod
2977 1505 3107 1577 quia
3153 1506 3270 1561 sola
3311 1503 3506 1560 divina
3555 1503 3771 1558 virtute

2147 1591 2346 1661 agitur,
2383 1599 2444 1648 ut
2471 1594 2676 1649 terreni
2707 1595 2860 1665 regni
2891 1595 3137 1651 culmina
3167 1597 3187 1630 δ
3223 1594 3292 1650 ad
3321 1601 3648 1667 provectum
3683 1612 3770 1651 re-

2149 1679 2242 1750 gni
2283 1682 2520 1739 caelestis
2563 1683 2922 1752 inclinentur,
2967 1691 3116 1740 recte
3170 1701 3319 1740 nunc
3363 1684 3613 1740 dicitur:
3658 1683 3772 1738 Aut

2148 1771 2442 1843 confringet
2471 1774 2647 1843 glebas
2674 1775 2898 1830 callium
2925 1780 3044 1846 post
3068 1780 3112 1828 te
3131 1776 3158 1830 i’
3178 1775 3245 1830 Ut
3268 1790 3398 1828 vero
3418 1773 3485 1829 de
3511 1772 3628 1828 suis
3659 1772 3769 1828 \‘ir-

349 1927 366 1948 .
437 1858 533 1933 qui
563 1874 658 1932 per
688 1859 949 1916 duritiam
982 1876 1136 1916 suam
1158 1868 1319 1932 atque
1348 1859 1661 1932 pestiferam
1700 1858 1897 1926 vitam,
1937 1872 2039 1911 nec
2069 1871 2114 1931 Β
2149 1859 2366 1916 tutibus
2395 1861 2586 1918 beatus
2609 1863 2710 1918 Job
2741 1862 2980 1918 humilia
3009 1861 3235 1928 sentiat,
3267 1871 3320 1919 et
3349 1861 3532 1918 adhuc
3553 1862 3622 1917 de
3654 1861 3773 1917 hu-

437 1948 546 2021 ipsi
573 1949 787 2005 semina
815 1947 971 2005 verbi
1013 1950 1310 2022 recipiunt,
1341 1966 1444 2008 nec
1487 1957 1832 2022 receptorum
1863 1949 2042 2006 semi-

437 2054 573 2095 num
601 2038 818 2097 fructus
850 2039 988 2096 alios
1033 2039 1175 2096 ferre
1221 2039 1570 2112 permittunt.
1613 2041 1845 2098 Sanctus
1887 2039 2035 2096 enim

435 2127 669 2202 quisque
696 2127 1020 2201 praedicator
1046 2129 1104 2186 in
1139 2127 1411 2186 mundum
1454 2129 1702 2199 veniens,
1748 2129 2043 2202 evangeli—

435 2217 612 2275 zando
643 2218 997 2292 pauperibus,
1028 2220 1184 2292 quasi
1233 2219 1427 2275 molles
1460 2220 1691 2278 vallium
1725 2227 1894 2276 terras
1925 2235 2040 2275 ara-

439 2314 594 2362 verat
614 2325 628 2374 ;
651 2306 747 2364 sed
761 2307 1124 2380 quorumdam
1145 2307 1407 2364 duritiam
1441 2309 1462 2344 ³
1492 2310 1762 2365 elatorum
1793 2307 2041 2369 Ecclesia

439 2412 692 2470 rumpere
733 2413 844 2454 non
895 2399 1104 2466 valens,
1147 2415 1240 2455 eos
1287 2399 1440 2472 quasi
1489 2399 1824 2470 superjectas
1865 2398 2039 2454 labori

439 2503 540 2544 suo
567 2486 752 2558 glebas
777 2503 1034 2560 oppressa
1060 2487 1346 2544 tolerabat.
1380 2489 1543 2546 Multi
1573 2489 1722 2544 enim
1763 2504 2039 2561 perversae

439 2574 640 2632 mentis
667 2575 784 2648 ipsa
810 2583 1150 2634 terrenorum
1178 2577 1492 2650 principum
1523 2576 1851 2633 inﬁdelitate
1901 2593 2037 2634 con-

439 2664 550 2734 ﬁsi,
578 2671 889 2737 surgentem
919 2665 1225 2722 Ecclesiam
1245 2667 1387 2722 male
1407 2665 1634 2722 vivendi
1652 2666 1892 2738 pondere
1909 2683 2042 2739 pre-

439 2754 682 2821 mebant,
707 2755 728 2789 ³
749 2770 875 2810 cum
906 2753 1004 2810 diu
1033 2771 1169 2828 quos
1189 2763 1410 2828 possent
1436 2755 1600 2812 modo
1630 2755 1752 2811 dam
1763 2755 2042 2812 nabilibus

439 2843 730 2916 exemplis,
763 2844 928 2901 modo
954 2843 1142 2912 minis,
1175 2845 1337 2901 modo
1369 2845 1764 2902 blandimentis
1793 2845 2040 2902 destrue-

440 2941 584 3004 rent,
615 2951 684 2991 ne
711 2941 857 2992 terra
881 2935 1066 2992 cordis
1103 2935 1420 2992 auditorum
1449 2936 1518 2992 ad
1547 2936 1816 3008 spiritalis
1859 2937 2041 2992 semi-

437 3024 525 3080 nis
553 3023 796 3080 fructum
821 3024 1044 3082 exculta
1070 3025 1395 3097 perveniret.
1429 3026 1502 3081 At
1529 3042 1657 3081 cum
1686 3024 2041 3098 omnipotens

435 3113 584 3168 Deus
631 3111 782 3170 hunc
803 3111 1212 3170 rhinocerotem
1243 3115 1265 3148 ⁴
1317 3113 1450 3170 loris
1485 3114 1602 3170 suis
1639 3112 1908 3182 subdidit,
1945 3129 2040 3185 per

2144 1947 2236 2020 jus
2268 1949 2462 2005 mundi
2493 1950 2862 2022 potestatibus
2893 1951 2998 2006 sub
3030 1949 3397 2006 rhinocerotis
3421 1951 3654 2006 nomine
3683 1967 3771 2005 su-

2149 2036 2344 2093 blimia
2369 2046 2682 2111 cognoscat,
2707 2039 2957 2112 sequitur
2987 2058 2998 2096 :

2782 2130 3011 2186 CAPUT
3044 2129 3140 2186 VI.

2220 2215 2390 2272 VERS.
2421 2217 2508 2272 11.
2539 2248 2610 2258 --
2629 2219 2650 2252 ⁷
2673 2219 2929 2289 Nunquid
2957 2219 3210 2292 ﬁduciam
3239 2219 3446 2275 habebis
3479 2219 3536 2274 in
3567 2237 3771 2293 magna

2149 2305 2464 2376 fortitudine
2490 2306 2624 2377 ejus,
2653 2314 2700 2362 et
2729 2309 3055 2380 derelinques
3085 2309 3131 2364 ei
3161 2309 3365 2366 labores
3382 2316 3498 2364 tuos
3519 2312 3548 2364 ἓν

2221 2395 2274 2451 8.
2308 2397 2635 2468 Temporalis
2649 2397 2912 2468 principis
2938 2403 3246 2468 potestatem
3279 2399 3378 2453 sibi
3404 2399 3608 2454 servire
3637 2400 3774 2472 cogit

2155 2485 2419 2552 Christus,
2449 2487 2596 2557 eique
2623 2504 2774 2542 suam
2816 2489 3116 2544 Ecclesiam
3157 2490 3383 2544 credidit
3411 2508 3474 2545 ac
3515 2507 3772 2545 commen-

2151 2575 2459 2632 davit.—In
2478 2575 2846 2632 rhinocerotis
2863 2577 3197 2634 fortitudine
3215 2578 3476 2634 ﬁduciam
3493 2577 3772 2634 Dominus

2151 2665 2355 2722 habere
2383 2685 2440 2724 se
2469 2667 2686 2735 asserit,
2725 2667 2856 2740 quia
2888 2668 3036 2724 vires
3065 2685 3201 2741 quas
3238 2669 3621 2741 temporaliter
3650 2676 3775 2725 ter-

2151 2773 2288 2812 reno
2319 2756 2558 2828 principi
2593 2756 2851 2826 contulit,
2881 2757 2949 2812 ad
2978 2759 3193 2814 cultum
3225 2774 3340 2813 suae
3388 2757 3773 2813 venerationis

2151 2847 2464 2923 inclinavit,
2497 2854 2558 2902 ut
2587 2863 2657 2902 ex
2686 2856 2908 2921 accepta
2927 2857 3213 2922 potestate,
3236 2867 3332 2924 per
3360 2867 3524 2926 quam
3554 2851 3774 2908 dudum

2150 2947 2342 2994 contra
2369 2939 2545 2993 Deum
2576 2944 2872 3008 tumuerat,
2907 2939 3225 3012 religiosum
3269 2957 3418 2998 nunc
3461 2943 3578 2998 Deo
3607 2941 3772 2999 obse-

2151 3031 2343 3104 quium
2376 3031 2676 3105 impendat.
2709 3033 2828 3100 Quo
2855 3034 3003 3090 enim
3035 3034 3094 3090 in
3122 3034 3392 3092 mundum
3415 3037 3538 3109 plus
3564 3045 3774 3108 potest,

2150 3137 2214 3178 eo
2262 3139 2360 3194 pro
2407 3123 2603 3179 mundi
2643 3130 2868 3179 auctore
2916 3125 3040 3198 plus
3083 3126 3364 3198 praevalet.
3403 3127 3543 3183 Nam
3579 3129 3719 3199 quia
3745 3144 3776 3182 a

437 3219 564 3258 eum
592 3201 744 3260 illico
799 3201 1080 3294 glebarum
1126 3201 1393 3294 duritiam
1435 3203 1624 3294 fregit.
1660 3204 1792 3294 Mox
1835 3203 2036 3294 quippe
2069 3234 2112 3294 ρ
2149 3213 2409 3286 subjectis
2448 3214 2563 3285 ipse
2620 3214 2906 3284 metuitur,
2967 3222 3121 3272 tanto
3169 3216 3394 3273 facilius
3451 3216 3774 3290 persuadet,

435 3299 715 3348 terrenum
747 3289 1116 3362 principatum
1165 3307 1278 3347 suae
1322 3291 1454 3348 ﬁdei
1502 3291 1843 3365 subjugavit,
1895 3293 2035 3350 dura

440 3379 883 3453 persequentium
912 3379 1078 3435 corda
1105 3379 1392 3448 contrivit,
1436 3387 1499 3436 ut
1539 3381 1694 3454 quasi
1744 3381 2040 3438 confractus

441 3469 611 3541 gleba
638 3484 751 3524 non
773 3466 890 3540 jam
919 3467 1201 3524 obdurataa
1229 3477 1562 3541 premerent,
1593 3469 1692 3525 sed
1735 3470 1804 3525 ad
1843 3486 2041 3542 perce-

440 3567 534 3633 pta
561 3557 714 3615 verbi
743 3558 954 3614 semina
979 3557 1232 3615 resoluta)
1276 3558 1664 3631 germinarent.
1710 3557 1865 3615 Unde
1897 3566 2042 3616 recte

440 3666 591 3708 nunc
617 3649 694 3706 ait
720 3667 732 3706 :
766 3651 880 3705 Aut
906 3649 1202 3720 confringet
1220 3649 1394 3721 glebas
1424 3649 1647 3704 vallium
1671 3655 1796 3721 post
1824 3655 1868 3704 te
1888 3652 1915 3706 ?
1961 3651 2041 3708 Ac

439 3740 486 3797 si
515 3739 752 3796 diceret:
776 3738 932 3796 Sicut
945 3745 1069 3810 post
1093 3731 1200 3808 ine,
1223 3738 1318 3811 qui
1349 3745 1638 3812 postquam
1672 3745 1908 3794 mentem
1930 3755 2041 3794 eu-

433 3827 664 3902 juslibet
691 3828 846 3886 elatae
875 3829 1162 3900 potestatis
1195 3827 1497 3901 ingredior,
1530 3844 1641 3884 non
1690 3829 1872 3884 solum
1921 3844 2041 3883 eam

440 3919 581 3976 mihi
611 3919 886 3976 subditam
917 3919 1108 3988 reddo,
1140 3919 1234 3976 sed
1263 3919 1428 3975 etiam
1459 3917 1527 3974 ad
1570 3917 1934 3976 conterendos
1965 3917 2043 3973 ﬁ-

439 4008 527 4066 dei
553 4009 740 4067 hostes
768 4011 790 4045 ⁶
821 4025 1070 4078 exerceo,
1104 4018 1165 4066 ut
1195 4016 1444 4081 potentes
1471 4007 1640 4081 hujus
1668 4009 1854 4065 saeculi
1905 4024 2042 4064 mea)

437 4097 752 4156 formidinis
780 4097 914 4156 loris
943 4098 1120 4172 ligati,
1151 4114 1264 4154 non
1301 4099 1482 4156 solum
1526 4097 1584 4153 in
1633 4113 1719 4153 me
1755 4095 2044 4154 credentes

439 4205 813 4269 permaneant,
841 4196 938 4253 sed
966 4203 1020 4252 et
1045 4211 1145 4268 pro
1175 4211 1263 4250 me
1291 4199 1438 4258 999
1467 4195 1635 4251 alieni
1667 4195 1852 4253 cordis
1881 4195 2046 4252 duri-

437 4294 574 4351 tiam
599 4295 840 4352 zelantes
877 4295 1158 4367 frangant.

511 4385 564 4440 7.
595 4385 663 4440 In
689 4401 784 4440 suo
811 4383 935 4439 sinu
968 4385 1162 4439 multos
1189 4383 1358 4438 hostes
1388 4383 1539 4439 habet
1565 4383 1828 4449 Ecclesia,
1858 4388 2046 4438 contra

439 4490 570 4545 quos
585 4479 920 4529 terrenarum
944 4472 1250 4543 principum
1275 4488 1424 4545 opem
1451 4473 1662 4544 quaerit.
1693 4501 1764 4513 —
1795 4473 1910 4528 Hoc
1937 4487 2047 4527 au-

2151 3309 2356 3376 quanto
2386 3309 2440 3358 et
2476 3317 2602 3358 eum
2635 3311 2900 3376 potestate
2923 3302 3142 3376 judicat
3171 3306 3266 3380 qui
3294 3322 3422 3362 vere
3457 3313 3769 3364 metuatur.

2149 3393 2376 3449 Dicatur
2404 3409 2566 3462 ergo:
2623 3393 2881 3463 Nunquid
2927 3395 3180 3466 ﬁduciam
3227 3395 3522 3450 habebis-in
3560 3413 3765 3467 magna

2149 3479 2466 3552 fortitudine
2492 3481 2649 3551 ejus?
2679 3483 2760 3538 Ac
2787 3483 2833 3538 si
2857 3483 3132 3540 diceretur
3166 3503 3177 3540 :
3222 3485 3291 3542 Ut
3321 3501 3438 3557 ego,
3473 3485 3572 3559 qui
3609 3485 3768 3541 vires

2153 3577 2497 3626 terrenorum
2529 3571 2841 3645 principum
2863 3589 2981 3629 meo
3003 3575 3180 3630 cultui
3197 3575 3498 3632 servituras
3526 3573 3768 3647 aspicio.

2155 3663 2372 3718 Tanto“
2407 3663 2554 3718 enim
2603 3679 2666 3718 ea
2703 3681 2823 3736 qua:
2870 3681 3020 3720 nunc
3067 3665 3204 3736 agis,
3261 3664 3478 3721 minora
3519 3667 3768 3735 aestimo,

2154 3761 2358 3825 quanto
2383 3751 2496 3824 jam
2529 3752 2829 3825 praevideo,
2863 3753 2992 3826 quia
3023 3759 3076 3809 et
3106 3753 3343 3826 majores
3371 3754 3540 3828 hujus
3571 3756 3774 3813 mundi

2154 3841 2296 3898 mihi
2328 3850 2624 3915 potestates
2655 3843 2956 3900 inclinabo.
2983 3844 3130 3899 Bene
3159 3851 3344 3900 autem
3376 3845 3680 3904 subditur:
3705 3851 3779 3906 Et

2152 3933 2478 4004 derelinques
2505 3935 2551 3990 ei
2579 3935 2782 3990 labores
2813 3941 2926 3988 tuos
2957 3935 2984 3989 9
3013 3933 3253 3992 Labores
3283 3925 3432 3991 enim
3463 3954 3598 3994 suos
3639 3938 3778 3995 huic

2153 4022 2493 4080 rhinoceroti
2521 4025 2792 4080 Dominus
2813 4023 3062 4097 reliquit,
3085 4024 3216 4098 quia
3243 4041 3514 4082 converso
3548 4034 3776 4084 terreno

2155 4114 2390 4187 principi
2420 4131 2539 4170 eam
2571 4130 2733 4188 quam
2767 4130 2865 4170 sua
2897 4122 3071 4170 morte
3116 4122 3388 4172 mercatus
3417 4123 3519 4184 est,
3551 4117 3774 4174 Eccle—

2155 4204 2290 4258 siam
2321 4202 2558 4259 credidit
2590 4220 2602 4257 :
2640 4202 2771 4276 quia
2802 4201 3063 4259 videlicet
3093 4201 3150 4258 in
3181 4201 3300 4274 ejus
3341 4220 3511 4260 manu
3559 4213 3777 4278 quanta

2154 4291 2529 4350 sollicitudine
2586 4308 2696 4364 pax
2753 4290 2881 4347 fidei
2942 4291 3016 4348 sit
3077 4290 3284 4348 tuenda
3337 4292 3644 4351 commisit.
3682 4295 3776 4351 Se-

2157 4382 2350 4456 quitur
2381 4399 2392 4438 :

2448 4470 2676 4528 CAPUT
2742 4471 2844 4529 VII
2890 4468 3028 4545 [Vet.
3081 4472 3139 4542 V,
3179 4473 3299 4529 Rec.
3349 4470 3475 4547 IV].

439 4573 551 4622 tem
580 4565 730 4641 quod
757 4565 824 4622 de
852 4565 1169 4660 inﬁdelibus
1197 4565 1464 4634 diximus,
1495 4565 1555 4622 in
1585 4565 1860 4638 plerisque
1876 4565 2041 4622 etiam
2070 4599 2118 4660 Β
2226 4563 2397 4620 Vsus.
2564 4593 2634 4604 —
2667 4563 2930 4634 Nunquid
2975 4563 3150 4619 credes
3190 4563 3237 4618 ei
3282 4563 3428 4634 quod
3461 4563 3656 4620 reddat
3705 4582 3780 4622 se-

439 4655 536 4729 qui
563 4655 694 4713 ﬁdei
721 4654 947 4712 nomine
975 4663 1267 4713 censentur
1297 4655 1569 4714 videmus.
1603 4655 1768 4712 Multi
1798 4671 2038 4728 namque

441 4745 498 4801 in
517 4744 700 4803 medio
736 4743 1037 4801 humilium
1069 4743 1303 4801 fratrum
1345 4743 1511 4817 positi
1557 4743 1724 4802 fidem
1767 4743 1936 4800 verbo
1965 4751 2040 4800 te-

439 4852 546 4894 nus
571 4841 784 4904 tenent,
801 4833 896 4892 sed
924 4833 1056 4892 dum
1077 4833 1334 4892 elationis
1349 4834 1588 4908 typhum
1618 4849 1729 4890 non
1757 4833 2040 4900 deserunt,

439 4925 569 4983 dum
591 4941 731 5000 quos
758 4931 989 4997 possunt
1036 4923 1208 4982 illatis
1240 4923 1528 4982 violentiis
1576 4930 1858 4996 premunt,
1907 4922 2039 4978 dum

438 5011 903 5074 tructiﬁcantibus
929 5011 1054 5071 aliis
1092 5013 1204 5086 ipsi
1247 5029 1596 5087 nequaquam
1637 5011 1851 5070 semina
1886 5010 2043 5068 verbi

441 5103 736 5178 recipiunt,
784 5103 881 5162 sed
925 5104 995 5162 ab
1029 5103 1386 5161 exhortantis
1437 5120 1573 5161 voce
1621 5119 1810 5160 aurem
1860 5102 2044 5159 cordis

441 5203 715 5263 avertunt,
737 5193 832 5250 isti
855 5192 995 5268 quid
1033 5192 1210 5262 aliud,
1240 5207 1406 5268 quam
1449 5192 1730 5250 obdurataa
1767 5191 1940 5266 glebae
1985 5192 2044 5247 in

519 5380 536 5452 ξ
567 5379 767 5452 Pratel.
805 5387 860 5436 et
887 5379 1054 5448 Utic.,
1084 5379 1179 5452 sub
1207 5380 1502 5452 disciplince
1536 5380 1782 5437 vinculis.

518 5450 540 5484 ²
585 5449 832 5518 Ebroic.,
879 5451 1109 5526 Pratelu
1147 5451 1258 5526 duo
1304 5449 1722 5526 Germanenses,
1775 5469 1912 5526 quos
1955 5469 2034 5510 se-

444 5528 690 5596 quuntur
715 5591 724 5596 Α
745 5528 954 5576 veteres
1007 5521 1157 5579 Edit.
1203 5525 1374 5596 Raris.
1408 5532 1461 5580 et
1489 5527 1681 5596 Basil.,
1710 5521 2034 5596 electorum,

445 5591 891 5664 quodivitiosum
923 5609 1038 5664 esse
1067 5610 1178 5650 non
1213 5595 1549 5653 dubitamus.

517 5665 538 5738 ξ’
563 5662 690 5738 Ea].
721 5662 806 5738 gl.
836 5671 890 5738 et
917 5663 1114 5738 Laud.,
1141 5682 1258 5720 cum
1286 5667 1378 5722 diu
1405 5685 1508 5738 quo
1537 5675 1756 5738 possunt
1785 5671 1958 5724 modo.

517 5735 539 5770 ⁴
563 5733 688 5792 Val.
715 5733 829 5812 _Cl.,
851 5735 988 5812 hunc
1012 5733 1695 5812 rhinocerqta..._subdilit,
1729 5741 1870 5797 dura
1902 5757 2038 5812 per-

444 5823 552 5888 seq.
603 5806 786 5888 corda,
822 5806 1068 5888 _omissis
1093 5807 1380 5888 .omnibus
1433 5810 1578 5870 aliis.
1619 5812 1780 5871 Corb.
1823 5806 2034 5883 Germ,

444 5877 792 5934 rhinocerota.
815 5878 1024 5944 Germ.,
1059 5877 1384 5934 rhinocerota
1393 5897 1458 5937 ιη,

2147 4658 2366 4708 mentem
2395 4651 2507 4720 tibi,
2535 4658 2584 4708 et
2615 4670 2800 4708 arcam
2832 4659 2988 4709 tuam
3013 4655 3325 4725 congreget?

2220 4746 2274 4802 9.
2306 4746 2416 4802 Pro
2446 4745 2684 4800 Ecclesia
2716 4746 2846 4816 leges
2872 4747 3226 4816 promulgat;
3254 4745 3348 4815 qui
3368 4744 3574 4800 dudum
3589 4753 3780 4803 contra

2151 4852 2265 4891 eam
2293 4835 2633 4890 saeviebat—
2652 4834 2761 4902 Qui
2791 4833 2946 4890 aliud
2989 4849 3199 4903 semen,
3228 4833 3338 4890 nisi
3369 4833 3601 4891 verbum
3626 4852 3778 4908 prae-

2152 4924 2446 4982 dicationis
2475 4923 2752 4997 accipitur
2782 4924 2809 4980 ‘l
2827 4923 2975 4981 sicut
3003 4924 3062 4980 in
3091 4923 3397 4996 Evangelio
3436 4925 3659 4983 Veritas
3695 4924 3778 4982 di-

2151 5013 2229 5072 cit
2262 5032 2274 5071 :
2301 5015 2461 5072 Exiit
2487 5014 2582 5086 qui
2609 5013 2863 5079 seminat,
2895 5013 3154 5070 seminare
3185 5013 3400 5085 (Matth.
3430 5031 3561 5083 xm,
3589 5014 3646 5088 3)
3674 5033 3690 5080 ;
3724 5021 3778 5069 et

2153 5105 2298 5162 sicut
2325 5103 2594 5176 propheta
2623 5103 2702 5159 ait
2726 5119 2738 5158 ε
2785 5103 2940 5159 Beati
2980 5103 3074 5172 qui
3112 5102 3384 5158 seminatis
3413 5119 3574 5174 super
3601 5119 3779 5159 omnes

2151 5210 2320 5266 aquas
2353 5193 2510 5265 (Isai.
2545 5209 2732 5258 χχχιι,
2751 5192 2870 5263 20).
2893 5190 3040 5260 Quid
3062 5191 3215 5249 aliud
3241 5207 3367 5248 area
3396 5191 3508 5248 nisi
3527 5190 3778 5249 Ecclesia

2217 5383 2239 5418 ⁸
2271 5383 2396 5440 Val.
2431 5381 2539 5450 CL,
2568 5399 2747 5437 acere.

2219 5456 2240 5489 ⁶
2277 5455 2472 5522 Gilot.,
2506 5453 2710 5520 Vatia,
2750 5453 2890 5510 Guss
2909 5469 3038 5508 anv.
3094 5460 3147 5508 et
3189 5450 3286 5518 al.,
3328 5466 3455 5506 cum
3499 5451 3628 5508 Mss.
3662 5450 3771 5506 Ed.

2147 5525 2354 5595 Germ.,
2387 5527 2458 5582 ad
2485 5525 2815 5596 profectum;
2871 5527 3003 5580 Mss.
3053 5523 3217 5581 Corb.
3267 5521 3477 5592 Germ.,
3522 5523 3772 5595 Anglic,

2146 5599 2366 5666 Norm.,
2393 5606 2522 5666 etc.,
2555 5599 2626 5652 ad
2649 5603 2978 5662 provectum.

2221 5672 2240 5704 ⁷
2270 5665 2523 5740 Laudun.
2553 5687 2566 5725 :
2606 5669 2866 5740 Nunquid
2902 5667 3112 5724 habebis
3150 5666 3679 5740 ﬁduciamjnagnam
3715 5665 3774 5740 in

2145 5741 2276 5868 {02h
2317 5739 2534 5798 V3.1.Cl.
2564 5758 2575 5797 :
2608 5736 2866 5812 Nunquid
2893 5740 3109 5797 habebis
3136 5736 3290 5812 ﬁdem
3318 5738 3379 5792 in
3403 5736 3542 5808 forti
3565 5737 3771 5809 magni-

2172 5831 2206 5868 u
2248 5830 2350 5868 me.

2151 5813 2350 5869 tudine.

2217 5885 2238 5920 ⁸
2270 5886 2392 5942 Duo
2422 5885 2630 5956 Germ.,
2661 5885 2832 5943 Laud.
2860 5893 2915 5942 et
2943 5884 3019 5958 pl.
3042 5883 3255 5952 Norm.,
3280 5889 3422 5938 tanto
3453 5900 3600 5952 ergo.
