3936 6372
152 347 243 404 377
871 349 1244 409 MORALIUM
1285 353 1419 411 LIB.
1461 353 1673 413 XXXI.
1713 387 1784 398 —
1820 358 1893 414 IN
1930 357 2177 417 CAPUT
2216 360 2461 419 XXXIX
2501 365 2563 421 Β.
2605 362 2748 423 ΙΟΒ.

3363 366 3470 428 578

164 473 313 532 debet
341 473 627 567 intelligi?
655 475 722 531 de
745 492 850 549 qua
870 476 1229 535 Praeeursoris
1249 496 1382 536 voce
1413 481 1618 539 dicitur
1644 500 1654 537 :
1678 485 1751 538 Et
1778 485 1830 544 Α
1859 484 2171 558 principum
2204 487 2364 544 timet
2392 506 2459 545 ne
2480 491 2737 547 amittant
2763 493 2897 549 boni
2940 492 3087 567 quod
3118 504 3272 566 sunt,
3312 502 3367 555 et
3408 499 3467 559 in

156 563 526 637 permundabit
552 582 735 619 aream
766 582 919 620 suam
953 567 1165 638 (Matth.
1200 586 1284 637 IIl,
1321 571 1433 643 i2).
1467 571 1603 639 Quis
1630 588 1757 644 ergo

160 654 211 710 in
256 651 417 708 initio
475 656 750 712 nascentis
792 656 1053 714 Ecclesite
1097 659 1362 727 crederet,
1402 660 1533 717 dum
1570 670 1758 719 contra

157 758 263 798 eam
312 741 405 796 ille
452 741 763 799 indomitus
811 745 1155 819 principatus
1204 756 1364 806 terra:
1397 759 1478 807 tot
1507 752 1676 808 minis
1704 759 1759 807 et

156 831 481 889 cruciatibus
527 833 769 901 saeviret,
809 838 940 908 quia
987 838 1310 895 rhinoceros
1361 840 1461 896 iste
1506 842 1620 897 Deo
1676 858 1756 897 se-

155 931 382 978 mentem
434 922 710 993 redderet,
760 924 815 980 id
870 934 951 981 est
1005 937 1288 1000 acceptum
1348 930 1756 1003 praedicationis

151 1009 374 1066 verbum
435 1011 701 1082 operibus
758 1017 1119 1086 repensaret?
1175 1016 1308 1085 Quis
1369 1026 1559 1083 1000
1622 1038 1758 1093 pos-

149 1116 222 1163 set
289 1116 424 1164 tunc
485 1107 838 1165 inﬁrmorum
911 1112 1130 1168 credere
1184 1112 1330 1186 quod
1399 1114 1516 1186 ejus
1574 1133 1754 1173 aream

149 1198 543 1269 congregaret?
590 1200 732 1256 Ecce
782 1200 928 1256 enim
978 1202 1142 1258 modo
1187 1220 1285 1274 pro
1329 1205 1577 1262 Ecclesia
1612 1208 1755 1280 leges

147 1287 469 1359 promulgat,
490 1287 587 1361 qui
615 1288 822 1344 dudum
848 1300 1037 1347 contra
1056 1310 1171 1348 eam
1194 1311 1290 1365 per
1309 1295 1460 1351 varia
1482 1304 1755 1353 tormenta

146 1376 413 1432 saeviebat.
469 1378 614 1434 Ecce
645 1379 923 1451 quaslibet
958 1390 1145 1453 gentes
1178 1399 1368 1456 capere
1414 1388 1655 1457 potuerit
1685 1388 1752 1445 ad

145 1464 263 1521 ﬁdei
312 1465 438 1520 illas
472 1467 702 1537 gratiam
736 1469 1019 1525 suadendo
1051 1471 1334 1542 perducit;
1367 1473 1555 1546 eisque
1586 1483 1755 1531 aeter—

144 1571 260 1609 nam
294 1554 469 1609 vitam
507 1554 742 1625 indicat,
766 1558 968 1630 quibus
991 1561 1165 1631 captis
1194 1571 1517 1634 prazsentem
1548 1573 1747 1622 servat.

142 1645 244 1702 Cur
287 1646 446 1702 hoc?
500 1647 642 1715 Quia
697 1648 958 1706 videlicet
1005 1668 1184 1707 aream
1233 1669 1383 1710 nunc
1439 1662 1749 1729 congregat,

141 1752 293 1809 quam
320 1737 633 1811 aliquando
663 1740 901 1811 superbo
931 1758 1103 1797 cornu
1134 1741 1494 1816 dispergendo
1524 1747 1751 1802 ventila-

142 1824 245 1917 bat.
278 1826 495 1917 Audiat
529 1827 700 1900 igitur
728 1828 920 1885 beatus
949 1829 1052 1886 Job
1083 1830 1214 1902 quid
1248 1834 1574 1905 gentilitatis
1602 1835 1752 1908 prin-
1783 1857 1830 1917 Β

142 1914 277 1987 cipes
306 1916 541 1987 faciant,
575 1926 629 1975 et
658 1937 1007 1994 nequaquam
1039 1937 1095 1977 se
1125 1922 1266 1995 apud
1299 1925 1651 1997 semetipsum
1683 1925 1750 1982 de

144 2004 307 2076 gloria
335 2013 512 2062 tantae
543 2025 653 2063 sum
686 2008 910 2065 virtutis
940 2011 1189 2066 extollat.
1223 2011 1430 2067 Audiat
1457 2021 1511 2068 et
1539 2030 1636 2070 rex
1658 2031 1749 2086 po-

144 2104 273 2164 tens,
294 2097 647 2168 potentiores
680 2098 852 2172 hujus
881 2101 1076 2157 mundi
1107 2118 1259 2174 reges
1288 2111 1490 2175 quanta
1518 2106 1631 2160 Deo
1660 2103 1750 2160 de-

144 2186 359 2242 votione
388 2186 760 2259 famulentur,
784 2197 839 2246 et
869 2190 1131 2247 virtutem
1161 2208 1314 2247 suam
1338 2193 1491 2267 quasi
1524 2211 1622 2266 pro
1641 2194 1749 2250 sin-

146 2275 420 2346 gularitate
441 2294 559 2332 non
581 2277 763 2334 trahat
783 2279 839 2336 in
863 2281 1119 2337 elationis
1144 2281 1367 2351 vitium,
1394 2282 1488 2355 qui
1504 2282 1671 2339 habet
1693 2283 1749 2339 in

148 2363 260 2419 aliis
288 2367 631 2438 exemplum,
666 2369 794 2440 quia
824 2370 925 2425 etsi
959 2380 1091 2427 tunc
1123 2378 1176 2426 et
1205 2370 1445 2426 similem
1476 2371 1748 2427 Dominus

154 2468 252 2507 non
283 2454 450 2523 vidit,
484 2457 688 2513 multos
718 2465 903 2515 tamen
934 2475 1031 2532 per
1061 2476 1199 2533 quos
1240 2458 1358 2531 ejus
1390 2460 1620 2533 gloriam
1652 2477 1749 2516 re-

154 2542 398 2602 tunderet
426 2546 705 2618 praevidit.

212 2721 292 2778 10.
359 2723 467 2790 Qui
521 2730 850 2778 terrenarum
900 2724 1204 2795 principum
1254 2729 1413 2791 metu,
1460 2722 1748 2779 Ecclesium

153 2818 324 2881 aperta
354 2812 410 2866 ri
442 2829 634 2866 vexare
662 2826 767 2865 non
814 2813 1029 2877 audent,
1060 2814 1131 2866 ad
1160 2813 1315 2867 varia
1349 2812 1565 2882 fraudis
1592 2828 1752 2883 argu-

149 2906 303 2954 menta
338 2905 739 2955 convertuntur.
779 2898 901 2955 Sine
928 2900 1067 2954 hoste
1096 2917 1199 2954 esse
1238 2917 1343 2953 non
1368 2904 1537 2971 potest
1563 2900 1754 2954 Eccle-

1866 575 2226 631 conversione
2259 577 2572 650 principum
2617 580 2832 649 tolerat,
2876 583 3005 654 quia
3038 585 3167 641 mali
3200 586 3469 645 simulant

1865 662 2039 721 bonos
2084 681 2141 721 se
2186 681 2323 735 esse,
2362 667 2509 740 quod
2556 685 2667 724 non
2713 677 2862 726 sunt.
2909 671 3064 728 Unde
3117 676 3469 748 omnipotens

1865 754 2031 822 Deus,
2058 755 2187 827 quia
2214 755 2618 813 rhinocerotem
2651 757 2800 816 hunc
2833 760 2968 816 loris
2992 762 3221 832 ligatum
3248 765 3269 800 ²
3299 764 3464 835 dixit,

1865 842 2017 899 illico
2046 861 2339 916 pravorum
2369 845 2709 919 hypocrisim
2740 849 3012 919 subdidit,
3046 850 3238 909 dicens
3273 872 3285 910 :

2324 961 2552 1020 CAPUT
2582 964 2708 1022 VIII
2741 964 2885 1038 [Rea
2918 966 3004 1038 η.

1936 1075 2107 1133 Vens.
2144 1077 2229 1135 13.
2262 1109 2333 1120 -
2361 1080 2543 1136 Penna
2572 1081 2884 1137 struthionis
2930 1084 3123 1140 similis
3167 1089 3243 1140 est
3280 1085 3470 1159 pennis

1865 1165 2071 1221 herodii
2098 1173 2144 1221 et
2162 1169 2451 1240 accipitris.

1938 1256 2023 1311 11.
2068 1258 2367 1314 Slruthioni
2391 1276 2592 1332 pennas
2620 1260 2848 1329 habenti,
2867 1258 2955 1317 sed
2969 1278 3077 1318 non
3104 1261 3359 1334 volatum,
3392 1262 3466 1320 si-

1862 1345 2011 1400 miles
2039 1353 2163 1400 sunt
2189 1348 2492 1419 hypocrita.
2524 1380 2595 1390 —
2640 1348 2776 1417 Quis
2816 1348 3107 1407 herodium
3156 1358 3211 1407 et
3257 1350 3472 1425 accipi-

1860 1442 1999 1491 trem
2039 1437 2247 1494 nesciat
2275 1456 2403 1495 aves
2430 1441 2668 1514 reliquas
2698 1449 2902 1514 quanta
2931 1442 3150 1498 volatus
3177 1443 3263 1499 sui
3305 1443 3474 1500 velo-

1862 1523 2026 1580 citate
2064 1527 2504 1585 transcendant?
2559 1529 2811 1586 Struthio
2854 1547 2985 1586 vero
3038 1546 3229 1602 pennae
3278 1547 3469 1587 eorum

1862 1617 2283 1675 similitudinem
2318 1620 2500 1689 habet,
2544 1620 2638 1676 sed
2670 1621 2885 1678 volatus
2913 1638 3106 1678 eorum
3136 1620 3468 1677 celeritatem

1862 1722 1974 1762 non
2000 1706 2183 1765 habet.
2217 1710 2265 1764 A
2296 1717 2437 1765 terra
2474 1709 2675 1782 quippe
2707 1711 2910 1766 elevari
2935 1727 3047 1767 non
3080 1711 3245 1778 valet,
3278 1717 3331 1764 et
3359 1709 3473 1765 alas

1862 1795 2015 1868 quasi
2072 1796 2141 1851 ad
2192 1797 2438 1853 volatum
2489 1797 2669 1869 specie
2716 1806 2876 1855 tenus
2921 1798 3103 1870 erigit,
3146 1798 3240 1853 sed
3288 1805 3471 1853 tamen

1861 1901 2145 1959 nunquam
2171 1904 2227 1944 se
2256 1905 2287 1943 a
2316 1896 2461 1944 terra
2490 1888 2730 1945 volando
2770 1890 3076 1962 suspendit.
3109 1890 3190 1945 Ita
3217 1896 3347 1945 sunt
3376 1889 3474 1944 ni-

1861 1974 2064 2031 mirum
2096 1992 2287 2032 omnes
2315 1976 2644 2050 hypocritae,
2694 1978 2789 2052 qui
2835 1977 2966 2035 dum
2998 1977 3269 2035 bonorum
3300 1977 3471 2035 vitam

1860 2065 2145 2135 simulant,
2175 2066 2544 2125 imitationem
2575 2076 2777 2127 sanctae
2810 2070 2830 2105 ³
2863 2070 3095 2126 visionis
3123 2068 3347 2139 habent,
3378 2067 3473 2125 sed

1860 2155 2148 2212 veritatem
2169 2165 2371 2215 sanctae
2392 2158 2629 2216 actionis
2649 2176 2761 2215 non
2785 2159 3011 2216 habent.
3037 2159 3251 2216 Habent
3271 2160 3473 2233 quippe

1864 2245 2086 2302 volandi
2116 2262 2325 2318 pennas
2352 2264 2448 2320 per
2473 2248 2730 2321 speciem,
2763 2248 2859 2306 sed
2885 2249 2943 2305 in
2974 2257 3119 2305 terra
3147 2256 3345 2322 repunt
3375 2264 3472 2321 per

1862 2334 2160 2401 actionem,
2192 2336 2323 2408 quia
2351 2337 2464 2392 alas
2491 2354 2588 2410 per
2616 2337 2846 2411 ﬁguram
2876 2338 3186 2395 sanctitatis
3217 2340 3237 2373 ἰ
3267 2345 3471 2393 exten-

1861 2421 2022 2492 dunt,
2060 2423 2155 2479 sed
2194 2441 2452 2481 curarum
2476 2427 2819 2483 saecularium
2852 2426 3092 2499 pondere
3125 2425 3471 2498 przegravati,

1861 2513 2181 2569 nullatenus
2238 2530 2270 2569 a
2324 2523 2473 2573 terra
2514 2516 2891 2573 sublevantur.
2942 2515 3189 2588 Speciem
3238 2531 3475 2589 namque

1862 2602 2265 2661 Pharisaeorum
2303 2606 2603 2679 reprobans
2635 2607 2926 2675 Dominus,
2956 2605 3113 2679 quasi
3143 2605 3474 2663 struthionis

1861 2718 2099 2776 pennam
2133 2701 2315 2757 1001
2349 2704 2650 2776 redarguit,
2683 2721 2804 2778 quae
2835 2704 2894 2760 in
2925 2701 3097 2777 opere
3126 2704 3280 2762 aliud
3307 2721 3476 2761 exer—

1860 2792 1997 2859 cuit,
2028 2799 2083 2847 et
2112 2792 2170 2846 in
2199 2792 2379 2848 colore
2425 2794 2575 2849 aliud
2619 2794 2881 2863 ostendit,
2911 2792 3105 2851 dicens
3138 2811 3151 2850 :
3198 2795 3282 2853 νω
3307 2795 3471 2864 vobis,

1865 2882 2061 2937 Scriba:
2088 2886 2137 2934 et
2163 2881 2431 2935 Pharislei
2464 2882 2767 2953 hypocrita,
2800 2883 2929 2953 quia
2980 2883 3178 2937 similes
3219 2881 3341 2939 estis
3387 2900 3475 2937 se-

150 2987 237 3043 sia.
266 3018 338 3030 -
369 2988 547 3059 Igitur
593 2988 723 3060 quia
769 2987 975 3043 terreni
1005 2987 1283 3060 principes
1330 2968 1522 3059 magna
1555 3005 1609 3043 se
1639 2990 1751 3044 Deo

1869 2968 2063 3040 pulcris
2086 2969 2365 3037 dealbatis,
2396 2984 2512 3040 qua:
2539 2969 2678 3039 foris
2705 2970 2916 3041 quidem
2944 2978 3205 3042 apparent
3232 2969 3475 3027 homini-

151 3074 457 3132 humilitate
505 3075 887 3144 substernunt,
920 3077 1075 3147 pravi
1109 3075 1364 3131 homines
1395 3077 1487 3149 qui
1537 3075 1750 3132 dudum

156 3175 334 3222 contra
364 3166 675 3222 Ecclesiam
708 3166 764 3221 in
798 3165 1122 3221 inﬁdelitate
1153 3166 1319 3238 positi
1350 3175 1533 3237 aperta
1564 3166 1751 3222 adver-

1863 3063 1958 3118 bus
1987 3064 2237 3134 speciosa,
2268 3063 2412 3117 intus
2442 3080 2563 3118 vero
2604 3069 2731 3117 sunt
2767 3064 2931 3134 plena
2969 3063 3172 3118 ossibus
3218 3068 3475 3119 mortuo-

1862 3170 2023 3218 rum;
2050 3153 2126 3213 ita
2152 3158 2200 3207 et
2228 3170 2317 3207 vos
2345 3151 2484 3223 foris
2513 3152 2784 3225 apparetis
2823 3153 3121 3208 hominibus
3143 3151 3299 3222 justi,
3331 3152 3477 3207 intus
3518 3177 3529 3189 ι

153 3255 304 3311 sitate
351 3254 681 3323 saeviebant,
729 3270 879 3310 nunc
918 3254 987 3310 ad
1033 3256 1141 3311 alia
1184 3256 1395 3312 fraudis
1432 3262 1752 3327 argumenta

1869 3260 1981 3298 vero
2006 3242 2153 3314 pleni
2182 3242 2304 3296 estis
2344 3220 2598 3298 avaritia
2627 3248 2673 3297 et
2722 3242 3005 3314 iniquitate
3050 3220 3262 3303 (Matth.
3286 3220 3475 3310 ixxm,

151 3353 453 3401 vertuntur.
484 3343 623 3411 Quia
654 3343 801 3399 enim
834 3345 959 3400 illos
989 3344 1311 3417 religionem
1344 3344 1592 3400 venerari
1624 3360 1750 3400 con-

152 3434 403 3506 spiciunt,
439 3435 549 3506 ipsi
582 3434 791 3489 cultum
826 3433 1110 3506 religionis
1145 3441 1453 3502 assumunt,
1488 3442 1541 3490 et
1568 3433 1752 3489 bono-

152 3538 263 3578 rum
307 3526 486 3581 vitam
523 3522 625 3579 sub
660 3521 928 3595 despectis
975 3522 1221 3578 vestibus
1264 3522 1471 3595 iniquis
1503 3522 1750 3578 moribus

151 3621 412 3683 premunt.
446 3613 647 3670 Mundi
696 3614 899 3686 quippe
942 3612 1233 3669 dilectores
1266 3623 1414 3682 sunt,
1447 3611 1661 3685 hocque
1692 3610 1751 3667 in

151 3716 200 3756 se
242 3702 386 3776 quod
435 3702 696 3759 homines
740 3711 1073 3759 venerentur
1116 3701 1436 3768 ostendunt,
1470 3708 1635 3773 atque
1673 3700 1752 3757 eis

153 3792 237 3862 qui
264 3808 392 3848 vere
411 3792 747 3865 semetipsos
769 3791 1099 3863 despiciunt,
1126 3807 1235 3846 non
1258 3798 1459 3859 mente,
1483 3791 1578 3847 sed
1602 3800 1753 3848 veste

152 3884 495 3954 copulantur.
529 3881 670 3950 Quia
700 3882 847 3938 enim
882 3890 1203 3954 prmsentem
1247 3881 1475 3953 gloriam
1506 3887 1752 3937 amantes

154 3972 349 4045 assequi
394 3989 514 4029 non
547 3980 794 4045 possunt,
828 3970 982 4046 quasi
1013 3970 1381 4043 despicientes
1419 3975 1748 4042 sequuntur.

155 4060 249 4128 Qui
293 4062 425 4136 quid
454 4063 711 4119 sentiunt
737 4072 929 4119 contra
963 4061 1138 4117 bonos
1167 4059 1537 4127 ostenderent,
1564 4060 1609 4115 si
1648 4075 1756 4132 ap—

160 4156 270 4207 tum
298 4153 572 4227 nequitiae
590 4159 806 4226 tempus
835 4152 1170 4208 invenirent.
1197 4152 1335 4224 [νει.
1366 4149 1483 4224 VL]
1515 4148 1619 4206 Sed
1640 4148 1758 4206 hzec

159 4242 309 4298 etiam
353 4250 686 4316 argumenta
731 4257 1028 4315 pravorum
1064 4243 1078 4275 ¹
1112 4239 1181 4295 ad
1217 4240 1514 4296 electorum
1557 4256 1755 4312 purga-

158 4343 327 4390 menta
352 4333 679 4407 proﬁciunt.
705 4334 907 4390 Sancta
935 4331 1085 4388 enim
1106 4331 1354 4387 Ecclesia
1384 4330 1615 4387 transire
1640 4330 1759 4387 sine

160 4420 329 4482 labore
356 4426 686 4483 tentationis
715 4442 827 4482 non
858 4431 1039 4497 potest
1070 4430 1318 4495 tempora
1354 4420 1759 4494 peregrinatio-

162 4513 261 4585 nis,
290 4532 410 4589 quas
463 4515 567 4573 etsi
616 4515 753 4573 foris
796 4523 1011 4587 apertos
1041 4511 1226 4569 hostes
1254 4529 1365 4569 non
1394 4511 1577 4580 habet,
1612 4512 1761 4568 intus

1862 3332 1979 3405 27).
2014 3335 2095 3389 Ac
2122 3332 2169 3387 si
2199 3331 2443 3388 diceret:
2493 3331 2795 3388 Sublevare
2852 3348 2956 3389 vos
2997 3330 3223 3389 videtur
3270 3330 3478 3404 species

1862 3439 2075 3496 pennae,
2107 3424 2199 3480 sed
2231 3423 2287 3479 in
2316 3422 2527 3478 inﬁmis
2555 3438 2654 3477 vos
2682 3421 2944 3494 deprimit
2967 3421 3182 3494 pondus
3214 3420 3363 3477 vitae.
3397 3421 3476 3477 De

1862 3512 1968 3569 hoc
1998 3514 2237 3586 pondere
2267 3530 2362 3586 per
2390 3511 2721 3586 Prophetam
2752 3510 2990 3568 dicitur:
3026 3511 3157 3567 Filii
3185 3512 3475 3590 hominum,

1862 3618 2129 3672 usquequo
2151 3604 2171 3637 ⁵
2188 3619 2373 3674 graves
2397 3601 2551 3656 corde
2581 3601 2753 3673 (Psal.
2781 3618 2863 3669 Iv,
2880 3600 2986 3673 3)?
3008 3598 3187 3672 Hujus
3212 3599 3478 3656 struthio-

1862 3691 1950 3747 nis
1984 3706 2379 3748 conversurum
2410 3706 2465 3746 se
2494 3686 2834 3763 hypocrisim
2869 3688 3141 3745 Dominus
3161 3688 3477 3761 pollicetur,

1863 3797 1989 3838 cum
2021 3796 2118 3853 per
2145 3780 2473 3853 prophetam
2503 3778 2641 3835 dicit
2677 3797 2687 3835 :
2723 3781 2744 3814 ⁶
2782 3778 3173 3851 Gloriﬁcabunt
3198 3795 3278 3833 me
3308 3777 3480 3833 bestia:

1863 3870 2006 3941 agri,
2051 3871 2306 3924 dracones
2349 3875 2396 3924 et
2435 3868 2756 3924 struthiones
2788 3868 2943 3940 (Isai.
2976 3883 3135 3936 XLIII,
3166 3867 3281 3940 20).
3327 3864 3474 3933 Quid

1865 3959 2013 4017 enim
2045 3958 2347 4016 draconum
2398 3954 2647 4027 nomine,
2699 3954 2808 4013 nisi
2856 3957 2913 4012 in
2952 3963 3141 4029 aperto
3188 3955 3477 4013 malitiosa;

1865 4055 2076 4105 mentes
2107 4047 2517 4120 exprimuntur,
2549 4062 2670 4120 quae
2701 4061 2796 4118 per
2823 4052 3026 4102 terram
3058 4059 3275 4118 semper
3303 4043 3363 4101 in
3396 4044 3478 4100 in-

1866 4137 2014 4194 ﬁmis
2042 4136 2471 4209 cogitationibus
2492 4135 2737 4209 repunt?
2757 4133 2902 4202 Quid
2927 4150 3059 4191 vero
3089 4150 3184 4208 per
3213 4132 3478 4191 struthio-

1865 4242 1999 4283 num
2029 4226 2360 4283 vocabulum
2391 4225 2499 4282 nisi
2528 4225 2584 4281 hi
2618 4224 2713 4298 qui
2742 4240 2797 4280 se
2827 4224 3003 4280 bonos
3035 4223 3303 4280 simulant
3340 4222 3480 4279 desi-

1868 4323 2124 4391 gnantur,
2154 4315 2249 4389 qui
2277 4313 2587 4372 sanctitatis
2614 4313 2785 4370 vitam
2818 4312 2975 4386 quasi
2995 4313 3213 4370 volatus
3241 4327 3478 4386 pennam

1869 4424 1965 4480 per
1993 4407 2231 4479 speciem
2264 4406 2525 4475 retinent,
2558 4405 2655 4462 sed
2684 4420 2782 4478 per
2825 4420 2990 4478 opera
3025 4420 3138 4462 non
3181 4405 3482 4462 exercent?

1869 4496 2180 4556 Gloriﬁcari
2228 4497 2413 4571 itaque
2442 4513 2498 4554 se
2528 4496 2802 4553 Dominus
2842 4511 2875 4551 a
2903 4494 3140 4554 dracone
3185 4494 3274 4553 vel
3326 4501 3485 4552 stru-

165 4584 336 4660 tamen
386 4606 592 4662 tolerat
619 4604 777 4661 ﬁctos
807 4584 1023 4660 fratres.
1055 4604 1191 4659 Nam
1224 4610 1416 4658 contra
1442 4600 1579 4657 vitia
1606 4617 1760 4658 sem-
1788 4589 1838 4649 D
1870 4588 2062 4646 ῑῖιίοηθ
2091 4588 2304 4658 asserit,
2338 4588 2467 4661 (lilia
2495 4594 2550 4644 et
2578 4591 2766 4660 aperte
2808 4586 3002 4657 malos.
3046 4593 3100 4645 εἴ
3135 4585 3263 4644 ﬁcte
3308 4584 3484 4642 b01105

166 4707 252 4765 per
285 4693 341 4752 in
386 4696 503 4753 acie
546 4702 648 4765 est,
677 4702 732 4752 et
778 4694 944 4750 habet
986 4693 1151 4749 etiam
1181 4692 1330 4765 pacis
1358 4698 1603 4764 tempore
1635 4691 1763 4748 bel-

168 4781 268 4839 lum
312 4801 501 4853 suum;
548 4793 603 4841 et
643 4785 873 4841 fortasse
922 4782 1144 4855 gravius
1184 4780 1449 4854 afﬂigitur
1486 4798 1615 4839 cum
1650 4797 1763 4837 non

168 4877 543 4932 extraneorum
592 4874 816 4943 ictibus,
859 4874 954 4930 sed
1001 4890 1225 4930 suorum
1275 4872 1523 4929 moribus
1571 4872 1765 4944 impu-

172 4972 371 5032 gnatur.
402 4964 531 5022 Sive
579 4964 764 5038 itaque
812 4966 933 5032 illo,
977 4980 1072 5018 seu
1117 4962 1224 5018 isto
1261 4967 1527 5033 tempore,
1560 4968 1643 5018 est
1669 4968 1765 5017 ta-

173 5065 289 5109 men
342 5071 556 5129 semper
610 5054 669 5110 in
729 5054 933 5111 labore.
977 5054 1112 5111 Nam
1169 5060 1222 5109 et
1276 5052 1334 5107 in
1387 5051 1764 5124 persecutione

243 5267 256 5305 ¹
288 5265 541 5347 Longin
571 5265 772 5339 Laud.,
803 5266 913 5347 duo
938 5269 1169 5347 _Germ.,
1203 5263 1328 5326 Val.
1372 5265 1483 5347 CL,
1507 5264 1759 5347 adnelect,

176 5339 480 5412 augmenta:
505 5339 737 5410 Turon.,
787 5344 859 5398 ad
904 5345 1183 5398 electorum
1209 5345 1540 5412 argumenta.
1565 5339 1763 5412 _Secuti

181 5409 356 5487 _suinus
384 5417 629 5481 Ebroic.,
658 5409 903 5487 aliosque
931 5416 1119 5471 Norm.
1143 5420 1197 5471 et
1226 5409 1462 5472 Vindoc.
1496 5410 1650 5467 Editi
1672 5409 1767 5465 ha-

179 5479 315 5553 bent,
345 5489 415 5543 ud
440 5491 579 5543 elect.
606 5479 856 5542 salutem.

245 5556 265 5628 ξ
294 5556 559 5628 Laudun.,
591 5559 765 5614 duxit.

248 5627 268 5661 ³
298 5629 374 5701 Ita
422 5625 662 5698 Ebroic.,
687 5629 890 5701 aliique
922 5629 1134 5698 Norm.,
1167 5626 1365 5698 Vind,
1395 5627 1506 5685 duo
1549 5625 1762 5701 Germ,

185 5693 366 5775 _La_ud.,
396 5693 658 5775 Longip,
682 5693 818 5775 Val:
841 5701 923 5757 Cl.
961 5693 1200 5775 etvetus
1230 5693 1390 5775 Edit._
1412 5700 1584 5756 Paris.
1626 5693 1767 5755 Alia;

185 5764 374 5841 habent
418 5764 851 5837 conﬂi-sationis,
898 5773 1138 5841 meliori,
1191 5780 1254 5828 ut
1298 5772 1541 5841 videtur,
1578 5787 1765 5828 sensu.

186 5836 487 5914 Quanquam
514 5846 644 5902 visio
670 5844 761 5902 hic
790 5836 1097 5916 signiﬁcare
1119 5836 1291 5917 possit
1319 5836 1557 5917 speciem,
1587 5860 1769 5915 appa—

1871 4680 2197 4754 plerumque
2239 4678 2307 4735 ad
2353 4695 2451 4735 sua
2492 4677 2755 4750 obsequia
2792 4693 2862 4733 ex
2907 4675 3105 4733 intima
3149 4674 3483 4747 cogitatione

1872 4756 2284 4828 convertit.Vel
2315 4776 2460 4825 certe
2489 4768 2602 4840 agri
2633 4766 2840 4835 bestiae,
2863 4764 2921 4823 id
2950 4773 3032 4822 est
3062 4765 3326 4823 dracones
3340 4772 3483 4822 stru-

1870 4863 2200 4934 thionesque
2222 4858 2520 4916 Dominum
2554 4856 2888 4941 gloriﬁcant,
2925 4871 3052 4913 cum
3083 4853 3244 4910 ﬁdem
3277 4867 3398 4925 qua
3424 4852 3482 4908 in

1872 4952 1971 5008 illo
2002 4960 2083 5008 est
2110 4968 2172 5007 ea
2202 4966 2322 5024 quae
2344 4950 2400 5005 in
2424 4948 2530 5006 hoc
2552 4940 2762 5004 mundo
2796 4945 3007 5003 dudum
3037 4944 3345 4999 membrum
3367 4940 3482 4999 dia-

1871 5041 1986 5099 boli
2014 5041 2193 5098 fuerat
2220 5038 2499 5113 gentilitas
2529 5038 2754 5095 exaltat.
2790 5036 2965 5105 Quam
2993 5041 3048 5090 et
3076 5040 3299 5106 propter
3326 5031 3481 5088 mali-

1871 5258 2119 5327 rentiam,
2151 5262 2213 5313 ut
2240 5252 2404 5328 infra,
2434 5273 2492 5313 n.
2521 5249 2959 5326 26,hypocrita...
2989 5245 3265 5321 religionis
3281 5245 3485 5304 visione

1873 5339 2116 5389 vestitur.

1947 5406 1969 5440 ⁴
2000 5401 2263 5476 Vindoc._,
2294 5399 2592 5476 ostendunt.
2638 5469 2676 5476 _
2749 5474 2756 5476 Α
2798 5466 2813 5476 _
3010 5465 3026 5476 θ
3470 5458 3481 5476 ⁸

1943 5478 1966 5513 ⁸
1994 5476 2076 5532 Ita
2103 5465 2300 5547 Laud},
2336 5472 2457 5547 Val.
2491 5469 2609 5547 _Cl.,_
2638 5466 2838 5547 Pratel.
2871 5482 2934 5523 ac
2974 5465 3109 5547 pler.
3120 5509 3135 5547 τ
3178 5478 3280 5538 pro
3325 5465 3481 5547 gravi

1875 5550 2048 5630 cerris,
2079 5545 2226 5619 quod
2264 5535 2463 5617 legitur
2491 5541 2550 5597 in
2578 5535 2747 5597 duob.
2784 5535 2994 5596 Germf
3014 5545 3070 5594 et
3117 5535 3199 5593 in‘
3219 5535 3483 5593 omnibus

1875 5620 2263 5759 Editiundoc,
2295 5688 2405 5745 duo
2434 5686 2617 5743 Germ.
2652 5691 2706 5742 et
2734 5684 2859 5759 Val.
2892 5682 3002 5759 eL,
3041 5680 3374 5755 Gloriﬁeabit
3402 5694 3484 5735 me

1878 5765 2060 5836 bestia,
2092 5772 2146 5822 et
2174 5756 2341 5831 infra,
2369 5762 2449 5817 uel
2473 5766 2605 5815 certe
2632 5756 2754 5830 agri
2781 5756 2963 5813 bestia.
