3936 6388
461 294 566 356 579

1671 297 1921 356 SANCTI
1960 296 2299 357 GREGORII
2335 299 2562 358 MAGNI

3663 301 3772 364 580

449 424 586 480 tiam
615 421 916 478 draconum
947 419 1172 476 nomine
1201 419 1518 493 exprobrat,
1552 429 1606 478 et
1635 429 1859 494 propter
1886 421 2060 494 hypo-
2090 427 2142 486 Α
2169 428 2218 477 et
2243 425 2454 480 nutrire
2481 427 2766 498 negligant.
2819 457 2882 468 -
2926 423 3073 495 Quid
3115 426 3264 483 enim
3313 443 3410 499 per
3456 445 3583 498 ova,
3617 431 3638 466 ⁵
3670 430 3782 490 nisi

449 506 638 564 crisim
673 507 689 540 ί
723 503 992 560 vocabulo
1036 504 1416 562 struthionum
1467 513 1640 563 notat.
1689 505 1855 574 Quasi
1902 505 2052 561 enim

451 607 656 665 pennas
681 591 892 664 accepit
919 592 1216 664 gentilitas,
1246 593 1341 650 sed
1371 595 1556 652 volare
1580 611 1692 652 non
1715 593 1917 667 potuit,
1935 609 2054 666 quae

449 689 504 738 et
553 688 807 737 naturam
861 683 1094 740 rationis
1142 682 1359 753 habuit,
1407 691 1462 740 et
1499 683 1773 741 actionem
1822 683 2056 740 rationis

450 771 747 842 ignoravit.

523 861 611 916 12.
645 858 817 916 Electi
847 875 1018 930 pauca
1061 859 1250 914 habent
1294 859 1377 913 hic
1427 875 1544 930 qua:
1595 877 1680 915 eos
1732 859 2053 932 deprimant,

450 951 620 1006 multa
649 965 765 1022 qua:
791 965 1006 1003 sursum
1033 948 1260 1014 tollant;
1279 964 1424 1002 secus
1445 950 1678 1021 reprobi.
1696 980 1766 991 —
1782 950 2056 1006 Habemus

451 1041 636 1099 adhuc
663 1040 811 1114 quod
840 1039 896 1096 in
924 1037 1366 1096 consideratione
1401 1038 1732 1096 struthionis
1777 1039 1944 1113 hujus
1989 1039 2057 1095 de

452 1130 716 1204 accipitre
741 1138 797 1186 et
823 1129 1054 1186 herodio
1083 1129 1348 1186 attentius
1377 1131 1799 1204 perpendamus.
1825 1130 2060 1202 Accipi-

453 1222 556 1278 tris
583 1220 785 1294 quippe
799 1225 854 1274 et
873 1217 1088 1274 herodii
1120 1234 1287 1290 parva
1315 1227 1446 1274 sunt
1473 1237 1723 1292 corpora,
1749 1220 1842 1277 sed
1864 1217 2058 1292 pennis

452 1308 803 1368 densioribus
831 1307 994 1376 fulta,
1021 1314 1074 1362 et
1104 1305 1310 1364 idcirco
1339 1325 1464 1364 cum
1497 1309 1774 1364 celeritate
1811 1318 2058 1365 transvo.

453 1401 590 1467 lant,
623 1397 754 1471 quia
781 1395 862 1453 eis
893 1398 914 1432 ²
944 1413 1137 1468 parum
1169 1396 1312 1452 inest
1339 1397 1486 1469 quod
1513 1405 1787 1470 aggravet,
1823 1399 2060 1454 multum

453 1486 599 1562 quod
630 1488 795 1542 levat.
816 1487 890 1542 At
905 1493 1096 1542 contra
1125 1485 1367 1540 struthio
1397 1486 1534 1542 raris
1565 1487 1758 1559 pennis
1788 1486 2058 1555 induitur,

452 1583 507 1632 et
544 1573 779 1631 immani
821 1591 1049 1648 corpore
1080 1583 1359 1647 gravatur,
1389 1583 1451 1632 ut
1477 1577 1580 1633 etsi
1608 1579 1793 1633 volare
1822 1583 2060 1650 appetat,

451 1663 569 1737 ipsa
599 1680 900 1738 pennarum
923 1664 1172 1736 paucitas
1196 1667 1396 1721 molem
1419 1667 1557 1722 tanti
1581 1667 1828 1740 corporis
1857 1667 1915 1722 in
1940 1681 2064 1722 aera

2167 519 2355 569 tenera
2369 513 2550 572 adhuc
2570 517 2749 588 proles
2764 516 3118 589 exprimitur,
3141 532 3262 590 quae
3283 516 3382 574 diu
3403 517 3646 575 fovenda
3675 529 3780 589 est,

2164 606 2227 656 ut
2253 601 2323 657 ad
2341 601 2530 658 vivum
2560 605 2811 660 volatilia
2829 605 3160 677 perducatur
3176 605 3204 661 ?
3233 605 3351 662 Ova
3369 608 3784 680 quippeinsen-

2163 689 2350 746 sibilia
2391 690 2448 748 in
2491 694 2801 766 semetipsis
2841 703 2988 764 sunt,
3022 695 3118 751 sed
3160 703 3343 752 tamen
3387 697 3674 767 calefacta,
3721 698 3781 755 in

2164 779 2294 834 viva
2316 781 2538 838 volatile
2567 792 2990 841 convertuntur.
3027 787 3109 842 Ita
3137 786 3403 842 nimirum
3437 789 3656 861 parvuli
3689 806 3786 845 au-

2164 867 2370 925 ditores
2399 887 2461 926 ac
2490 871 2591 927 filii
2623 880 2836 929 certum
2884 883 2985 944 est,
3034 875 3183 948 quod
3228 875 3416 948 frigidi
3467 877 3783 936 insensibi-

2165 957 2350 1030 lesque
2380 970 2714 1031 remaneant,
2739 963 2843 1019 nisi
2867 963 3108 1021 doctoris
3135 965 3219 1021 sui
3237 966 3476 1024 sollicita
3505 968 3788 1025 exhorta-

2165 1049 2315 1105 tione
2343 1051 2615 1108 calefiant.
2642 1053 2718 1108 Ne
2747 1053 2916 1124 igitur
2945 1053 3193 1110 derelicti
3220 1055 3278 1111 in
3308 1073 3406 1112 sua
3435 1056 3788 1114 insensibili-

2165 1147 2275 1196 tate
2305 1147 2634 1214 torpescant,
2667 1144 2885 1200 assidua
2915 1145 3202 1203 doctorum
3221 1163 3355 1203 voce
3372 1147 3600 1206 fovendi
3622 1155 3776 1220 sunt,

2167 1245 2452 1302 quousque
2481 1234 2700 1288 valeant
2727 1241 2781 1289 et
2813 1251 2908 1306 per
2937 1235 3360 1306 intelligentiam
3383 1236 3666 1306 vivere,et
3688 1255 3788 1311 per

2167 1320 2691 1392 contemplationem
2722 1325 2925 1379 volare.
2953 1324 3094 1391 Quia
3115 1341 3246 1380 vero
3268 1325 3573 1398 hypocrita
3591 1343 3786 1400 quam-

2169 1407 2255 1463 vis
2297 1425 2552 1480 perversa
2593 1428 2808 1484 semper
2844 1421 3160 1485 operentur,
3203 1414 3355 1487 loqui
3400 1424 3582 1473 tamen
3633 1423 3791 1473 recta

2170 1515 2282 1555 non
2310 1499 2600 1569 desinunt;
2634 1502 2772 1559 bene
2802 1511 2985 1560 autem
3018 1504 3292 1578 loquendo
3311 1505 3368 1560 in
3397 1505 3506 1561 ﬁde
3532 1507 3623 1562 vel
3653 1524 3789 1564 con-

2171 1589 2480 1646 versatione
2510 1589 2656 1646 ﬁlios
2687 1592 2929 1664 pariunt,
2961 1593 3057 1649 sed
3081 1611 3172 1650 eos
3201 1593 3341 1650 bene
3382 1595 3627 1651 vivendo
3665 1612 3790 1652 nu-

2173 1680 2304 1738 trire
2335 1698 2447 1738 non
2483 1691 2734 1754 possunt,
2767 1692 2910 1740 recte
2940 1685 3006 1741 de
3037 1685 3140 1742 hac
3167 1685 3483 1742 struthione
3519 1685 3734 1743 dicitur
3769 1705 3783 1753 ;

453 1770 567 1810 non
613 1753 933 1826 suspendat.
966 1755 1112 1810 Bene
1162 1771 1290 1827 ergo
1336 1755 1394 1811 in
1438 1755 1668 1812 herodio
1701 1764 1756 1812 et
1801 1757 2050 1828 accipitre

2175 1773 2302 1840 Qua:
2349 1753 2668 1842 derelinquit
2697 1772 2754 1826 in
2799 1780 2943 1830 terra
2997 1792 3097 1831 ova
3139 1792 3256 1832 sua.
3291 1775 3492 1833 Curam
3539 1792 3790 1850 namque

453 1843 753 1900 electorum
784 1859 1015 1916 persona
1035 1844 1304 1916 signatur,
1335 1845 1430 1919 qui
1458 1847 1706 1920 quandiu
1735 1847 1795 1903 in
1824 1847 1926 1904 hac
1943 1848 2058 1903 vita

453 1937 606 2000 sunt,
649 1930 766 1987 sine
796 1932 1284 2008 quantulacunque
1319 1935 1493 2007 culpae
1520 1936 1773 2008 contagio
1800 1953 1916 1992 esse
1944 1953 2056 1993 non

451 2028 701 2092 possunt.
725 2019 830 2077 Sed
850 2037 976 2078 cum
989 2021 1068 2078 eis
1087 2039 1281 2095 parum
1294 2023 1428 2097 quid
1447 2024 1591 2080 inest
1609 2025 1756 2098 quod
1773 2024 2055 2096 deprimit,

454 2110 629 2165 multa
652 2111 832 2166 virtus
861 2110 1020 2169 bonae
1050 2113 1286 2170 actionis
1310 2115 1552 2187 suppetit
1575 2133 1697 2189 quae
1728 2115 1854 2172 illos
1882 2113 1940 2171 in
1969 2132 2056 2172 su-

453 2213 623 2272 perna
651 2203 911 2258 sustollit.
937 2205 1011 2258 At
1039 2211 1230 2260 contra
1253 2203 1564 2278 hypocrita,
1595 2205 1697 2260 etsi
1725 2203 1858 2260 facit
1888 2221 2058 2277 pauca

455 2303 574 2360 quae
604 2289 839 2359 elevent,
882 2300 1158 2364 perpetrat
1201 2293 1376 2349 multa
1420 2310 1540 2366 quae
1594 2302 1840 2366 gravent.
1872 2295 2056 2368 Neque

453 2375 602 2434 enim
635 2379 788 2435 nulla
828 2379 972 2437 bona
1008 2382 1121 2454 agit
1155 2381 1470 2455 hypocrita,
1501 2383 1596 2438 sed
1624 2383 1824 2456 quibus
1854 2400 1916 2440 ea
1940 2385 2057 2456 ipsa

453 2464 748 2539 deprimat,
793 2470 968 2526 multa
1009 2487 1265 2544 perversa
1306 2473 1624 2528 committit.
1667 2474 1858 2531 Pauca:
1890 2474 2060 2547 igitur

455 2573 649 2630 pennae
681 2577 880 2632 corpus
909 2563 1241 2620 struthionis
1267 2581 1381 2620 non
1409 2564 1720 2634 sublevant,
1765 2567 1894 2638 quia
1924 2583 2056 2639 par-

453 2661 587 2702 vum
604 2647 811 2703 bonum
836 2648 1142 2721 hypocrita:
1166 2652 1465 2709 multitudo
1484 2671 1666 2726 pravis
1686 2655 1920 2713 actionis
1940 2671 2055 2728 gra-

453 2742 567 2792 vat.
613 2737 743 2792 Haec
782 2752 1000 2810 quoque
1035 2739 1150 2812 ipsa
1189 2742 1519 2800 struthionis
1547 2762 1724 2817 penna
1755 2747 1821 2802 ad
1851 2764 2056 2818 pennas

452 2824 671 2882 herodii
698 2833 752 2882 et
767 2827 1044 2898 accipitris
1067 2829 1488 2889 similitudinem
1517 2835 1717 2891 coloris
1738 2836 1925 2907 habet,
1947 2838 2055 2893 vir-

452 2915 588 2973 tutis
613 2932 742 2974 vero
771 2919 1192 2976 similitudinem
1211 2938 1321 2977 non
1344 2923 1526 2980 habet.
1558 2926 1787 2982 Illorum
1819 2945 2055 3002 namque

451 3012 724 3069 conclusa
753 3019 807 3069 et
835 3013 1106 3071 ﬁrmiores
1130 3025 1276 3086 sunt,
1309 3027 1362 3075 et
1393 3021 1579 3077 volatu
1600 3038 1778 3079 aerem
1808 3041 2054 3097 premere

450 3103 656 3160 virtute
683 3121 793 3161 suae
822 3105 1119 3164 soliditatis
1148 3121 1396 3182 possunt.
1417 3113 1487 3168 At
1508 3123 1699 3172 contra
1719 3117 2054 3174 struthionis

449 3205 642 3266 pennae
669 3195 971 3265 dissolutas,
1004 3214 1068 3254 eo
1088 3199 1337 3257 volatum
1369 3221 1584 3261 sumere
1614 3216 1914 3280 nequeunt,
1944 3227 2054 3282 quo

449 3283 518 3340 ab
549 3283 668 3356 ipso
697 3301 856 3358 quem
895 3303 1141 3358 premere
1167 3287 1468 3348 debuerant
1495 3311 1617 3351 aere
1644 3299 2054 3355 transcendun-

449 3378 560 3429 tur.
587 3373 730 3439 Quid
761 3391 888 3446 ergo
918 3376 976 3430 in
1004 3375 1092 3433 his
1120 3378 1418 3451 aspicimus
1447 3383 1556 3440 nisi
1585 3385 1732 3457 quod
1751 3389 2052 3446 electorum

451 3461 683 3518 virtutes
711 3463 901 3520 solida:
945 3467 1188 3536 evolant,
1236 3477 1298 3526 ut
1333 3479 1526 3530 ventos
1575 3475 1804 3532 humani
1847 3479 2053 3538 favoris

447 3553 742 3624 premant?
768 3555 1198 3626 Hypocritarum
1237 3576 1366 3616 vero
1402 3562 1547 3620 actio
1577 3568 1878 3638 quamlibet
1907 3580 2051 3630 recta

447 3643 722 3715 videatur,
753 3643 940 3702 volare
979 3662 1091 3704 non
1132 3649 1358 3720 sufficit,
1413 3657 1543 3726 quia
1589 3657 1847 3716 videlicet
1887 3663 2050 3721 ﬂuxa:

449 3731 672 3788 virtutis
697 3747 936 3805 pennam
968 3733 1228 3794 humanae
1259 3738 1438 3798 laudis
1463 3759 1595 3800 aura
1623 3751 1938 3817 pertransit.

530 3827 720 3886 1002
751 3823 890 3898 [Vet.
932 3825 1079 3902 VII.]
1115 3828 1198 3884 l3.
1241 3830 1361 3888 Veri
1393 3833 1749 3893 Christiania
1775 3838 1952 3910 falsis,
1985 3861 2050 3898 ea:

458 3919 698 3975 ructibus
724 3921 1072 3980 discernendi.
1120 3955 1191 3966 -—
1231 3925 1336 3982 Sed
1369 3944 1494 3986 ecce
1524 3947 1650 3988 cum
1677 3950 1852 3991 unum
1883 3953 2050 3993 eum-

443 4005 676 4085 demque
703 4010 977 4069 bonorum
1009 4015 1390 4092 malorumque
1420 4022 1441 4056 ³
1472 4020 1723 4080 habitum
1746 4029 2046 4104 cernimus,

442 4116 568 4158 cum
610 4103 786 4173 ipsam
822 4102 880 4158 in
909 4105 1100 4162 electis
1129 4123 1194 4164 ac
1223 4109 1472 4182 reprobis
1509 4115 1868 4184 professionis
1912 4102 2048 4192 spe?-

441 4187 583 4245 eiem
613 4189 887 4259 videmus,
918 4194 1065 4250 unde
1089 4205 1289 4254 nostra:
1311 4198 1692 4272 intelligentiae
1713 4187 1965 4280 suppetat
1985 4219 2047 4268 ut

441 4276 644 4334 electos
671 4295 704 4334 a
739 4281 1008 4351 reprobis,
1057 4300 1090 4339 a
1130 4285 1286 4341 falsis
1323 4304 1483 4345 veros
1521 4276 2045 4364 comprehendendo

443 4369 762 4428 discernat?
789 4370 949 4439 Quod
975 4381 1162 4431 tamen
1186 4377 1352 4435 citius
1375 4383 1744 4454 agnoscimus,
1779 4389 1800 4423 ⁵
1829 4389 1876 4445 si
1915 4391 2044 4449 inti-

2169 1860 2413 1917 ﬁliorum
2443 1861 2736 1934 hypocrita
2763 1863 3010 1936 negligit,
3056 1863 3186 1938 quia
3229 1881 3300 1921 ex
3349 1881 3536 1922 amore
3577 1865 3789 1925 intimo

2169 1950 2332 2006 rebus
2361 1966 2416 2006 se
2445 1951 2814 2009 exterioribus
2845 1953 3056 2023 subdit,
3098 1955 3157 2010 in
3187 1955 3389 2029 quibus
3416 1963 3625 2030 quanto
3655 1975 3791 2015 ma-

2170 2041 2251 2112 gis
2278 2042 2588 2111 extollitur,
2620 2050 2774 2098 tanto
2802 2044 2986 2100 minus
3002 2043 3068 2100 de
3099 2045 3268 2118 prolis
3287 2063 3398 2102 suae
3417 2045 3640 2105 defectu
3659 2064 3788 2104 cru-

2167 2129 2366 2186 cietur.
2391 2131 2508 2186 Ova
2538 2148 2666 2205 ergo
2697 2131 2756 2188 in
2787 2141 2930 2189 terra
2969 2133 3327 2208 dereliquisse
3358 2144 3441 2192 est
3469 2143 3634 2192 natos
3677 2153 3781 2211 per

2169 2221 2586 2278 conversionem
2625 2221 2770 2278 ﬁlios
2817 2240 3161 2298 nequaquam
3204 2243 3236 2283 a
3277 2227 3515 2284 terrenis
3560 2228 3787 2286 actibus

2169 2309 2495 2383 interposito
2539 2310 2946 2369 exhortationis
2986 2314 3120 2370 nido
3167 2317 3524 2388 suspendere.
3570 2317 3694 2375 Ova
3723 2319 3786 2376 in

2167 2407 2312 2456 terra
2325 2399 2682 2474 dereliquisse
2703 2409 2784 2458 est
2804 2403 3021 2460 nullum
3039 2405 3275 2463 caelestis
3292 2407 3420 2463 vitae
3441 2407 3576 2465 filiis
3595 2425 3786 2467 exem-

2169 2490 2322 2563 plum
2353 2490 2613 2562 praebere.
2656 2491 2796 2559 Quia
2839 2493 2987 2549 enim
3027 2493 3334 2568 hypocrita
3358 2514 3456 2570 per
3483 2497 3782 2556 charitatis

2169 2581 2380 2637 viscera
2406 2597 2516 2638 non
2547 2582 2745 2650 calent,
2780 2583 2846 2639 de
2873 2591 3091 2656 torpore
3113 2585 3282 2658 prolis
3303 2587 3485 2657 editas,
3519 2588 3578 2645 id
3609 2599 3696 2647 est
3714 2590 3784 2647 de

2168 2690 2398 2730 ovorum
2422 2691 2644 2731 suorum
2665 2675 2866 2749 frigore
2884 2694 3228 2752 nequaquam
3245 2679 3436 2736 dolent
3455 2698 3468 2749 ;
3493 2689 3550 2736 et
3566 2691 3784 2754 quanto

2169 2780 2225 2820 se
2255 2763 2518 2821 libentius
2539 2768 2772 2823 terrenis
2788 2768 3004 2825 actibus
3024 2769 3300 2840 inserunt,
3321 2779 3476 2828 tanto
3498 2772 3786 2845 negligen-

2169 2854 2279 2910 tius
2309 2871 2400 2911 eos
2439 2872 2574 2929 quos
2607 2859 2628 2893 ⁶
2657 2867 2919 2930 generant
2956 2876 3112 2932 agere
3157 2867 3375 2916 terrena
3420 2863 3782 2934 permittunt.

2167 2945 2272 3001 Sed
2289 2947 2418 3018 quia
2446 2946 2738 3004 derelictos
2760 2948 3176 3022 hypocritarum
3195 2950 3342 3006 filios
3370 2967 3611 3024 superna
3645 2970 3786 3011 cura

2167 3051 2279 3092 non
2309 3036 2531 3105 deserit,
2562 3038 2862 3093 nonnullos
2888 3055 3125 3113 namque
3149 3040 3314 3098 etiam
3335 3059 3404 3098 ex
3419 3042 3628 3099 talibus
3649 3043 3784 3101 inti-

2091 3143 2136 3204 ο
2168 3141 2255 3179 ma
2283 3125 2551 3182 electione
2579 3127 2880 3198 praescitos,
2906 3129 3114 3203 largita
3143 3133 3330 3205 gratiae
3358 3141 3611 3206 respectu
3629 3134 3777 3192 cale-

2166 3213 2320 3284 facit,
2358 3223 2506 3272 recte
2533 3213 2891 3288 subjungitur
2925 3236 2937 3274 ε

2657 3314 2886 3372 CAPUT
2909 3317 2961 3373 x
2994 3314 3139 3390 meo.
3173 3319 3289 3394 VI].

2236 3399 2374 3456 Ima.
2405 3431 2476 3442 —
2513 3403 2593 3459 Tu
2618 3402 2853 3473 forsitan
2881 3407 2936 3460 in
2960 3409 3179 3477 pulvere
3215 3409 3491 3480 calefacies
3518 3429 3581 3467 ea
3600 3411 3632 3468 Ῡ

2238 3490 2323 3546 15.
2355 3492 2658 3548 Pracorum
2686 3499 2733 3547 et
2762 3494 3018 3550 bonorum
3043 3496 3315 3553 doctorum
3341 3500 3484 3570 ﬁlios
3521 3502 3615 3557 Dei
3635 3519 3782 3574 gra-

2166 3580 2240 3636 tia
2276 3581 2690 3653 calefacit—Ac
2711 3585 2757 3640 si
2777 3585 2956 3643 dicat:
3003 3588 3074 3644 Ut
3105 3591 3334 3662 ego,qui
3355 3590 3453 3646 illa
3468 3591 3526 3646 in
3543 3593 3780 3664 pulvere

2162 3670 2445 3741 calefacio,
2469 3673 2598 3746 quia
2615 3675 2826 3732 scilicet
2846 3678 3202 3748 parvulorum
3227 3680 3462 3750 animas,
3481 3689 3536 3737 et
3553 3681 3612 3736 in
3645 3700 3782 3740 me-

2162 3759 2255 3816 dio
2276 3763 2619 3833 peccantium
2642 3766 2793 3834 sitas,
2816 3767 3022 3824 amoris
3039 3768 3286 3841 meiigne
3302 3772 3598 3829 succende.
3624 3773 3781 3842 Quid

2161 3851 2367 3923 pulvis,
2404 3852 2514 3908 nisi
2547 3862 2800 3926 peccator
2827 3855 3096 3928 accipitur
3115 3857 3144 3913 ?
3175 3858 3328 3915 Unde
3355 3867 3412 3916 et
3452 3861 3550 3917 ille
3593 3860 3780 3920 hostis

2160 3939 2326 4013 hujus
2348 3944 2651 4014 peccatoris
2673 3945 2982 4016 perditione
3010 3945 3262 4018 satiatur,
3292 3947 3360 4005 de
3388 3967 3498 4024 quo
3528 3967 3624 4024 per
3648 3969 3778 4024 pro-

2159 4031 2380 4106 phetam
2410 4032 2653 4090 dicitur:
2687 4037 2925 4106 Serpenti
2936 4038 3120 4108 pulvis
3133 4040 3294 4110 panis
3313 4039 3427 4110 ejus
3444 4043 3609 4113 (Isai.
3633 4060 3776 4114 va,

2159 4123 2274 4195 25).
2307 4123 2451 4191 Quid
2481 4141 2576 4196 per
2594 4125 2898 4198 pulverem,
2925 4126 3032 4182 nisi
3057 4127 3173 4200 ipsa
3201 4129 3520 4203 iniquorum
3537 4131 3779 4190 instabi-

2156 4212 2284 4268 litas
2304 4211 2712 4272 demonstratur
2733 4216 2760 4272 ‘l
2788 4219 2866 4272 De
2893 4233 3000 4290 qua
3019 4219 3196 4276 David
3225 4220 3338 4276 ait:
3372 4222 3493 4279 Non
3520 4224 3597 4279 sic
3615 4223 3778 4296 impii

2155 4319 2260 4358 non
2280 4305 2376 4369 sic,
2405 4305 2494 4359 sed
2517 4311 2769 4376 tanquam
2777 4307 2958 4377 pulvis
2977 4323 3128 4378 quem
3141 4307 3560 4380 projicitventus
3577 4329 3614 4366 a
3627 4311 3777 4382 facii:

2159 4398 2315 4448 terris
2327 4394 2511 4463 (Psal.
2531 4411 2572 4462 ι,
2593 4394 2674 4466 4).
2694 4395 2812 4452 Ova
2839 4413 2967 4468 ergo
2995 4397 3269 4454 Dominus
3291 4397 3349 4453 in
3366 4401 3599 4471 pulvere
3615 4401 3775 4458 dere-

443 4466 592 4516 mata
615 4459 674 4516 in
705 4463 1028 4562 memoriam
1061 4468 1413 4566 praeceptoris
1447 4473 1622 4528 nostri
1657 4476 1824 4534 verba
1851 4480 2045 4554 signa-
2075 4507 2124 4566 D
2155 4481 2284 4539 licta
2303 4483 2575 4554 calefacit,
2593 4485 2722 4558 quia
2737 4488 3094 4558 parvulorum
3110 4488 3326 4546 animas
3338 4489 3772 4562 praedicatorum

445 4564 589 4618 mus,
623 4551 720 4622 qui
763 4551 886 4606 ait:
940 4554 1032 4609 Ea:
1076 4553 1340 4623 fructibus
1385 4576 1565 4614 eorum
1613 4551 1923 4635 cognoscetis
1967 4592 2051 4635 eos

447 4635 660 4736 (Matth.
694 4655 793 4736 vn,
843 4638 1185 4736 2.0).oNeque
1230 4646 1380 4736 enim
1425 4652 1704 4720 pensanda
1750 4666 1880 4714 sunt
1927 4677 2048 4736 quae

443 4727 743 4784 ostendunt
777 4729 836 4785 in
865 4729 1125 4804 imagine,
1169 4735 1264 4791 sed
1307 4753 1427 4810 quae
1466 4752 1690 4800 servant
1718 4745 1776 4800 in
1805 4727 2040 4812 actio-ne.

442 4817 596 4910 Unde
626 4818 719 4878 hic
746 4829 1034 4896 postquam
1065 4826 1302 4896 speciem
1333 4831 1665 4892 struthionis
1696 4834 1864 4910 hujus
1893 4841 2045 4901 intu-

356 4925 362 4930 '
441 4906 528 4981 lit,
560 4928 692 4968 mox
728 4911 874 4971 facta
903 4914 1212 4988 subjungit,
1244 4919 1470 4980 dicens:

1067 5014 1296 5074 CAPUT
1325 5021 1424 5077 IX.

510 5097 682 5162 Vnus.
710 5104 796 5162 14.
823 5136 896 5148 -
927 5107 1056 5175 Qum
1083 5107 1402 5180 derelinquit
1430 5112 1488 5167 in
1513 5118 1658 5171 terra
1686 5133 1784 5174 ova
1813 5135 1931 5176 sua.

2159 4591 2385 4632 suorum
2417 4576 2796 4635 sollicitudine
2825 4579 3134 4651 destitutas,
3161 4581 3328 4639 etiam
3357 4581 3417 4638 in
3439 4582 3625 4639 medio
3645 4599 3772 4656 pec-

2156 4667 2402 4723 cantium
2433 4668 2639 4739 positas
2666 4671 2870 4726 amoris
2897 4671 2984 4727 sui
3015 4671 3142 4744 igne
3170 4672 3475 4730 succendit.
3509 4673 3658 4730 Hinc
3689 4681 3770 4730 est

2156 4755 2304 4828 quod
2333 4757 2620 4830 plerosque
2650 4759 2929 4816 cernimus
2957 4767 3012 4816 et
3041 4761 3099 4818 in
3129 4763 3314 4819 medio
3331 4763 3670 4836 populorum
3687 4765 3770 4819 vi-

2155 4861 2304 4914 vere,
2335 4853 2390 4902 et
2425 4854 2609 4903 tamen
2648 4849 2821 4904 vitam
2862 4851 3133 4922 torpentis
3173 4853 3365 4926 populi
3395 4869 3509 4909 non
3555 4859 3765 4910 tenere.

2153 4935 2297 4992 Hinc
2323 4944 2405 4992 est
2434 4938 2580 5010 quod
2600 4939 2887 5012 plerosque
2915 4941 3216 5013 cernimus,
3249 4953 3302 5000 et
3331 4944 3607 5000 malorum
3634 4951 3769 5000 tur-

2151 5024 2251 5081 bas
2277 5041 2389 5081 non
2423 5025 2631 5098 fugere,
2661 5036 2716 5084 et
2741 5036 2928 5086 tamen
2975 5047 3212 5102 superno
3270 5032 3466 5089 ardore
3508 5034 3763 5108 ﬂagrare.

2151 5114 2296 5173 Hinc
2349 5124 2433 5173 est
2477 5117 2625 5190 quod
2667 5119 2955 5194 plerosque
2994 5121 3294 5192 cernimus,
3338 5129 3530 5187 1003
3578 5131 3644 5180 ut
3687 5122 3767 5180 ita

509 5190 595 5250 14.
624 5193 927 5267 Hypocritce
953 5214 1084 5269 quos
1117 5199 1358 5272 gignunt,
1401 5201 1552 5260 bonis
1585 5207 1837 5280 exemplis
1863 5207 2043 5280 fove-re
2147 5213 2408 5287 dixerim,
2438 5217 2499 5274 in
2527 5217 2732 5290 frigore
2758 5190 2954 5278 calere.
3007 5219 3163 5277 Unde
3205 5190 3358 5278 enim
3395 5223 3662 5280 nonnulli
3703 5223 3764 5280 in

513 5369 706 5452 10Pler.
735 5377 912 5452 vu_l_g.,
939 5379 1256 5439 vocabulo...
1287 5389 1456 5441 vocat.
1489 5385 1614 5443 Vet.
1646 5387 1751 5445 Ed.
1782 5388 1954 5448 Paris.
1983 5399 2038 5448 et

439 5441 607 5514 Basil.
640 5459 766 5514 cum
795 5441 948 5514 mea,
979 5457 1146 5507 notat.

509 5513 1116 5608 ’_‘_1_I_l_‘Pr§t§l.__aliisque
1145 5524 1356 5596 Norm.,
1388 5525 1482 5585 hic
1501 5537 1556 5586 et
1583 5529 1740 5603 alibi,
1771 5549 1912 5606 saepe
1929 5535 2032 5608 leg.

433 5599 816 5658 parvum,_pro
839 5605 1056 5658 parum.

445 5653 454 5700 ζ
513 5655 534 5692 ³
561 5653 856 5726 Dandum,—
867 5659 1082 5719 obitum.

511 5727 535 5763 ‘
562 5724 833 5796 Vindoc.,
856 5729 1079 5791 Ebroic.
1108 5735 1354 5812 aliosque
1385 5741 1577 5802 Norm.
1610 5743 1703 5805 hic
1729 5749 2031 5823 sequimur.

2145 5391 2432 5469 accedunt
2467 5391 2697 5469 Turon,
2728 5393 3089 5469 ubilegirnus
3131 5397 3180 5452 si
3222 5397 3440 5465 intima,
3485 5408 3542 5457 et
3590 5397 3758 5460 Corb.

2147 5465 2357 5533 Germ.,
2412 5465 2506 5537 qui
2551 5463 2717 5522 habet
2746 5463 2936 5522 intima
2963 5468 3022 5522 in
3049 5470 3320 5526 memoria.
3382 5463 3538 5527 Editi
3592 5474 3760 5530 etiam

2145 5538 2474 5592 vetustiores
2507 5553 2632 5593 cum
2663 5538 2848 5595 Germ.
2882 5539 3088 5596 habent
3115 5542 3164 5596 si
3189 5541 3537 5600 intemerata.

2217 5609 2238 5644 δ
2266 5608 2394 5665 Mss.
2442 5609 2660 5682 Anglic.
2712 5617 2767 5666 et
2816 5611 3007 5669 Norm.
3051 5629 3179 5670 cum
3225 5613 3438 5686 Germ.,
3478 5616 3589 5672 nisi
3635 5622 3756 5672 ter-

2143 5697 2273 5736 reita
2283 5723 2294 5734 .

2161 5813 2166 5822 ,
2216 5752 2238 5790 ⁶
2269 5750 2478 5824 Germ.,
2507 5751 2728 5814 Pratell.
2752 5761 2808 5812 et
2825 5753 2944 5826 alii,
2971 5762 3276 5830 genuerunt.
