3936 6382
184 311 276 376 ssi
896 318 1273 389 MORALIUM
1309 328 1443 389 LIB.
1486 326 1698 393 XXXI.
1738 366 1809 380 —
1847 332 1920 397 1N
1956 331 2183 403 CAPUT
2221 346 2465 410 XXXIX
2505 348 2567 412 Β.
2608 354 2750 416 JOB.

184 457 512 539 terrenarum
550 450 841 510 hominum
884 463 1102 530 torpore
1147 461 1313 533 positi
1345 478 1594 535 superna
1649 468 1765 539 spei
1794 473 1843 532 Α

184 536 458 595 desideriis
489 539 865 613 inardescunt,
913 545 1060 601 unde
1090 554 1145 603 et
1186 549 1334 605 inter
1375 549 1578 622 frigida
1605 536 1771 610 corda

185 627 423 685 succensi
453 636 604 699 sunt,
654 632 765 688 nisi
795 634 923 706 quia
953 637 1303 708 omnipotens
1334 640 1480 697 Deus
1507 641 1770 701 derelicta

183 732 277 772 ova
303 715 407 773 scit
434 717 601 773 etiam
626 718 681 774 in
706 720 931 792 pulvere
960 725 1275 794 calefacere,
1299 734 1352 783 et
1380 727 1603 800 frigoris
1634 731 1770 803 pris-

180 803 274 860 tini
288 804 716 864 insensibilitate
734 807 1005 879 discussa,
1026 828 1121 885 per
1139 829 1359 870 sensum
1381 817 1610 888 spiritus
1630 818 1769 874 vita-

180 893 243 949 lis
269 894 530 963 animare,
579 904 641 952 ut
671 914 1017 973 nequaquam
1044 901 1287 975 jacentia
1317 906 1373 961 in
1407 906 1616 965 inﬁmis
1644 917 1770 965 tar-

178 990 358 1057 peant;
408 984 508 1041 sed
539 985 595 1041 in
635 987 768 1043 viva
796 991 1051 1047 volatilia
1095 1010 1251 1050 versa
1281 1011 1397 1052 sese
1426 996 1495 1052 ad
1524 998 1769 1055 coelestia

177 1075 613 1146 contemplanda,
648 1076 706 1134 id
735 1085 818 1135 est
846 1080 1107 1149 volando,
1140 1085 1525 1156 suspendant?
1551 1088 1769 1144 Natan-

176 1160 298 1218 dum
325 1178 456 1219 vero
475 1171 559 1219 est
589 1165 737 1238 quod
769 1167 823 1223 in
856 1167 945 1224 his
966 1171 1151 1228 verbis
1172 1190 1283 1229 non
1308 1175 1487 1230 solum
1511 1174 1768 1248 hypocri-

176 1258 341 1309 tarum
371 1255 517 1311 actia
538 1273 799 1329 perversa
821 1276 877 1314 re
886 1261 1167 1332 probatur,
1192 1264 1285 1321 sed
1306 1265 1579 1323 bonorum
1601 1268 1766 1325 etiam

176 1344 571 1415 magistrorum,
604 1347 651 1403 si
683 1364 791 1420 qua
822 1349 1052 1409 fortasse
1080 1354 1422 1428 subrepserit
1451 1359 1618 1415 elatio
1650 1377 1767 1431 pre-

174 1431 350 1489 mitur.
376 1434 513 1490 Nam
544 1453 670 1494 cum
693 1437 760 1493 de
779 1454 836 1494 se
864 1440 1135 1500 Dominus
1163 1443 1303 1500 dicit
1331 1446 1478 1519 quod
1506 1448 1767 1506 derelicta

175 1538 269 1577 ava
287 1523 341 1578 in
362 1525 590 1595 pulvere
611 1526 726 1600 ipse
747 1528 1052 1600 calefaciat,
1076 1534 1321 1605 profecta
1346 1544 1531 1608 aperte
1559 1538 1766 1595 indicat

174 1611 291 1684 quia
311 1612 424 1685 ipse
444 1623 708 1687 operatur
734 1618 1071 1678 intrinsecus
1092 1639 1188 1694 per
1207 1623 1372 1679 verba
1392 1624 1655 1693 doctoris,
1669 1630 1764 1701 qui

173 1708 222 1757 et
247 1701 359 1759 sine
389 1702 579 1761 verbis
610 1704 781 1761 ullius
812 1705 1059 1765 hominis
1087 1710 1339 1768 calefacit
1363 1729 1499 1786 quas
1526 1716 1767 1772 voluerit

173 1791 237 1890 in.
252 1790 739 1894 frigorepulveris.
764 1797 845 1852 Ac
865 1798 912 1854 si
933 1807 1119 1872 aperte
1147 1800 1470 1860 doctoribus
1490 1803 1668 1862 dicat:
1693 1808 1764 1864 Ut
1792 1840 1839 1901 Β

169 1880 341 1937 sciatis
370 1883 503 1955 quia
541 1899 641 1957 ego
668 1902 795 1942 sum
826 1887 923 1961 qui
965 1905 1063 1961 per
1089 1907 1190 1947 vos
1219 1892 1506 1965 loquentes
1542 1913 1761 1968 operor,

171 1985 283 2028 ecce
301 1988 427 2029 cum
450 1974 683 2032 voluero
697 1977 962 2034 cordibus
981 1978 1271 2038 hominum
1287 1983 1451 2040 etiam
1475 1986 1593 2043 sine
1605 1988 1765 2046 vobis

171 2059 371 2133 loquor.
432 2060 575 2136 [νει.
625 2066 807 2142 VIII.]
864 2068 1169 2126 Humiliata
1216 2071 1386 2145 igitur
1431 2077 1764 2147 cogitatione

169 2148 466 2223 doctorum,
501 2154 571 2211 ad
591 2156 1019 2229 exprimendum
1052 2158 1401 2234 hypocritam
1431 2182 1611 2224 sermo
1628 2184 1761 2225 con-

168 2241 412 2313 vertitur,
439 2252 494 2300 et
512 2260 621 2317 qua
639 2245 893 2305 fatuitate
915 2255 1148 2323 torpeat,
1168 2251 1353 2311 adhuc
1372 2255 1474 2311 sub
1494 2257 1761 2314 struthio-

167 2329 247 2387 nis
272 2330 417 2390 facta
448 2333 672 2408 plenius
702 2334 1000 2395 indicatur.
1035 2341 1175 2397 Nam
1205 2344 1456 2416 sequitur
1488 2363 1500 2401 :

610 2479 842 2538 CAPUT
872 2482 951 2538 ΧΙ
979 2482 1125 2557 [Rec.
1164 2484 1313 2560 VII].

226 2593 395 2653 Vsus.
432 2596 520 2654 15.
551 2628 623 2639 -
672 2598 1015 2656 Obliviscitur
1059 2602 1202 2673 quod
1245 2620 1336 2676 pes
1382 2606 1640 2662 conculcet
1678 2624 1759 2675 ea,

163 2689 247 2739 aut
274 2683 440 2741 bestia
469 2686 591 2757 agri
618 2694 869 2744 conterat.

225 2773 306 2830 16.
338 2775 516 2831 Praei
544 2776 780 2833 doctores
825 2778 887 2833 de
916 2795 1015 2834 sua
1050 2781 1204 2851 prole
1236 2798 1343 2836 non
1371 2788 1497 2837 sunt
1522 2784 1759 2853 solliciti,

163 2875 290 2917 secus
323 2862 695 2931 boni.—Quid
726 2864 784 2920 in
806 2865 963 2937 pede,
994 2868 1103 2923 nisi
1132 2870 1398 2925 transitus
1426 2872 1763 2943 operationis

163 2949 477 3022 accipitur?
506 2951 653 3019 Quid
682 2953 738 3008 in
756 2969 906 3026 agro,
928 2954 1035 3011 nisi
1068 2956 1310 3013 mundus
1342 2958 1442 3013 iste
1470 2960 1762 3031 signatur?

165 3041 234 3099 De
254 3058 364 3114 qua
388 3042 449 3098 in
480 3042 784 3117 Evangelia
801 3044 1072 3102 Dominus
1100 3046 1238 3103 dicit
1258 3065 1270 3103 :
1290 3048 1433 3120 Ager
1460 3056 1636 3104 autem
1656 3052 1669 3085 ¹
1690 3059 1764 3107 est

161 3133 380 3188 mundus
413 3133 631 3205 (Matth.
664 3150 789 3202 xm,
822 3134 938 3207 38).
975 3135 1121 3203 Quid
1161 3136 1218 3191 in
1249 3136 1426 3193 bestia
1455 3139 1564 3195 nisi
1607 3140 1762 3195 anti-

3369 364 3478 429 582

1872 471 2130 574 adjunxit
2163 496 2175 534 :
2214 479 2555 574 Charissime,
2584 488 2700 544 nali
2727 490 2931 550 imitari
2955 498 3182 566 malum,
3212 502 3303 557 sed
3337 505 3480 574 quod

1879 562 2069 664 bonum
2095 575 2171 624 est
2194 571 2323 640 (III
2341 573 2499 632 Joan.
2532 577 2640 649 11).
2693 580 2853 639 Hunc
2881 583 2995 656 ipse
3025 562 3326 664 Synagogaa
3344 562 3475 651 ldux

1879 654 2102 752 infirmo
2122 677 2222 718 sua
2244 664 2393 738 gregi
2414 654 2939 737 metuebat,dicens':
2969 654 3478 752 Qudnddirigressus

1876 741 2049 836 fueris
2077 754 2276 805 terram
2304 769 2465 823 quam
2491 756 2752 813 Dominus
2778 759 2922 816 Deus
2949 741 3096 819 dabit
3124 766 3240 836 tibi,
3269 741 3391 825 cave
3416 787 3481 825 ne

1877 832 2085 925 imitari
2096 839 2221 894 velis
2234 840 2882 904 abominationesillarum
2891 832 3477 925 gentiunuDeut.xvm,

1876 920 1958 1018 9).
1984 921 2349 1018 leiviscitur
2364 933 2530 988 etiam
2550 935 2699 1006 quod
2718 920 2906 994 bestia
2920 940 3036 1011 agri
3065 950 3334 1014 conterat,
3352 920 3481 1018 quia

1877 1013 2145 1072 nimirum
2172 1019 2219 1074 si
2235 1018 2490 1079 diabolus
2506 1024 2563 1080 in
2585 1023 2691 1082 hac
2712 1027 2922 1084 munda
2938 1030 3173 1088 saviens
3194 1013 3403 1091 editos}
3420 1036 3479 1092 in

1876 1104 2020 1162 bona
2049 1112 2467 1175 conversatione
2497 1115 2644 1173 filias
2677 1119 2874 1189 rapiat,
2920 1121 3215 1195 hypocrita
3252 1129 3481 1184 omnino

1876 1211 1989 1251 non
2010 1207 2185 1256 curat.
2218 1202 2372 1260 Hanc
2390 1212 2573 1262 autem
2597 1208 2713 1281 agri
2732 1208 2965 1267 bestiam
2993 1214 3199 1272 Paulus
3218 1216 3340 1274 avis
3359 1234 3479 1292 quae

1878 1298 2134 1357 posuerat
2178 1295 2457 1352 metuebat
2490 1296 2681 1355 dicens
2714 1318 2726 1355 :
2785 1302 2984 1372 Timeo,
3018 1321 3083 1360 ne
3109 1306 3246 1361 sicut
3270 1325 3481 1381 serpens

1875 1382 2050 1438 Evam
2095 1385 2307 1442 seduxit
2333 1391 2533 1447 astutia
2577 1409 2697 1456 sua,
2740 1394 2818 1451 ita
2848 1406 3268 1471 corrumpantur
3299 1418 3481 1458 sensus

1874 1473 2038 1527 vestri
2062 1474 2083 1508 ⁸
2131 1493 2166 1530 a
2202 1475 2481 1544 charitate,
2534 1496 2652 1551 quae
2690 1489 2765 1538 est
2798 1491 2990 1548 1004
3015 1487 3075 1542 in
3120 1488 3329 1546 Christo
3355 1491 3479 1547 Iesu

1878 1567 1967 1659 (II
1995 1570 2121 1628 Cor.
2145 1589 2226 1641 x1,
2250 1573 2330 1647 3).
2364 1576 2518 1634 Hanc
2539 1579 2658 1651 agri
2685 1578 2923 1639 bestiam
2954 1584 3244 1659 discipulis
3273 1595 3478 1644 metue-

1873 1656 1968 1715 bat
1986 1662 2201 1729 Petrus,
2217 1680 2345 1721 cum
2362 1665 2571 1724 diceret
2594 1687 2606 1724 :
2638 1670 2998 1729 Adversarius
3017 1656 3184 1732 vester
3211 1678 3476 1746 diabolus,

1872 1752 2032 1820 quasi
2062 1754 2138 1808 leo
2164 1756 2383 1825 rugiens
2409 1758 2621 1825 circuit,
2654 1777 2894 1831 quaerens
2925 1780 3078 1835 quem
3123 1767 3352 1836 devoret,
3393 1769 3479 1823 cui

1870 1842 2097 1897 resistite
2111 1841 2344 1911 fartesin
2352 1845 2491 1915 ﬁde(
2498 1849 2531 1902 Ι
2536 1848 2650 1903 Pet.
2666 1865 2722 1917 ν,
2740 1850 2796 1918 8,
2813 1851 2896 1923 9).
2928 1852 3144 1909 Habent
3171 1871 3300 1927 ergo
3326 1872 3477 1912 vera-

1873 1946 1962 1986 ces
1993 1931 2242 2003 magistri
2271 1950 2436 2005 super
2464 1934 2770 2008 discipulos
2799 1956 2928 1996 suos
2943 1940 3160 2000 timoris
3179 1944 3390 2001 viscera
3409 1961 3479 2001 ex

1873 2018 2079 2076 virtute
2099 2020 2389 2079 charitatis
2407 2042 2419 2080 :
2435 2024 2743 2098 hypocrita:
2755 2038 2938 2087 autem
2956 2040 3112 2090 tanta
3132 2034 3318 2091 minus
3331 2051 3479 2091 com-

1873 2109 2059 2166 missis
2087 2110 2195 2167 sibi
2241 2121 2517 2182 metuunt,
2564 2126 2773 2189 quanto
2810 2136 2913 2178 nec
2954 2123 3313 2198 sibimetipsis
3343 2125 3479 2198 quid

1872 2197 2068 2255 timere
2083 2199 2321 2258 debeant
2340 2202 2785 2275 deprehendunt.
2808 2210 2883 2265 Et
2901 2212 3034 2284 quia
3052 2197 3339 2270 obduratis
3359 2197 3476 2271 cor-

1871 2287 2037 2346 dibus
2066 2291 2286 2362 vivunt,
2316 2293 2466 2366 ipsas
2494 2295 2660 2351 etiam
2691 2314 2829 2371 quas
2859 2310 3121 2373 generant
3148 2303 3296 2359 ﬁlias
3324 2304 3479 2359 nulla

1872 2377 2075 2451 pietate
2121 2378 2296 2458 debiti
2338 2384 2544 2440 amoris
2586 2396 2913 2458 agnoscunt.
2960 2390 3116 2449 Unde
3143 2392 3328 2450 adhuc
3372 2392 3477 2448 sub

1870 2468 2203 2527 struthianis
2226 2471 2411 2544 specie
2439 2473 2697 2531 subditur
2728 2493 2742 2533 :

2479 2589 2709 2648 CAPUT
2738 2590 2863 2649 XII.

1941 2675 2112 2733 Vsus.
2161 2677 2247 2733 16.
2280 2708 2352 2720 -
2378 2678 2629 2736 Duratur
2669 2682 2743 2736 ad
2786 2683 2929 2755 ﬁlios
2973 2699 3118 2753 suos,
3164 2688 3323 2759 quasi
3368 2705 3476 2744 non

1870 2764 1977 2819 sint
2003 2765 2109 2822 sui.

1945 2856 2030 2911 17.
2064 2856 2136 2911 Hi
2149 2856 2407 2913 charitate
2417 2861 2787 2934 ﬂagranterga
2796 2865 2960 2937 ﬁlios,
2976 2882 3083 2921 non
3096 2865 3200 2923 illi.
3217 2899 3287 2910 —
3298 2868 3472 2937 Quem

1869 2944 2018 3001 enim
2041 2944 2327 3002 charitatis
2356 2949 2529 3018 gratia
2548 2966 2660 3005 nan
2683 2953 2950 3023 infundit,
2969 2957 3285 3026 proximum
3312 2968 3473 3014 suum

1871 3032 2035 3087 etiam
2058 3032 2104 3088 si
2135 3032 2250 3105 ipse
2278 3034 2428 3090 hunc
2455 3038 2569 3093 Dea
2595 3041 2806 3110 genuit,
2831 3042 2853 3076 ⁶
2873 3050 3197 3098 extraneum
3227 3045 3472 3116 respicit,

1870 3130 1933 3178 ut
1954 3122 2199 3195 profecto
2222 3132 2351 3181 sunt
2379 3143 2570 3183 omnes
2591 3128 2915 3201 hypocrita,
2948 3147 3182 3204 quorum
3214 3132 3475 3191 videlicet

163 3236 294 3294 quas
315 3222 497 3279 hostis
516 3223 873 3294 exprimitur,
896 3224 991 3297 qui
1014 3223 1181 3297 hujus
1212 3226 1406 3283 mundi
1437 3229 1647 3300 rapinis
1676 3229 1757 3285 in-

1875 3223 2081 3271 mentes
2101 3215 2234 3271 dum
2265 3232 2478 3289 semper
2506 3218 2784 3275 exteriora
2811 3229 3096 3293 appetunt,
3115 3222 3269 3279 intus
3289 3223 3469 3280 insen-

163 3309 380 3381 sidians,
414 3310 662 3368 humana
680 3312 930 3386 quotidie
951 3324 1127 3371 marte
1148 3316 1421 3374 satiatur?
1438 3320 1514 3374 De
1534 3335 1642 3392 qua
1662 3336 1758 3391 per

161 3398 507 3474 Praphetam,
557 3401 853 3474 pollicente
901 3404 1162 3473 Domino,
1211 3404 1419 3463 dicitur
1452 3425 1464 3463 :
1496 3410 1571 3463 Et
1609 3410 1758 3464 mala

161 3491 309 3550 bestia
333 3510 444 3549 non
479 3494 730 3550 transibit
750 3511 850 3566 per
877 3513 989 3551 eam
1018 3496 1045 3568 (
1049 3496 1180 3553 Isai.
1197 3513 1374 3567 xxxv,
1392 3498 1473 3571 9).
1505 3498 1757 3556 Struthio

160 3578 331 3656 itaque
359 3599 469 3640 ova
499 3599 599 3640 sua
625 3582 881 3641 deserens
915 3584 1269 3643 obliviscitur
1316 3587 1464 3659 quod
1493 3604 1586 3659 pes
1616 3603 1758 3644 can-

158 3670 326 3728 culcet
355 3689 439 3743 ea,
467 3672 602 3747 quia
623 3672 885 3730 videlicet
904 3672 1211 3747 hypocrita
1232 3691 1326 3731 eos
1343 3692 1481 3749 quas
1498 3678 1519 3712 ²
1550 3677 1607 3732 in
1629 3692 1757 3735 con-

162 3763 464 3819 versatione
514 3762 661 3820 filios
692 3772 953 3836 generant
998 3763 1414 3838 derelinquunt,
1447 3772 1500 3821 et
1528 3767 1757 3823 omnino

158 3865 261 3908 non
290 3859 516 3922 curant,
546 3869 615 3912 ne
646 3861 741 3911 aut
782 3851 1191 3911 exhortationis
1233 3855 1633 3924 sollicitudine,
1663 3864 1758 3913 aut

161 3939 463 4016 disciplinas
525 3942 776 4000 custodia
821 3942 1139 4011 destitutas,
1185 3960 1480 4016 pravorum
1529 3962 1756 4019 operum

160 4034 397 4108 exempla
417 4041 765 4109 pervertant.
798 4034 856 4092 Si
878 4034 1026 4091 enim
1044 4052 1150 4092 ova
1168 4052 1288 4110 quae
1313 4035 1548 4109 gignunt
1566 4036 1757 4110 dilige-

159 4129 289 4192 rent,
319 4123 598 4180 nimirum
630 4131 940 4181 metuerent
962 4141 1031 4181 ne
1060 4126 1186 4199 quis
1205 4141 1288 4194 ea,
1319 4130 1574 4198 perversa
1595 4143 1759 4200 opera

160 4209 604 4284 demonstrando,
628 4216 883 4273 calcaret.
908 4215 1069 4273 Hunc
1083 4216 1290 4273 Paulus
1308 4215 1500 4289 pedem
1520 4217 1758 4274 inﬁrmis

160 4296 457 4374 discipulis,
499 4303 656 4376 quasi
686 4303 809 4359 ovis
838 4319 959 4377 quae
996 4311 1270 4378 posuerat,
1303 4303 1599 4373 metuebat,
1629 4321 1753 4362 cum

161 4385 394 4448 diceret:
448 4391 616 4451 Multi
656 4392 950 4462 ambulant,
1000 4410 1130 4464 quos
1158 4410 1291 4465 saepe
1332 4393 1562 4450 dicebam
1588 4394 1756 4462 vobis,

159 4492 285 4534 nunc
301 4486 481 4537 autem
499 4486 549 4535 et
574 4482 703 4552 flens
728 4482 865 4551 dico,
894 4482 1139 4538 inimicos
1157 4483 1331 4539 crucis
1355 4483 1555 4540 Christi
1586 4484 1753 4556 (Phil.

1866 3304 2057 3361 sibiles
2076 3304 2252 3374 ﬁunt;
2289 3315 2343 3363 et
2371 3306 2430 3362 in
2457 3308 2673 3364 cunctis
2701 3326 2823 3383 quae
2842 3318 3033 3382 agunt,
3054 3310 3186 3368 dum
3211 3328 3309 3368 sua
3328 3329 3467 3370 sem-

1867 3410 1965 3467 per
1992 3401 2279 3467 expetunt,
2302 3412 2428 3468 erga
2456 3397 2713 3454 allectum
2734 3399 2979 3472 proximi
3001 3400 3153 3455 nulla
3181 3400 3468 3460 cbaritatis

1866 3486 2246 3556 campassione
2266 3485 2668 3543 mallescunt.0
2681 3502 2845 3560 quam
2864 3487 3054 3543 mollia
3075 3488 3285 3545 viscera
3299 3499 3471 3563 gesta-

1865 3573 1960 3630 bat
1979 3575 2201 3643 Paulus,
2236 3575 2457 3648 quando
2477 3577 2628 3634 circa
2653 3577 2801 3633 filios
2827 3593 2957 3634 suos
2979 3583 3135 3633 tanta
3160 3587 3296 3635 aestu
3324 3595 3471 3637 amo-
3564 3574 3567 3579 ’

1866 3662 1945 3719 ris
1973 3662 2243 3733 inhiabat,
2277 3664 2470 3721 dicens
2498 3682 2510 3722 :
2545 3666 2565 3701 ⁷
2597 3666 2710 3723 Nos
2740 3666 2990 3737 vivimus,
3039 3667 3086 3723 si
3113 3684 3205 3723 vos
3234 3669 3387 3724 statis
3416 3669 3472 3725 in

1865 3751 2096 3809 Domina
2147 3753 2204 3825 (Ι
2233 3754 2407 3812 Thess.
2440 3770 2526 3823 nr,
2570 3755 2651 3826 8).
2686 3755 2778 3824 Et,
2837 3757 3000 3813 Testis
3035 3755 3167 3815 mihi
3193 3764 3268 3814 est
3306 3758 3467 3828 Deus,

1865 3844 2123 3913 quomodo
2152 3845 2359 3915 cupiam
2391 3862 2567 3901 omnes
2593 3861 2685 3900 vos
2712 3845 2770 3901 in
2797 3845 3082 3903 visceribus
3121 3847 3320 3904 Christi
3346 3849 3472 3904 Jesu
3510 3842 3519 3847 ’

1869 3931 2038 4003 (Phil.
2062 3949 2103 4001 ι,
2117 3932 2198 4005 8).
2217 3934 2481 3990 Romanis
2497 3949 2716 4007 quoque
2735 3934 2812 3990 ait
2837 3952 2849 3991 :
2881 3935 3045 3991 Testis
3062 3941 3139 3991 est
3155 3936 3286 3992 mihi
3303 3937 3468 4004 Deus,

1865 4021 1951 4076 cui
1978 4022 2148 4077 servio
2171 4022 2231 4077 in
2249 4023 2446 4094 spiritu
2462 4040 2594 4091 meo,
2613 4024 2671 4077 in
2696 4025 2991 4095 Evangelia
3020 4024 3153 4081 Filii
3171 4024 3307 4095 ejus,
3328 4028 3470 4098 quod

1864 4112 1978 4167 sine
2020 4112 2407 4169 intermissione
2450 4112 2762 4170 memoriam
2803 4114 2964 4170 vestri
3006 4130 3210 4187 semper
3246 4114 3388 4186 facio
3413 4117 3472 4173 in

1865 4199 2197 4256 orationibus
2223 4202 2373 4268 meis,
2415 4202 2693 4258 obsecrans
2730 4202 2778 4258 si
2803 4218 2907 4275 quo
2932 4203 3088 4259 modo
3121 4203 3330 4260 tandem
3361 4206 3470 4262 ali-

1864 4290 2078 4363 quando
2112 4308 2430 4365 prosperum
2474 4292 2575 4349 iter
2602 4294 2820 4351 habeam
2862 4295 2921 4351 in
2947 4295 3214 4352 voluntate
3244 4296 3346 4353 Dei
3372 4314 3470 4353 ve-

1863 4381 2044 4438 niendi
2096 4382 2169 4439 ad
2208 4398 2299 4438 vos
2313 4400 2335 4450 ;
2387 4383 2626 4441 desidero
2677 4384 2816 4441 enim
2865 4385 3045 4441 videre
3075 4404 3167 4442 vos
3216 4388 3394 4460 (Rom.
3427 4402 3468 4457 ι,

1864 4472 1920 4542 9,
1950 4472 2108 4546 seq.).
2130 4472 2422 4531 Timotheo
2444 4490 2663 4549 quoque
2684 4474 2797 4532 ait:
2836 4475 3053 4533 Gratias
3081 4494 3180 4550 ago
3204 4478 3315 4535 Deo
3336 4495 3469 4548 meo,

125 4562 129 4565 ⁷
159 4579 238 4636 ιιι,
268 4567 377 4642 18).
416 4570 497 4625 Et
524 4585 744 4628 rursum
777 4588 788 4626 :
838 4571 1012 4631 Videte
1035 4588 1207 4643 canes,
1255 4573 1420 4628 videte
1442 4573 1614 4629 malas
1641 4590 1756 4646 ope-

1875 4562 1952 4618 rui
1976 4562 2149 4619 servio
2175 4580 2212 4620 a
2232 4564 2661 4637 progenitoribus
2709 4565 2836 4622 meis
2866 4565 2923 4622 in
2949 4567 3265 4624 conscientia
3299 4585 3468 4641 pura,

162 4658 329 4715 rarios
340 4660 499 4732 (Ibid
506 4703 544 4729 .,
566 4660 645 4735 2).
671 4662 743 4717 Et
771 4677 991 4718 rursum
1015 4680 1025 4718 :
1051 4661 1437 4719 Denuntiamus
1454 4664 1621 4729 vobis,
1642 4662 1757 4734 fra-

166 4753 279 4818 tres,
306 4750 361 4805 in
386 4751 602 4807 nomine
629 4750 845 4806 Domini
870 4751 1046 4807 nostri
1078 4752 1203 4808 Iesu
1235 4752 1459 4819 Christi,
1489 4760 1548 4808 ut
1573 4754 1759 4809 subtra

165 4834 291 4894 hatis
334 4858 423 4897 vos
472 4839 540 4896 ab
585 4840 728 4896 omni
773 4839 950 4910 fratre
995 4841 1301 4897 ambulante
1343 4841 1668 4907 inordinate,
1712 4848 1762 4897 et

164 4940 263 4981 non
288 4930 571 4986 secundum
619 4930 960 4986 traditionem
1001 4946 1163 5001 quam
1197 4938 1508 5003 acceperunt
1547 4948 1584 4988 a
1608 4931 1759 4987 nobis

165 5014 255 5084 (II
273 5019 445 5077 Thess.
478 5037 565 5087 ιιι,
596 5020 676 5093 6).
710 5021 870 5078 Hunc
905 5020 1099 5094 pedem
1134 5019 1371 5076 Joannes
1401 5019 1533 5078 Caio
1562 5021 1757 5077 formi-

167 5102 337 5179 dabat,
360 5110 605 5185 quicum
622 5110 799 5167 multa
818 5112 840 5145 ³
868 5108 1190 5183 Diotrephis
1209 5109 1353 5165 mala
1380 5109 1755 5183 praemisisset,

232 5311 255 5394 ξ
277 5307 532 5394 Xindoc.,
563 5312 755 5394 liorm.
786 5317 842 5394 et
865 5310 1138 5394 plerique,
1167 5317 1247 5394 est
1270 5309 1629 5394 hicmundu‘s.
1707 5382 1718 5394 .

232 5379 255 5415 ²
279 5379 749 5453 Εδι-οἱοζειίἱᾳιιθ
790 5379 1276 5453 ΝοῖσιηηὙίὴᾶοο.
1314 5391 1370 5440 et
1401 5384 1523 5443 Val.
1558 5384 1665 5452 CL,
1697 5382 1755 5439 in

168 5456 558 5526 conversionem,
590 5456 677 5512 vel
705 5456 761 5510 in
783 5457 1144 5516 conversione.
1251 5524 1258 5526 _
1485 5510 1491 5516 .
1692 5466 1703 5473 “

233 5523 253 5597 ξ
283 5526 402 5597 Duo
430 5523 614 5584 Germ.
647 5537 701 5584 et
726 5527 848 5584 Val.
879 5527 989 5597 (11.,
1018 5524 1306 5597 Diotrepis.

233 5592 263 5673 ᾗ
282 5595 541 5673 Vindoc.,
560 5599 782 5673 Ebroic.
806 5614 871 5673 ac
888 5592 1101 5673 Narm.,
1122 5601 1179 5655 in
1199 5592 1336 5656 bona
1359 5606 1518 5673 parte
1544 5616 1754 5657 conver-

166 5666 394 5740 sationis.
424 5666 573 5727 Plur.
604 5671 781 5740 Editi,
808 5671 867 5725 in
894 5672 1029 5726 bona
1058 5666 1411 5732 conversione.

231 5738 253 5813 ξ
281 5740 400 5813 Duo
429 5743 614 5801 Germ.
647 5751 703 5800 et
730 5738 856 5802 Val.
886 5741 995 5813 CL,
1025 5762 1060 5800 a
1088 5745 1344 5802 castitate.

231 5809 254 5848 ⁸
282 5811 402 5871 Val.
436 5814 544 5886 CL,
570 5821 632 5873 ut
655 5809 984 5874 extraneum.

1869 4654 1891 4690 ⁸
1917 4655 2048 4726 quia
2099 4655 2212 4711 sine
2261 4656 2649 4714 intermissione
2689 4657 2907 4715 habeam
2949 4659 3028 4715 tui
3067 4658 3378 4716 memoriam
3412 4659 3470 4715 in

1866 4749 2199 4806 orationibus
2242 4749 2394 4817 meis,
2448 4759 2597 4808 nocte
2636 4769 2703 4809 ac
2735 4751 2819 4808 die
2864 4753 3170 4809 desiderans
3211 4760 3256 4808 te
3295 4753 3471 4807 videre

1865 4840 1962 4910 (II
1990 4841 2124 4897 Tim.
2156 4858 2198 4906 ι,
2230 4840 2311 4913 3).
2353 4840 2937 4898 Thessalonicensibus
2967 4858 3183 4915 quoque
3224 4855 3465 4897 amorem

1865 4947 2027 4986 suum
2057 4931 2331 5000 indicans,
2362 4931 2501 4987 dicit
2533 4949 2545 4987 :
2579 4932 2689 4988 Nos
2716 4938 2911 4997 autem,
2942 4930 3161 5002 fratres,
3193 4929 3414 4984 desolati
3432 4945 3468 4984 a

1865 5020 2008 5075 vobis
2037 5022 2059 5056 θ
2089 5021 2162 5076 ad
2192 5026 2390 5091 tempus
2409 5022 2572 5089 horae,
2595 5027 2828 5090 aspectu,
2854 5036 2962 5074 non
2989 5018 3162 5087 corde,
3191 5017 3466 5072 abundan-

1868 5110 1972 5166 tius
1991 5112 2036 5145 ¹⁰
2055 5109 2425 5180 festinavimus
2436 5110 2625 5181 faciem
2638 5114 2867 5164 vestram
2886 5108 3063 5163 videre
3076 5123 3193 5161 cum
3206 5108 3371 5163 multo
3383 5107 3470 5163 de-

1937 5313 1957 5349 ⁷
1990 5310 2152 5369 Carb.
2186 5312 2398 5379 Germ.,
2424 5310 2685 5379 Vindac.,
2717 5311 2906 5367 Norm.
2940 5323 3003 5365 ac
3031 5310 3201 5381 plur.,
3223 5326 3362 5366 nunc
3390 5312 3469 5368 vi-

1863 5385 2058 5453 vimus,
2101 5384 2249 5457 quad
2280 5385 2480 5455 legitur
2508 5390 2628 5439 tum
2673 5384 2733 5438 in
2777 5387 2936 5438 textu
2977 5382 3190 5450 Graeca,
3247 5392 3366 5440 tum
3398 5383 3461 5441 in

1864 5456 2109 5583 “illiin
2129 5527 2312 5583 Germ.
2336 5534 2391 5582 et
2410 5525 2655 5595 Pratell.,
2677 5543 2837 5599 quam
2850 5526 2967 5599 sine
2987 5526 3393 5599 intermissione.

1936 5602 1957 5636 ⁹
1987 5599 2186 5666 Laud.,
2215 5599 2326 5655 duo
2364 5600 2548 5656 Germ.
2593 5607 2647 5654 et
2676 5598 2801 5657 Val.
2834 5598 2944 5669 CL,
2988 5598 3063 5654 ad
3095 5605 3312 5671 tempus,
3343 5614 3459 5670 ore,

1862 5679 2198 5891 (iiiis,
2242 5744 2406 5803 Carb.
2457 5741 2667 5814 Germ.,
2717 5743 2915 5802 Pratel.
2965 5750 3019 5800 et
3046 5742 3142 5802 alii
3169 5743 3462 5812 Norman.,

1889 5825 2197 5876 estinamus.

1889 5825 2197 5876 'estinamus.
