3936 6374
499 350 606 415 583

1709 349 1956 412 SANCTI
1995 347 2339 412 GREGORII
2389 345 2615 413 MAGNl

3695 352 3790 420 584

499 481 694 538 siderio
729 474 795 550 (Ι
827 477 1000 537 Thess.
1031 495 1094 548 ιι,
1127 481 1242 550 17).
1291 481 1397 550 Qui
1425 481 1580 539 duris
1620 479 2093 554 persecutionihus
2122 473 2174 534 Α
2200 481 2346 536 vovit
2373 498 2451 536 me
2477 482 2699 554 spiritus
2724 483 2861 537 inter
2889 487 3086 536 terram
3110 486 3157 537 et
3183 481 3386 550 curtum,
3420 489 3467 538 et
3485 483 3707 540 adduxit
3725 507 3796 544 me

501 586 737 644 pressus,
769 577 824 625 et
857 575 1044 625 tamen
1085 568 1154 625 de
1194 569 1434 628 ﬁliorum
1466 571 1642 628 salute
1684 570 1978 638 sollicitus,
2007 568 2100 626 ad-

493 659 687 733 junxit
712 677 724 714 :
756 659 998 716 Misimus
1033 659 1357 716 Timotheum
1383 660 1612 732 fratrem
1637 667 1900 724 nostrum,
1930 664 1979 714 et
2003 658 2099 714 mi-

496 749 729 805 nistrum
749 748 848 804 Dei
865 747 923 802 in
942 750 1230 820 Evangelia
1251 749 1471 814 Christi,
1492 750 1564 804 ad
1581 748 1958 818 con/artandas
1975 765 2100 813 vos;

498 843 548 892 et
572 837 926 893 exhortandos
963 854 1068 908 pro
1096 837 1198 909 ﬁde
1227 843 1420 904 vestra,
1469 843 1530 892 ut
1556 853 1703 892 nemo
1739 845 2012 894 moveatur
2043 837 2101 893 in

501 925 934 981 tribulationibus
964 925 1098 981 istis.
1128 925 1239 998 Ipsi
1258 926 1394 981 enim
1416 925 1558 980 scitis
1584 927 1726 998 quod
1755 927 1812 982 in
1831 928 1925 982 hoc
1940 927 2102 999 positi

498 1030 678 1070 sumus
710 1014 768 1086 (Ι
799 1014 979 1070 Thess.
1011 1031 1094 1082 ιιι,
1125 1013 1176 1082 2,
1196 1015 1276 1087 3).
1309 1014 1564 1087 Ephesiis
1589 1031 1806 1088 quoque
1833 1015 1941 1070 ait:
1976 1017 2100 1071 Peto

497 1122 562 1175 ne
587 1103 843 1177 deficiatis
869 1104 928 1159 in
957 1105 1389 1160 tribulationibus
1418 1106 1548 1160 meis
1570 1123 1675 1178 pro
1717 1107 1862 1161 vobis
1885 1123 2003 1176 qua:
2029 1112 2105 1160 est

496 1197 675 1270 gloria
701 1202 875 1252 vestra
907 1196 1128 1268 (Ephes.
1162 1213 1247 1266 ιιι,
1295 1198 1406 1270 13).
1457 1199 1598 1254 Ecce
1643 1199 1701 1254 in
1743 1198 2100 1254 tribulatione

500 1288 713 1361 positus
741 1287 878 1343 alios
895 1285 1244 1354 exhortatur,
1265 1297 1320 1344 et
1352 1289 1408 1344 in
1433 1287 1540 1346 hoc
1559 1289 1708 1362 quod
1731 1289 1844 1361 ipse
1867 1289 2101 1344 sustinet

502 1377 642 1434 alios
665 1377 906 1433 roborat.
930 1377 1051 1434 Non
1072 1379 1222 1434 enim
1243 1379 1490 1436 ﬁliorum
1512 1395 1736 1436 suorum
1754 1379 1933 1434 fuerat
1952 1395 2100 1435 more

501 1465 832 1523 struthionis
852 1465 1079 1535 oblitus,
1101 1467 1195 1523 sed
1213 1467 1492 1524 metuebat
1520 1468 1688 1524 nimis
1709 1484 1778 1524 ne
1798 1467 1916 1539 ejus
1939 1467 2102 1524 disci-

502 1555 620 1628 puli
665 1555 724 1611 in
767 1555 1124 1628 praedicatore
1169 1573 1269 1612 suo
1315 1565 1398 1614 tot
1426 1559 1872 1630 persecutionum
1903 1557 2102 1630 probra

503 1653 807 1713 cernentes,
835 1643 999 1701 ﬁdem
1031 1645 1090 1700 in
1113 1661 1177 1701 eo
1207 1645 1573 1719 despicerent,
1603 1656 1796 1704 contra
1824 1662 1986 1719 quam
2019 1646 2100 1702 in.

503 1751 744 1791 numera:
759 1735 1072 1807 passionum
1094 1739 1444 1794 contumeliae
1469 1735 2099 1810 praevalerentEtidcir-

503 1843 568 1884 co
602 1826 787 1882 minus
814 1825 1033 1884 dolebat
1082 1827 1140 1882 in
1171 1827 1481 1896 tormentis,
1529 1826 1624 1884 sed
1655 1827 1829 1899 magis
1871 1825 2006 1882 ﬁliis
2034 1827 2100 1883 de

504 1924 903 1975 tormentorum
951 1933 1177 1975 suorum
1221 1918 1526 1975 tentatione
1571 1918 1867 1975 metuebat.
1900 1919 2104 1974 Parvi-

485 2006 778 2091 .pendebat
811 2006 870 2062 in
907 2022 966 2064 se
999 2008 1184 2080 plagas
1227 2007 1495 2080 corporis,
1527 2007 1662 2065 dum
1692 2008 2017 2064 formidaret
2045 2009 2102 2064 in

505 2094 637 2152 ﬁliis
657 2096 844 2168 plagas
861 2095 1064 2154 cordis.
1093 2098 1211 2168 Ipse
1232 2096 1492 2170 patiendo
1517 2097 1854 2168 suscipiebat
1875 2098 2104 2154 vulnera

504 2191 928 2255 tormentorum,
955 2185 1050 2242 sed
1071 2184 1217 2242 ﬁlios
1235 2187 1591 2255 consolando,
1614 2187 1839 2244 curabat
1871 2187 2105 2244 vulnera

503 2274 778 2332 Gordium.
798 2275 1092 2332 Pensemus
1107 2292 1236 2348 ergo
1259 2275 1417 2348 cujus
1437 2275 1728 2334 charitatis
1747 2275 1939 2344 fuerit,
1963 2277 2107 2332 inter

505 2362 722 2420 dolores
751 2366 1001 2437 proprios
1029 2365 1154 2421 aliis
1182 2364 1456 2435 timuisse,
1478 2381 1770 2437 pensemus
1793 2363 1956 2436 cujus
1979 2365 2104 2420 cha-

505 2451 687 2510 ritatis
715 2454 903 2523 fuerit,
936 2453 1180 2511 ﬁliorum
1210 2456 1443 2514 salutem
1477 2456 1623 2512 inter
1651 2473 1748 2512 sua
1775 2455 2107 2512 detrimenta

507 2542 804 2614 requirere,
823 2552 876 2599 et
902 2551 1105 2600 statum
1130 2545 1334 2602 mentis
1353 2546 1411 2600 in
1433 2544 1704 2618 proximis
1733 2546 1898 2602 etiam
1919 2562 1990 2601 ex
2009 2562 2108 2602 sua

507 2627 811 2700 dejectione
839 2631 1136 2689 custodire.

592 2725 783 2782 1005
826 2719 964 2793 [Vet.
997 2722 1122 2794 IX.)
1172 2723 1256 2778 18.
1319 2725 1457 2792 Quia
1496 2741 1596 2796 per
1641 2725 2110 2797 concupiscentiam

505 2817 563 2873 in
591 2819 860 2874 exteriora
889 2818 1022 2874 bona
1050 2819 1320 2888 feruntur.
1355 2823 1484 2889 Qua:
1509 2823 1654 2894 apud
1681 2840 1733 2877 se
1767 2829 1873 2879 tota
1902 2840 2006 2878 non
2037 2829 2110 2878 est

511 2922 676 2972 mens,
707 2906 934 2978 cogitare
970 2925 1024 2963 se
1063 2925 1168 2964 non
1205 2917 1392 2981 potest.
1422 2939 1492 2952 ——
1519 2911 1626 2967 Sed
1656 2911 1774 2968 haec
1801 2911 2107 2985 hypocrita:

505 2994 794 3052 charitatis
816 2997 1026 3055 viscera
1048 2999 1326 3068 nesciunt,
1349 3001 1479 3072 quia
1501 3015 1692 3057 eorum
1716 3018 1869 3058 mens
1901 3009 2108 3075 quanto

506 3099 602 3160 per
631 3085 826 3144 mundi
857 3089 1358 3160 concupiscentiam
1391 3089 1449 3146 in
1479 3091 1755 3146 exteriora
1787 3092 2106 3159 resolvitur,

503 3183 658 3233 tanto
678 3193 774 3249 per
793 3177 1200 3234 inaﬁ'ectionem
1233 3195 1388 3234 suam
1425 3179 1660 3236 interius
1680 3179 2016 3248 obduratur;
2055 3189 2110 3236 et

503 3253 727 3338 torpore
759 3265 1070 3322 insensibili
1095 3267 1343 3338 frigescit
1373 3267 1727 3338 intrinsecus,
1760 3270 1890 3342 quia
1919 3287 2105 3327 amore
2139 3242 2182 3302 C

505 3353 809 3410 damnabili
839 3355 1109 3410 mollescit
1136 3355 1304 3423 foris;
1352 3373 1517 3430 seque
1545 3357 1720 3430 ipsam
1747 3359 2102 3416 considerare

504 3457 618 3498 non
647 3443 813 3511 valet,
841 3444 973 3516 quia
999 3445 1240 3516 cogitare
1268 3461 1325 3502 se
1356 3446 1586 3503 minime
1611 3447 1814 3504 studet.
1854 3449 2106 3522 Cogitate

506 3547 638 3588 vero
667 3547 724 3588 se
753 3548 907 3590 mens
935 3549 1047 3590 non
1077 3543 1272 3606 potest,
1293 3551 1414 3608 qua:
1444 3544 1559 3594 tota
1583 3537 1728 3610 apud
1757 3538 2106 3613 semetipsam

503 3636 615 3677 non
635 3629 735 3678 est.
773 3623 909 3679 Tota
924 3639 1054 3680 vero
1069 3641 1184 3682 esse
1204 3625 1352 3698 apud
1366 3627 1556 3684 semeti
1564 3644 1716 3700 psam
1739 3644 1850 3684 non
1879 3630 2102 3700 sufﬁcit,

503 3711 635 3784 quia
662 3713 677 3747 ¹
709 3728 806 3784 per
850 3723 984 3788 quot
1022 3716 1498 3787 concupiscentias
1542 3718 1776 3790 rapitur,
1824 3735 1920 3792 per
1962 3729 2106 3776 tota

501 3803 794 3876 semetipsa
841 3805 1048 3876 species
1094 3805 1415 3878 dissipatur,
1461 3815 1515 3863 et
1558 3824 1746 3880 sparsa
1788 3808 1848 3866 in
1895 3810 2104 3868 inﬁmis

496 3891 665 3965 jacet,
712 3910 834 3968 quas
875 3895 1124 3966 collecta,
1167 3896 1216 3954 si
1263 3897 1448 3966 vellet,
1504 3897 1575 3954 ad
1621 3915 1839 3957 summa
1880 3917 2104 3958 consur-

502 3988 673 4053 geret.

574 4072 660 4128 l9.
690 4071 836 4132 Mira
847 4072 1119 4145 justorum
1144 4073 1293 4132 intra
1320 4093 1374 4132 se
1391 4075 1728 4134 collectorum
1749 4076 2101 4152 perspicacia.

499 4193 570 4208 —
601 4163 753 4222 Unde
773 4166 1054 4239 justorum
1090 4185 1268 4238 mens,
1312 4169 1442 4242 quia
1469 4187 1566 4244 per
1592 4171 1900 4230 custodiam
1931 4171 2102 4230 disci—

500 4255 668 4328 plinae
695 4271 728 4310 a
755 4264 1082 4315 cunctorum
1123 4259 1436 4316 visibilium
1481 4259 1636 4317 ﬂuxo
1677 4261 1927 4336 appetitu
1958 4279 2106 4320 con-

499 4341 819 4414 stringitur,
875 4344 1106 4402 collecta
1157 4345 1304 4418 apud
1359 4347 1710 4422 semetipsam
1765 4349 2102 4408 intrinsecus

499 4429 835 4503 integratur;
868 4433 1154 4508 qualisque
1184 4436 1296 4491 Deo
1326 4437 1413 4493 vel
1440 4437 1695 4509 proximo
1737 4454 1856 4496 esse
1883 4438 2097 4510 debeat,

499 4520 659 4593 plene
679 4522 970 4595 conspicit,
991 4521 1122 4596 quia
1137 4523 1280 4580 nihil
1299 4541 1460 4582 suum
1478 4527 1721 4586 exterius
1741 4527 2094 4604 derelinquit;

2207 572 2266 626 in
2293 573 2586 628 Jerusalem
2613 573 2670 627 in
2684 573 2883 628 visione
2909 571 3009 626 Dei
3018 569 3183 640 juxta
3201 573 3395 626 ostium
3424 571 3794 646 interius,quod

2208 660 2515 732 respiciebat
2559 661 2631 716 ad
2665 661 3006 730 Aquilonem,
3037 658 3126 714 ubi
3154 667 3270 716 erat
3315 667 3568 718 statutum
3608 664 3794 722 idolum

2209 750 2336 816 zeli,
2373 750 2445 805 ad
2467 750 2862 821 provocandam
2889 749 3276 805 inmutationem
3317 751 3534 821 (Ezech.
3565 770 3682 822 VIII,
3721 757 3791 829 3).

2211 841 2357 908 Quid
2381 849 2463 896 est
2490 839 2637 896 enim
2668 839 2960 895 cincinnus
2991 839 3207 912 capitis,
3257 839 3364 896 nisi
3396 841 3637 900 collecta:
3663 847 3793 918 cogi-

2211 930 2447 987 tationes
2471 931 2692 996 mentis,
2725 934 2786 983 ut
2806 943 2915 983 non
2938 945 3136 1000 sparsae
3159 927 3438 997 diﬂluant,
3462 929 3557 986 sed
3583 947 3671 1002 per
3698 932 3792 990 dis-

2212 1019 2473 1090 ciplinam
2497 1018 2810 1074 constrictaa
2830 1017 3172 1074 subsistant?
3205 1018 3398 1073 Manus
3428 1035 3554 1091 ergo
3581 1019 3795 1095 desuper

2212 1108 2476 1177 mittitur,
2499 1117 2553 1164 et
2574 1107 2840 1182 propheta
2861 1125 2956 1181 per
2975 1107 3300 1164 cincinnum
3324 1108 3520 1180 capitis
3545 1111 3792 1182 elevatur,

2212 1196 2342 1270 quia
2364 1213 2490 1253 cum
2516 1203 2702 1252 nostra
2724 1213 2876 1252 mens
2893 1213 3008 1253 sese
3037 1213 3134 1268 per
3154 1195 3467 1252 custodiam
3491 1196 3792 1270 colligit,vis

2211 1302 2447 1358 superna
2489 1303 2705 1342 sursum
2746 1302 2846 1342 nos
2891 1286 2960 1342 ab
3004 1285 3215 1342 inﬁmis
3261 1284 3453 1342 trahit.
3509 1286 3650 1342 Bene
3678 1304 3792 1345 vero

2213 1374 2358 1432 inter
2383 1384 2583 1433 terram
2631 1384 2682 1432 et
2712 1377 2915 1432 cmlum
2947 1378 2967 1412 ⁸
2999 1375 3278 1432 sublatum
3337 1393 3392 1432 se
3422 1377 3632 1446 asserit,
3681 1379 3794 1452 quia

2212 1465 2448 1539 quilibet
2476 1473 2698 1522 sanctus
2726 1463 2783 1520 in
2805 1481 2967 1522 carne
2996 1465 3216 1522 mortali
3249 1465 3488 1538 positus,
3518 1467 3668 1538 plene
3691 1465 3793 1539 qui-

2212 1555 2337 1612 dem
2358 1555 2539 1612 adhuc
2569 1555 2637 1611 ad
2668 1572 2903 1627 superna
2934 1573 3042 1612 non
3073 1555 3351 1628 pervenit,
3375 1555 3471 1611 sed
3487 1555 3599 1628 jam
3629 1563 3792 1612 tamen

2213 1647 2322 1702 ima
2341 1646 2698 1720 derelinquit.
2723 1647 2784 1701 ln
2812 1664 2836 1700 ι
2854 1646 3031 1703 isione
3052 1663 3184 1703 vero
3201 1646 3300 1702 Dei
3318 1646 3375 1702 in
3396 1646 3688 1703 Jerusalem
3707 1645 3791 1702 du-

2211 1735 2376 1801 citur,
2401 1736 2531 1808 quia
2553 1735 2811 1792 videlicet
2832 1737 3212 1810 unusquisque
3242 1736 3538 1809 proﬁciens
3559 1753 3649 1809 per
3665 1735 3791 1794 cha-

2210 1825 2390 1881 ritatis
2423 1825 2624 1896 zelum,
2671 1826 2848 1900 qualis
2879 1843 2992 1883 esse
3036 1827 3284 1883 Ecclesia
3330 1825 3526 1882 debeat
3561 1833 3794 1882 contem-

2212 1914 2412 1987 platur.
2433 1915 2576 1970 Bene
2597 1931 2814 1988 quoque
2839 1913 3092 1970 additur:
3114 1917 3135 1949 ⁵
3157 1915 3328 1971 Juxta
3346 1914 3540 1970 ostium
3567 1913 3788 1981 interius,

2211 2005 2354 2076 quod
2379 2003 2688 2076 respiciebat
2714 2005 2785 2059 ad
2813 2005 3151 2075 Aquilonem,
3183 2004 3314 2078 quia
3343 2003 3611 2060 nimirum
3638 2005 3792 2062 sancti

2215 2093 2322 2150 viri
2352 2093 2483 2150 dum
2515 2109 2610 2166 per
2638 2093 2851 2150 aditum
2891 2094 3122 2151 interna;
3163 2093 3647 2167 contemplationis
3673 2094 3791 2167 aspi-

2213 2185 2388 2254 ciunt,
2429 2185 2553 2258 plus
2581 2201 2750 2258 prava
2785 2185 2932 2244 intra
2977 2185 3282 2242 Ecclesiam
3327 2185 3454 2242 ﬁeri
3483 2201 3642 2260 quam
3667 2192 3792 2241 recta

2215 2273 2660 2348 deprehendunt;
2694 2281 2747 2330 et
2775 2273 2929 2347 quasi
2954 2275 3012 2330 in
3030 2275 3326 2348 Aquilonis
3345 2283 3500 2348 parte
3522 2274 3716 2344 oculos,
3745 2273 3792 2330 id

2215 2371 2296 2420 est
2322 2363 2392 2419 ad
2422 2363 2554 2420 solis
2584 2363 2865 2420 sinistram
2895 2363 3147 2434 ﬂectunt,
3171 2365 3302 2438 quia
3331 2372 3528 2421 contra
3555 2363 3791 2420 vitiorum

2214 2452 2420 2525 frigora
2439 2452 2727 2510 charitatis
2755 2470 2811 2509 se
2831 2454 3078 2510 stimulis
3106 2453 3445 2511 accendunt.
3476 2453 3577 2511 Ubi
3593 2463 3643 2510 et
3669 2462 3790 2510 recte

2214 2541 2603 2616 subjungitur:
2651 2543 2790 2611 Quia
2821 2543 2933 2600 illic
2961 2551 3078 2600 erat
3105 2551 3360 2600 statutum
3391 2545 3593 2600 idolum
3618 2543 3712 2599 zeli
3734 2543 3792 2599 ad

2210 2633 2605 2705 provocandam
2633 2633 3038 2690 aemulationem.
3071 2635 3214 2690 Dum
3237 2634 3388 2690 enim
3416 2635 3564 2691 intra
3581 2641 3790 2690 sanctam

2215 2721 2521 2779 Ecclesiam
2551 2739 2584 2778 a
2611 2723 2896 2780 nonnullis
2925 2723 3105 2796 specie
3136 2725 3254 2780 sola
3282 2723 3567 2794 ﬁdelibus,
3601 2722 3790 2795 rapinas

2218 2821 2271 2869 et
2298 2811 2436 2868 vitia
2465 2812 2764 2885 perpetrari
2796 2811 3166 2881 considerant,
3217 2811 3352 2886 quid
3385 2812 3542 2869 aliud
3572 2829 3719 2886 quam
3744 2811 3790 2865 in

2216 2902 2516 2958 Jerusalem
2539 2902 2750 2958 idolum
2774 2901 3009 2958 vident?
3035 2901 3194 2968 Quod
3224 2901 3444 2958 idolum
3470 2902 3570 2958 zeli
3594 2900 3789 2968 dicitur,

2218 2992 2348 3066 quia
2377 3009 2471 3064 per
2499 2992 2603 3049 hoc
2633 3000 2824 3050 contra
2852 3008 2953 3048 nos
2987 2991 3268 3048 aemulatio
3293 3008 3539 3064 superna
3566 3004 3789 3064 provoca-

2217 3087 2311 3138 tur
2339 3099 2350 3138 :
2397 3089 2451 3137 et
2480 3089 2633 3138 tanto
2676 3081 2982 3138 districtius
3008 3080 3403 3155 delinquentes
3436 3081 3584 3151 ferit,
3615 3087 3790 3154 quanto

2221 3188 2324 3228 nos
2345 3173 2366 3207 9
2396 3171 2620 3229 charius
2647 3171 2980 3244 Redemptor
3007 3179 3176 3229 amat.

2292 3262 2433 3337 [νει.
2463 3261 2558 3338 Χ.]
2582 3262 2670 3318 20.
2700 3262 3116 3334 Hypocritarum
3135 3262 3208 3319 ad
3232 3263 3468 3320 calestia
3497 3268 3692 3336 torpor,
3715 3277 3787 3317 ar-

2215 3355 2316 3410 dor
2343 3354 2415 3410 ad
2443 3355 3067 3427 terrena.—-Hypocritze
3095 3355 3288 3428 igitur,
3315 3357 3455 3430 quia
3469 3351 3790 3429 cogitationes

2215 3445 2417 3502 mentis
2440 3461 2553 3501 non
2578 3443 2866 3518 colligunt,
2886 3461 2980 3517 per
3006 3445 3330 3502 cincinnum
3358 3445 3564 3519 capitis
3593 3442 3789 3500 minime

2216 3541 2494 3591 tenentur.
2547 3535 2619 3590 Et
2651 3533 2746 3607 qui
2790 3550 2889 3591 sua
2933 3535 3209 3604 nesciunt,
3251 3537 3674 3592 commissorum
3702 3529 3790 3587 sibi

2217 3625 2438 3699 quando
2487 3624 2690 3682 delicta
2737 3623 3202 3697 deprehendunt?
3250 3625 3320 3681 Hi
3371 3625 3561 3700 itaque
3601 3626 3787 3696 torpent

2219 3721 2409 3780 1006
2452 3732 2484 3772 a
2511 3715 2848 3784 coelestibus,
2895 3715 2963 3772 ad
2993 3731 3114 3789 quae
3144 3715 3375 3789 ﬂagrare
3404 3715 3718 3778 debuerant;
3745 3715 3786 3764 et

2213 3811 2444 3886 ﬂagrant
2472 3814 2704 3870 terrenis
2746 3812 2909 3869 rebus
2938 3813 3126 3880 anxie,
3159 3830 3192 3870 a
3220 3811 3426 3886 quibus
3471 3809 3786 3868 laudabiliter

2213 3903 2570 3976 torpuissent.
2615 3903 2926 3976 Postposita
2959 3903 3164 3977 quippe
3202 3901 3451 3959 ﬁliorum
3483 3917 3628 3971 cura,
3669 3911 3785 3970 saepe

2213 4009 2306 4051 eos
2335 3993 2524 4051 videas
2551 4010 2608 4051 se
2635 4002 2830 4050 contra
2857 3993 3102 4067 pericula
3130 3993 3394 4050 immensi
3418 3993 3618 4050 laboris
3634 3989 3782 4046 accin-

2211 4100 2358 4158 gere,
2389 4084 2564 4141 maria
2591 4092 2950 4151 transmeare,
2976 4083 3128 4141 adire
3153 4081 3393 4156 judicia,
3425 4085 3636 4158 pulsare
3663 4079 3783 4154 prin-

2210 4175 2444 4248 cipatus,
2477 4175 2680 4248 palatia
2707 4174 3034 4248 irrumpere,
3076 4173 3436 4248 jurgantibus
3489 4173 3784 4248 populorum

2210 4266 2401 4325 cuneis
2427 4266 2708 4334 interesse,
2739 4271 2794 4321 et
2819 4273 3038 4322 terrena
3066 4263 3404 4338 patrimonia
3423 4264 3687 4322 laboriosa
3709 4258 3784 4315 ob~

2211 4355 2522 4412 servatione
2563 4353 2874 4412 defendere.
2919 4353 3135 4424 Quibus
3179 4353 3228 4411 si
3267 4353 3504 4413 fortasse
3547 4352 3780 4410 dicatur:

2210 4444 2322 4504 Cur
2341 4445 2444 4502 ista
2471 4461 2570 4502 vos
2589 4445 2773 4518 agitis,
2795 4444 2892 4519 qui
2912 4445 3178 4502 saeculum
3207 4443 3560 4519 reliquistis?
3585 4453 3778 4513 respon-

2210 4535 2344 4593 dent
2362 4535 2515 4593 illico
2533 4537 2707 4593 Deum
2739 4551 2794 4592 se
2816 4542 3078 4604 metuere,
3111 4543 3167 4592 et
3193 4533 3406 4592 idcirco
3436 4542 3590 4592 tanto
3623 4527 3780 4588 studio

499 4618 556 4668 et
581 4617 786 4684 quanto
831 4611 900 4668 ab
931 4613 1301 4672 exterioribus
1341 4615 1614 4675 abstracta
1645 4620 1666 4653 ²
1707 4598 2096 4693 compescitur,
2133 4598 2182 4658 D
2211 4623 2572 4683 defendendis
2602 4625 2952 4700 patrimoniis
2981 4598 3266 4683 insudare.
3299 4625 3457 4683 Unde
3474 4624 3611 4683 bene
3628 4619 3782 4679 adhuc

497 4706 653 4757 tanto
697 4709 857 4758 aucta
885 4701 943 4757 in
985 4701 1202 4760 intimis
1243 4704 1654 4778 inﬂammatur;
1705 4717 1758 4767 et
1787 4725 1896 4782 quo
1923 4711 2100 4783 magis

496 4789 670 4859 ardet,
717 4808 783 4849 eo
825 4792 894 4849 ad
927 4791 1390 4864 deprehendenda
1431 4798 1570 4854 vitia
1610 4800 1631 4834 ³
1660 4801 1899 4874 amplius
1931 4803 2094 4860 lucet.

495 4880 639 4940 Hinc
665 4889 745 4938 est
773 4883 922 4940 enim
950 4883 1099 4958 quod
1127 4886 1302 4942 sancti
1340 4887 1450 4943 viri
1469 4887 1602 4945 dum
1635 4906 1693 4946 se
1730 4891 1877 4948 intra
1904 4899 2096 4948 semet-

495 4971 641 5044 ipsos
685 4974 973 5047 colliguut,
1035 4975 1174 5032 mira
1225 4992 1288 5033 ac
1335 4979 1666 5050 penetrabili
1714 4981 1834 5038 acie
1881 4982 2098 5040 occulta

494 5066 660 5124 etiam
689 5067 868 5126 aliena
909 5067 1112 5126 delicta
1151 5069 1593 5143 deprehendunt.
1647 5073 1800 5131 Unde
1829 5074 1968 5132 bene
2003 5092 2098 5148 per

493 5155 838 5215 Ezechielem
881 5159 1207 5233 prophetam
1254 5160 1504 5219 dicitur:
1549 5163 1766 5220 Emissa
1799 5165 2096 5222 similitudo

492 5263 681 5305 manus
708 5253 1053 5324 apprehendit
1091 5271 1172 5310 me
1199 5254 1257 5310 in
1280 5253 1520 5310 cincinno
1547 5255 1735 5328 capitis
1762 5256 1884 5324 mei,
1912 5263 1960 5314 et
1982 5258 2096 5314 ele—

573 5472 589 5510 ¹
626 5471 849 5558 Ῑξθοθιιῑ.
878 5477 1140 5558 Xulgati,
1168 5502 1282 5558 per
1321 5491 1448 5557 quot
1479 5484 1913 5558 concupiscentia.
1960 5485 2089 5546 Mss.

499 5543 610 5634 duc.)
638 5546 846 5634 germ?
877 5543 1098 5634 librdic.
1124 5543 1569 5634 aliique'Norm.,
1603 5543 2089 5634 L‘aud.,iLongipv.,

495 5614 621 5705 Val.
771 5614 950 5705 ext-al,
994 5614 1476 5705 congupiséentias,_
1509 5614 1570 5686 ut
1594 5614 2092 5705 etiam'legitujrrin

497 5689 948 5782 :e‘tLELdKl-mris.
982 5701 1037 5749 et
1065 5689 1230 5782 Ilasil.
1263 5707 1317 5755 et
1347 5689 1572 5782 quidem
1601 5705 1828 5782 melius;
1857 5689 1992 5782 ham
2031 5713 2094 5760 ut

494 5761 639 5818 infra
669 5761 925 5850 habetur,
949 5782 1048 5847 per
1071 5773 1207 5850 tot...
1241 5761 1450 5842 species,
1481 5773 1557 5830 ita
1585 5790 1750 5846 supra
1778 5761 2092 5848 legendum,

490 5849 590 5904 per
615 5842 742 5907 quot
768 5842 1229 5910 concupiscentias.

2209 4719 2276 4777 de
2301 4719 2631 4777 st'ruthionis
2655 4717 2824 4791 hujus
2851 4719 3022 4776 stulto
3047 4719 3236 4776 labore
3265 4717 3622 4790 subjungitur
3651 4730 3662 4769 :

2615 4809 2844 4867 CAPUT
2875 4811 3004 4868 XIII
3045 4808 3188 4884 [Rec.
3229 4809 3406 4884 VIII].

2278 4899 2450 4960 Vsus.
2484 4900 2571 4958 16.
2601 4931 2674 4944 -
2699 4900 2932 4958 Frustra
2977 4901 3262 4967 laboravit,
3304 4901 3457 4956 nullo
3501 4898 3676 4954 timore
3707 4905 3781 4948 co-

2209 4997 2375 5065 gente.

2275 5081 2366 5139 21.
2407 5079 2650 5154 Neglecta
2687 5081 2926 5154 ﬁliorum
2968 5080 3228 5148 custodia,
3275 5078 3590 5153 temporalia
3616 5074 3780 5132 damna

2202 5171 2284 5227 vel
2313 5171 2514 5228 leviora
2531 5171 2735 5243 jurgiis
2754 5171 3057 5244 propulsat.
3076 5172 3230 5244 Erga
3256 5188 3317 5226 ea
3345 5185 3468 5240 quos
3489 5163 3782 5240 possidemus

2201 5278 2310 5334 qua
2337 5267 2500 5318 mente
2526 5262 2712 5332 simus,
2751 5261 2859 5318 nisi
2884 5279 3002 5318 cum
3019 5263 3365 5327 amittuntur,
3403 5259 3782 5332 ignoramus.”

2273 5491 2296 5569 ξ
2322 5491 2495 5569 Laud.
2527 5502 2582 5551 et
2602 5491 2726 5569 Kal.
2757 5491 2864 5569 CL,
2895 5495 3239 5569 conspicitur.

2275 5565 2296 5640 ἓ
2325 5565 2590 5640 Yindoc.,
2621 5559 2931 5640 Ebroicfet
2958 5559 3034 5624 al:
3064 5569 3281 5636 Norm.,
3314 5567 3550 5640 amplius
3576 5559 3718 5620 videt.

2273 5637 2296 5712 ξ
2325 5637 2496 5712 I_idem
2514 5655 2642 5712 cum
2657 5637 2818 5712 Corh.
2841 5638 3024 5697 Germ.
3047 5648 3102 5696 et
3120 5641 3242 5712 Val.
3267 5641 3374 5708 Cl.,
3404 5637 3734 5712 sublevatum.

2273 5710 2294 5744 ⁵
2323 5709 2428 5765 Ed.
2450 5727 2578 5767 cum
2593 5709 2760 5784 duob.
2781 5710 2988 5784 Germ.,
3023 5713 3152 5784 quia
3169 5711 3336 5782 juxta
3365 5712 3560 5769 ostium
3584 5709 3776 5764 interitu

2201 5781 2390 5856 ductus
2417 5788 2510 5850 est,
2535 5783 2678 5856 quod
2705 5783 3028 5856 respiciebat.

2273 5855 2296 5890 ⁸
2326 5853 2560 5924 Turon.,
2595 5854 2776 5911 carnis
2809 5855 3131 5929 redemptor.
