3936 6382
70 307 176 363 585

809 315 1187 375 MORALIUM
1226 320 1362 393 LIB.
1403 321 1612 379 XXXI.
1652 353 1723 366 -—
1761 324 1834 381 IN
1873 325 2100 385 CAPUT
2129 332 2372 391 XXXIX
2412 338 2474 394 B.
2516 340 2657 397 JOB.

3276 352 3383 411 586

72 434 191 490 Illic
214 449 460 507 namque
483 436 885 507 trepidaverunt
900 442 1103 499 timore.
1128 445 1218 500 ubi
1244 463 1349 501 non
1380 452 1493 502 erat
1524 448 1681 503 timor
1707 451 1758 510 A
1788 451 1921 509 sitas
1946 455 2200 529 imponit,
2224 461 2449 533 quidam
2479 464 2612 521 dum
2643 484 2732 525 eas
2761 473 3007 543 rapiunt,
3036 479 3387 541 solummodo

72 522 243 591 (Psal.
278 539 412 589 xm,
438 524 520 597 ὅ).
560 525 701 581 Ecce
738 528 887 584 enim
917 530 1109 588 divina
1137 551 1271 591 voce
1319 536 1673 608 praecipitur:

70 609 127 664 Si
151 609 272 680 quis
298 610 395 665 tibi
426 612 611 667 tulerit
641 614 893 684 tunicam,
923 622 971 671 et
1003 619 1232 674 voluerit
1267 627 1429 677 tecum
1471 622 1678 693 judicio

65 698 398 767 contendere,
430 698 632 755 dimitte
662 702 750 757 illi
784 710 831 759 et
853 706 1085 775 pallium
1119 707 1331 779 (Matth.
1372 729 1431 781 v,
1461 712 1575 785 40).
1609 714 1681 769 Et

64 804 329 845 rursum:
373 788 432 843 Si
477 790 599 860 quis
646 793 788 863 quod
816 801 964 850 tuum
1023 804 1097 853 est
1149 801 1349 870 tulerit,
1380 819 1443 857 ne
1476 809 1680 875 repetas

66 878 218 950 (Luc.
270 894 356 945 vr,
388 878 505 952 30).
544 880 745 938 Paulus
787 899 1005 959 quoque
1047 890 1326 961 apostolus
1379 891 1680 965 discipulos

63 982 189 1023 suos
219 969 457 1040 cupiens
487 971 764 1028 exteriora
792 972 1091 1047 despicere,
1123 985 1185 1034 ut
1220 981 1438 1037 valeant
1466 982 1681 1039 interna

61 1071 305 1125 servare,
337 1057 622 1128 admonet,
653 1059 845 1118 dicens
870 1064 1010 1119 :Jam
1039 1067 1251 1137 quidem
1293 1070 1506 1126 omnino
1535 1070 1679 1127 deli-

60 1153 197 1200 ctum
247 1153 328 1202 est
354 1147 416 1203 in
435 1147 601 1217 vobis,
620 1150 755 1220 qusd
769 1150 984 1220 judicia
998 1154 1196 1211 habetis
1222 1157 1363 1212 inter
1376 1176 1487 1228 vos,
1515 1176 1682 1231 quare

60 1253 162 1291 non
180 1237 361 1308 magis
380 1237 647 1308 injuriam
664 1239 923 1312 accipitis,
943 1260 1110 1314 quare
1129 1263 1235 1302 non
1245 1249 1413 1320 magis
1431 1248 1681 1320 fraudem

52 1325 314 1396 patimini
357 1326 426 1396 (Ι
454 1325 578 1383 Cor.
607 1344 687 1394 v1,
718 1329 815 1402 7)?
836 1331 909 1387 Et
928 1339 1112 1390 tamen
1126 1334 1438 1409 hypocrita,
1473 1356 1679 1395 assum-

54 1422 148 1486 pto
175 1421 392 1471 sanctae
416 1418 854 1475 conversationis
869 1419 1088 1492 habitu,
1106 1423 1349 1483 ﬁliorum
1369 1428 1679 1485 custodiam

54 1503 287 1574 deserit,
320 1512 378 1561 et
404 1507 734 1578 temporalia
762 1524 994 1584 quaeque
1024 1512 1321 1573 defendere
1351 1518 1518 1574 etiam
1543 1518 1680 1590 jur-

53 1592 155 1664 giis
185 1593 416 1667 quaerit.
440 1594 714 1668 Exemplo
752 1614 853 1655 suo
883 1616 1072 1658 eorum
1102 1605 1329 1676 perdere
1359 1607 1528 1663 corda
1565 1623 1679 1665 non

52 1683 324 1755 trepidat,
373 1691 430 1740 et
473 1685 628 1758 quasi
673 1702 769 1758 per
795 1690 1185 1763 negligentiam
1216 1695 1469 1753 amittere
1497 1699 1681 1771 patri-

56 1776 253 1831 monia
264 1783 489 1833 terrena
500 1777 781 1882 formidat.
798 1782 857 1837 In
872 1798 1113 1882 errorem
1127 1785 1435 1859 discipulus
1449 1790 1674 1861 labitur,
1703 1819 1751 1882 Β

50 1874 99 1922 et
123 1874 327 1923 tamen
358 1884 455 1924 cor
501 1868 804 1941 hypocritze
839 1873 995 1929 nullo
1028 1874 1217 1931 dolore
1256 1879 1553 1937 sauciatur.
1587 1882 1670 1937 lre

48 1955 105 2011 in
134 1956 469 2029 iniquitatis
484 1958 800 2031 voraginem
822 1963 1147 2020 commissos
1170 1966 1278 2022 sibi
1301 1970 1595 2041 conspicit,
1616 1978 1670 2025 et

48 2044 165 2103 haec
196 2046 367 2119 quasi
391 2046 641 2104 inaudita
661 2051 991 2121 pertransit;
1025 2060 1082 2109 at
1100 2054 1149 2110 si
1179 2056 1326 2128 quod
1345 2057 1450 2113 sibi
1474 2059 1671 2116 leviter

49 2134 253 2191 inferri
287 2138 594 2209 temporale
613 2138 878 2197 damnum
909 2144 1163 2214 senserit,
1190 2144 1249 2201 in
1279 2146 1510 2205 ultionis
1530 2149 1668 2205 iram

46 2227 368 2299 repenteab
384 2228 599 2287 intimis
619 2231 1069 2291 inardescit.Mox
1090 2237 1354 2308 patientia
1370 2241 1669 2313 rumpitur,

48 2333 175 2373 mox
212 2317 388 2375 dolor
415 2320 597 2378 cordis
640 2322 700 2377 in
727 2324 962 2382 vocibus
999 2326 1317 2400 eﬁ‘renatur,
1358 2332 1490 2405 quia
1534 2333 1668 2390 dum

44 2407 375 2464 animarum
392 2408 594 2466 damna
608 2413 993 2485 aequanimiter
1013 2417 1231 2487 tolerat,
1248 2418 1520 2490 jacturam
1538 2438 1669 2478 vero

48 2511 243 2551 rerum
291 2500 689 2570 temporalium
753 2504 1018 2575 repellere
1069 2507 1236 2563 etiam
1278 2526 1403 2566 cum
1442 2511 1671 2582 spiritus

42 2586 437 2643 commotione
467 2589 712 2658 festinat,
755 2597 972 2651 cunctis
1001 2600 1272 2655 veraciter
1299 2600 1512 2657 indicat
1532 2610 1669 2659 teste

43 2674 256 2730 mentis
318 2678 736 2747 perturbatione
788 2682 924 2754 quid
980 2692 1146 2742 amat.
1207 2687 1291 2743 Ibi
1343 2689 1545 2761 quippe
1587 2698 1671 2747 est

43 2765 254 2836 grande
286 2765 547 2823 studium
578 2768 935 2840 defensionis,
954 2773 1050 2828 ubi
1071 2783 1124 2831 et
1155 2778 1375 2847 gravior
1398 2778 1483 2835 vis
1522 2797 1670 2835 amo-

44 2856 133 2912 ris.
165 2857 332 2913 Nam
364 2865 575 2928 quanto
605 2861 779 2931 magis
807 2869 1024 2920 terrena
1039 2864 1243 2937 diligit,
1276 2875 1430 2925 tanto
1461 2870 1669 2941 privari

43 2947 113 3001 eis
149 2945 567 3003 vehementius
618 2949 976 3020 pertimescit.
1006 2953 1125 3021 Qua
1152 2956 1303 3012 enim
1345 2967 1527 3014 mente
1556 2960 1673 3015 ali—

43 3035 173 3108 quid
208 3036 278 3092 in
320 3034 432 3090 hoc
453 3037 661 3093 mundo
692 3040 1054 3111 possidemus,
1099 3061 1211 3101 non
1247 3046 1529 3117 docemur,
1561 3050 1669 3106 nisi

42 3144 162 3184 cum
188 3126 544 3184 amittimus.
569 3128 698 3185 Sine
727 3130 917 3189 dolore
937 3151 1174 3209 namque
1193 3139 1491 3209 amittitur,
1514 3141 1671 3213 quid-

42 3217 175 3289 quid
211 3218 351 3273 sine
380 3233 566 3273 amore
584 3220 919 3290 possidetur.
954 3224 1085 3292 Quae
1117 3243 1248 3283 vero
1268 3230 1528 3286 ardenter
1547 3232 1670 3287 dili-

40 3307 230 3377 gimus
262 3306 483 3375 habita,
507 3310 745 3379 graviter
760 3319 1101 3386 suspiramus
1111 3318 1311 3375 ablata.
1339 3320 1473 3388 Quis
1488 3330 1669 3379 autem

40 3399 262 3454 nesciat
307 3397 444 3471 quia
490 3400 692 3457 nostris
744 3403 936 3461 usibus
971 3422 1057 3463 res
1109 3416 1353 3466 terrenas
1400 3414 1673 3471 Dominus

38 3486 333 3554 condidit,
365 3486 481 3543 suis
499 3495 682 3545 autem
713 3491 925 3549 animas
945 3494 1239 3554 hominum
1269 3501 1480 3557 creavit
1494 3503 1522 3559 ‘l
1541 3504 1672 3560 Plus

37 3591 166 3648 ergo
230 3577 358 3633 Deo
390 3591 447 3632 se
476 3593 660 3635 amare
703 3582 1081 3653 convincitur,
1133 3589 1229 3660 qui
1268 3592 1534 3663 neglectis
1581 3593 1671 3651 his

39 3684 161 3740 qua:
192 3667 330 3739 ejus
358 3674 510 3737 sunt,
541 3671 763 3742 propria
788 3679 994 3730 tuetur.
1027 3676 1278 3736 Perdere.
1303 3697 1539 3755 namque
1564 3683 1670 3758 hy-

35 3760 277 3831 pocritaa
309 3773 377 3814 ea
413 3774 532 3832 quae
561 3763 663 3819 Dei
696 3772 850 3831 sunt,
880 3767 938 3823 id
984 3775 1068 3824 est
1096 3769 1310 3827 animas
1353 3772 1670 3844 hominum,

38 3864 151 3905 non
180 3849 424 3917 timent,
458 3857 512 3906 et
539 3868 660 3924 quae
690 3869 790 3910 sua
818 3862 948 3911 sunt
976 3856 1250 3929 amittere,
1284 3861 1547 3920 videlicet
1580 3881 1669 3923 res

37 3954 169 3995 cum
205 3937 432 3994 mundo
461 3945 832 4012 transeuntes,
863 3946 1020 4018 quasi
1049 3946 1301 4006 districto
1316 3950 1496 4022 judici
1526 3956 1668 4027 posi-

38 4028 156 4083 turi
189 4026 451 4084 rationes
478 4028 700 4098 timent,
730 4046 795 4087 ae
832 4033 880 4087 si
908 4033 1181 4105 placatum
1214 4026 1531 4111 inveniant,
1552 4045 1666 4114 cui,

37 4115 384 4174 desideratis
408 4116 593 4188 rebus,
622 4120 679 4177 id
701 4129 782 4178 est
807 4124 944 4181 ratio
955 4125 1252 4197 .iabilibus,
1283 4131 1534 4202 perditis,
1569 4134 1670 4190 in-

36 4206 347 4263 sensibilia
380 4208 397 4240 ¹
446 4214 501 4264 et
534 4224 648 4265 non
695 4212 924 4285 quaesita
983 4226 1331 4275 conservant.
1384 4221 1667 4280 Possidere

34 4297 265 4371 aliquid
297 4297 359 4353 in
379 4295 490 4355 hoc
517 4299 727 4357 mundo
756 4303 1034 4376 volumus,
1065 4314 1120 4363 et
1147 4324 1271 4366 ecce
1301 4311 1517 4370 Veritas
1545 4315 1668 4371 cla-

34 4396 184 4445 mat:
224 4386 354 4447 Nisi
393 4387 514 4458 quis
552 4393 940 4450 renuntiaverit
985 4398 1229 4454 omnibus
1278 4418 1396 4472 qua:
1409 4405 1664 4476 possidet,

32 4495 143 4534 non
157 4483 348 4551 potest
372 4495 518 4536 meus
544 4497 653 4537 esse
679 4483 973 4558 discipulus
1005 4489 1164 4560 (Luc.
1198 4506 1320 4562 xxv,
1350 4493 1465 4568 33).

107 4650 211 4709 22.
249 4650 367 4718 Quo
413 4651 612 4723 animo,
645 4670 763 4710 cum
816 4659 1092 4716 necessitas
1116 4644 1165 4716 et
1201 4663 1435 4721 charitas
1478 4676 1669 4740 cogunt

36 4742 396 4816 litigandum.
428 4773 500 4785 —
522 4744 804 4804 Perfectus
820 4748 991 4822 igitur
1013 4750 1366 4811 Christianus
1386 4758 1664 4830 quomodo

32 4833 213 4890 debet
241 4849 332 4889 res
370 4840 616 4892 terrenas
657 4834 934 4911 jurgando
965 4840 1283 4913 defendere,
1318 4845 1340 4879 ³
1387 4863 1522 4920 quas
1551 4867 1663 4909 non

32 4921 382 4995 praecipitur
438 4929 632 4987 1007
662 4927 940 4999 possidere
960 4929 989 4985 ‘P
1029 4930 1219 5005 Itaque
1247 4950 1376 4990 cum
1414 4953 1499 4994 res
1528 4955 1666 5011 pro-

30 5022 195 5094 prias
249 5022 585 5091 amittimus,
624 5027 672 5082 si
725 5029 968 5101 perfecte
1017 5033 1194 5088 Deum
1250 5035 1552 5107 sequimur,
1604 5039 1663 5094 in

31 5111 220 5185 hujus
268 5111 402 5169 vitae
440 5113 637 5173 itinere
674 5134 707 5174 a
738 5135 938 5193 magno
967 5138 1131 5178 onere
1154 5124 1174 5158 ³
1203 5123 1427 5197 levigati
1451 5144 1660 5185 sumus.

31 5201 185 5259 Cum
224 5218 359 5259 vero
380 5219 568 5263 curam
596 5223 781 5266 rerum
797 5209 1047 5283 ejusdem
1060 5213 1220 5270 nobis
1239 5214 1456 5273 itineris
1479 5233 1661 5275 neces-

109 5453 140 5580 il
145 5525 165 5579 1
178 5451 353 5509 Deest
384 5451 743 5525 conjunctiva
776 5458 1047 5530 particula
1073 5468 1122 5519 et
1148 5462 1203 5519 in
1232 5464 1405 5523 Laud.
1436 5484 1500 5525 ac
1526 5484 1661 5525 non-

109 5542 115 5578 l
180 5568 193 5580 .
252 5576 260 5580 .

28 5539 193 5580 nllll.
252 5576 260 5582 .

111 5597 137 5631 ³
180 5596 317 5652 Mss.
341 5595 565 5682 ρει-ιη..
587 5614 651 5682 ac
678 5600 783 5659 Ed.
826 5602 1241 5682 Gilot.,_Vatic.
1275 5616 1329 5665 et
1359 5610 1656 5682 Gussanv.,

31 5683 181 5738 quas
212 5668 370 5741 nunﬁ
396 5670 714 5747 pracipitur
736 5691 841 5729 non
868 5668 1156 5747 possidere,
1191 5682 1469 5739 contrario
1493 5668 1657 5742 sensu

31 5748 91 5797 et
113 5741 579 5825 repugnantibus
607 5752 728 5825 eaet.
759 5741 886 5825 Mss:
912 5741 1299 5825 veteribusque
1328 5755 1415 5809 Et.

113 5813 136 5845 ³
175 5812 351 5868 Lrud.
389 5820 447 5867 et
478 5813 603 5871 Val.
636 5815 742 5885 CL,
773 5818 1001 5876 liberati.

342 5909 590 5969 PATROL.
636 5911 886 5974 LXXVI.

1787 542 2056 602 tolerandi
2099 557 2253 617 sunt;
2309 552 2534 624 quidam
2580 572 2711 613 vero
2754 542 3075 622 conservata
3118 569 3389 630 charitate

1791 633 2141 707 prohibendi,
2181 655 2293 695 non
2324 647 2506 698 tamen
2538 645 2653 701 sola
2690 664 2821 704 cura
2850 668 2919 707 ne
2946 663 3133 713 nostra
3162 660 3388 719 subtra-

1788 721 1943 791 hant,
1974 725 2067 781 sed
2097 743 2165 783 ne
2196 729 2468 802 rapientes
2504 748 2616 789 non
2640 751 2758 805 sua,
2791 742 3109 814 semetipsos
3137 747 3385 818 perdant.

1788 813 1917 868 Plus
1936 815 2137 888 quippe
2161 817 2295 890 ipsis
2315 821 2626 891 raptoribus
2645 824 2907 883 debemus
2924 813 3188 903 metuere,
3222 853 3389 909 quam

1789 904 1951 961 rebus
1968 905 2443 967 irrationabilibus
2472 911 2832 973 defendendis
2862 918 3222 980 inhiare.lsta
3236 904 3390 983 nani-

1789 1008 1894 1066 que
1924 995 2089 1051 etiam
2116 1014 2227 1053 non
2258 1008 2412 1073 rapta
2440 1003 2740 1061 morientes
2758 1007 3087 1080 amittimus,
3118 1030 3244 1070 cum
3280 1015 3393 1072 illis

1791 1100 1921 1142 vero
1933 1095 2145 1146 etnunc
2174 1091 2511 1151 conditionis
2531 1096 2745 1169 ordine,
2775 1102 2875 1157 etsi
2893 1104 3094 1176 corrigi
3114 1106 3390 1179 studeant,

1789 1184 1911 1247 post
1965 1181 2373 1253 perceptionem
2404 1188 2673 1257 muneris,
2704 1205 2877 1247 unum
2907 1210 3118 1251 sumus.
3146 1196 3282 1264 Quis
3300 1214 3392 1254 au-

1790 1272 1900 1322 tem
1958 1270 2169 1327 nesciat
2196 1274 2326 1344 quia
2354 1276 2550 1360 minus
2585 1293 2647 1334 ea
2675 1280 2877 1353 quibus
2900 1285 3133 1355 utimur,
3164 1296 3217 1343 et
3269 1289 3394 1360 plus

1790 1355 2052 1447 debemus
2081 1376 2263 1418 amare
2297 1365 2443 1437 quod
2460 1349 2651 1424 sumus
2674 1349 2782 1427 ξεί
2809 1387 2937 1446 ergo
2964 1381 3017 1429 et
3041 1392 3141 1447 pro
3159 1392 3259 1434 sua
3286 1377 3393 1433 uti-

1788 1432 1942 1504 litate
1971 1451 2281 1523 raptoribus
2297 1432 2595 1528 loquimur,
2614 1475 2726 1515 non
2748 1432 3072 1532 jamvsolum
3094 1432 3255 1522 nobis
3270 1483 3392 1540 quae

1788 1539 2134 1611 temporalia,
2166 1540 2261 1597 sed
2293 1541 2427 1615 ipsis
2460 1545 2625 1603 etiam
2656 1564 2776 1622 quae
2806 1560 2936 1608 sunt
2962 1561 3167 1610 aeterna
3195 1553 3393 1611 vindi-

1788 1644 1976 1687 camus
1985 1674 1996 1687 .

1860 1771 2076 1840 23.0w
2126 1775 2487 1832 moderatione
2545 1778 2878 1850 litigandum.
2933 1812 3006 1826 -
3058 1784 3178 1853 Qua
3231 1786 3291 1842 in
3333 1804 3391 1845 re

1782 1859 1923 1917 illud
1949 1869 2031 1917 est
2063 1863 2295 1918 solerter
2324 1864 2675 1936 intuendum,
2696 1886 2765 1925 ne
2792 1886 2889 1942 per
2907 1876 3248 1932 necessitatis
3278 1893 3393 1933 me-

1780 1958 1897 2005 tum
1938 1952 2214 2024 cupiditas
2243 1953 2503 2027 subrepat
2524 1973 2730 2027 rerum,
2755 1967 2809 2015 et
2835 1961 2953 2018 zelo
2979 1979 3241 2022 succensa
3269 1982 3393 2038 pro.

1780 2037 2006 2109 hibitio,
2041 2042 2326 2114 ‘impetus
2373 2043 2830 2106 immoderatione
2872 2050 3135 2123 distensa,
3166 2057 3187 2092 ⁵
3218 2037 3393 2130 usque

1780 2130 1848 2186 ad
1868 2130 2073 2187 odiosae
2100 2132 2503 2205 turpitudinem
2525 2140 2897 2197 contentionis
2925 2152 3196 2216 erumpat.
3213 2147 3391 2203 Dum.

1780 2237 1885 2294 que
1914 2238 2016 2293 pro
2046 2228 2262 2278 terrena
2286 2240 2344 2279 re
2377 2240 2487 2296 pax
2517 2242 2549 2282 a
2577 2228 2740 2285 corde
2768 2247 2893 2287 cum
2944 2234 3204 2304 proximo
3234 2236 3393 2292 scin-

1779 2310 1954 2375 ditur,
1980 2310 2194 2384 liquido
2223 2323 2446 2385 apparet
2476 2316 2605 2388 quia
2640 2318 2765 2389 plus
2792 2336 2878 2375 res
2907 2337 3072 2394 quam
3104 2324 3393 2396 proximus

1779 2409 2017 2456 amatur.
2052 2401 2109 2456 Si
2131 2402 2278 2458 enim
2309 2402 2596 2460 charitatis
2630 2406 2844 2464 viscera
2880 2409 3047 2466 etiam
3082 2414 3228 2471 circa
3253 2432 3390 2488 rap-

1781 2496 1958 2546 torem
2017 2492 2336 2563 proximum
2366 2510 2480 2549 non
2519 2494 2807 2567 habemus,
2834 2502 3202 2575 nosmetipsos
3233 2506 3390 2577 pejus

1779 2580 1900 2652 ipso
1918 2588 2135 2653 raptore
2157 2584 2558 2656 persequimur,
2582 2588 2913 2662 graviusque
2934 2607 3033 2648 nos
3061 2609 3227 2667 quam
3253 2597 3392 2652 alter

1778 2678 1991 2742 poterat
2031 2671 2403 2742 devastamus,
2449 2675 2579 2748 quia
2607 2675 2924 2736 dilectionis
2963 2680 3171 2739 bonum
3197 2695 3390 2757 sponte

1778 2758 2108 2829 deserentes,
2133 2778 2165 2817 a
2186 2762 2347 2818 nobis
2366 2763 2501 2836 ipsis
2517 2766 2666 2824 intus
2676 2776 2757 2824 est
2776 2771 2924 2843 quod
2944 2774 3274 2845 amittimus,
3292 2788 3389 2849 qui

1777 2849 1846 2905 ab
1875 2849 1973 2905 illo
2020 2852 2136 2907 sola
2163 2853 2439 2909 exteriora
2460 2856 2841 2926 perdebamus.
2891 2862 2996 2918 Sed
3023 2863 3166 2920 hanc
3200 2865 3391 2938 hypo-

1778 2939 1917 2996 crita
1954 2940 2190 2997 formam
2232 2942 2519 3000 charitaiis
2566 2947 2805 3018 ignorat,
2855 2952 2987 3023 quia
3014 2953 3138 3023 plus
3167 2960 3388 3010 terrena

1780 3045 1942 3103 quam
1975 3030 2217 3087 cmlestia
2259 3029 2516 3102 diligens,
2547 3041 2739 3090 contra
2778 3052 2904 3093 eum
2934 3039 3029 3110 qui
3060 3042 3388 3112 temporalia

1779 3119 1974 3190 diripit
1993 3135 2110 3175 sese
2145 3120 2204 3176 in
2237 3119 2453 3177 intimis
2488 3121 2720 3179 immani
2749 3125 2879 3182 odio
2899 3126 3226 3187 inﬂammat.

1856 3236 1994 3313 [Vet.
2048 3238 2178 3315 XL]
2210 3239 2298 3297 24.
2353 3241 2456 3310 Qui
2486 3241 2779 3314 discrepent
2829 3246 2894 3301 ab
2925 3247 3216 3319 hypocritis
3242 3266 3388 3305 non-

1781 3330 1921 3385 nulli
1937 3331 2117 3385 acrius
2146 3332 2281 3387 bona
2305 3334 2620 3403 temporalia
2643 3337 2938 3392 tuentes.Hi
2952 3355 3059 3407 qua
3078 3342 3283 3396 cautela.
3306 3358 3385 3397 re-

1775 3419 2150 3489 prehendendi.
2181 3451 2253 3461 —
2281 3421 2578 3477 Sciendum
2617 3440 2749 3480 vero
2773 3433 2856 3481 est
2909 3428 3039 3499 quia
3079 3437 3209 3486 sunt
3238 3447 3388 3487 non-

1781 3507 1924 3562 nulli
1948 3524 2085 3580 quos
2113 3508 2403 3566 charitatis
2433 3512 2641 3583 gremio
2658 3515 2911 3572 nutriens
2938 3524 3114 3573 mater
3140 3520 3386 3578 Ecclesia

1780 3595 1976 3652 tolerat
2006 3613 2290 3672 quousque
2318 3599 2387 3655 ad
2415 3601 2678 3673 spiritalis
2697 3604 2875 3660 aetatis
2904 3606 3244 3663 incrementa
3268 3626 3384 3680 per-

1781 3682 1967 3753 ducat,
1982 3688 2077 3759 qui
2090 3703 2491 3763 nonnunquam
2509 3699 2563 3747 et
2581 3692 2891 3749 sanctitatis
2906 3693 3157 3751 habitum
3174 3704 3382 3766 tenent,

1780 3782 1834 3830 et
1862 3777 2217 3848 perfectionis
2246 3780 2505 3837 meritum
2526 3783 2755 3855 exsequi
2775 3800 2886 3839 non
2909 3785 3113 3840 valent.
3138 3785 3225 3842 Ad
3241 3786 3385 3842 dona

1780 3881 2017 3940 namque
2055 3868 2329 3940 spiritalia
2368 3870 2597 3926 minime
2636 3880 2951 3945 assurgunt,
2978 3881 3032 3929 et
3061 3873 3269 3931 idcirco
3298 3875 3384 3930 his

1779 3954 1873 4026 qui
1903 3954 2010 4011 sibi
2032 3955 2317 4029 conjuncti
2336 3966 2469 4014 sunt
2486 3967 2543 4014 at
2570 3959 2775 4015 tuenda
2791 3976 2854 4016 ea
2875 3977 2995 4033 quae
3021 3969 3239 4019 terrena
3255 3973 3385 4019 sunt

1778 4044 2048 4114 serviunt,
2067 4053 2121 4101 et
2147 4061 2546 4119 nonnunquam
2567 4046 2627 4103 in
2643 4047 2984 4105 defensionis
3003 4049 3248 4122 ejusdem
3280 4051 3382 4108 ira-

1776 4132 1982 4189 cundia
2010 4133 2304 4190 excedunt.
2338 4134 2450 4191 Hos
2478 4151 2831 4209 nequaquam
2857 4137 3193 4196 credendum
3231 4140 3381 4197 estin

1777 4219 2196 4294 hypocritarum
2223 4239 2517 4279 numerum
2540 4223 2845 4294 incurrere,
2875 4227 3006 4299 quia
3018 4227 3170 4284 aliud
3192 4237 3273 4285 est
3302 4230 3383 4285 in-

1776 4310 2057 4381 ﬁrmitate,
2082 4311 2236 4368 aliud
2265 4312 2477 4369 malitia
2492 4329 2735 4386 peccare.
2764 4315 2880 4371 Hoc
2904 4315 3088 4389 itaque
3116 4318 3263 4375 inter
3283 4320 3383 4376 hos

1776 4410 1831 4458 et
1858 4401 2178 4475 hypocritas
2197 4402 2386 4473 distat,
2403 4402 2663 4476 quod'isti
2681 4404 3023 4464 inﬁrmitatis
3042 4423 3154 4464 suae
3175 4410 3383 4465 conscii

1777 4495 1993 4551 malunt
2009 4495 2268 4553 acunctis
2284 4492 2351 4550 de
2389 4496 2553 4569 culpa
2572 4512 2671 4552 sua
2694 4496 2972 4569 redargui,
2998 4514 3162 4572 quam
3181 4499 3246 4557 de
3258 4499 3381 4558 ﬁcta

1695 4557 1746 4617 D
1780 4585 2067 4642 sanctitate
2096 4585 2306 4642 laudari
2329 4603 2344 4654 ;
2378 4585 2462 4641 illi
2484 4557 2619 4643 vero
2648 4594 2702 4643 et
2717 4557 3040 4661 iniqliita'se
3068 4605 3224 4662 agere
3245 4593 3380 4647 certi

1775 4685 1924 4747 sunt,
1954 4686 2009 4734 et
2042 4685 2227 4734 tamen
2253 4677 2399 4750 apud
2427 4677 2669 4734 humana
2679 4677 2896 4750 judicia
2914 4678 2981 4736 de
2997 4681 3222 4739 nomine
3246 4698 3382 4738 san-

1776 4769 1983 4825 ctitatis
2001 4769 2400 4825 intumescunt.
2434 4768 2529 4824 Isti
2551 4784 2665 4826 non
2686 4776 2944 4825 metuunt
2972 4771 3159 4842 pravis
3187 4771 3381 4827 homi—

1774 4861 1940 4917 nibus
1967 4862 2134 4916 etiam
2166 4861 2235 4918 de
2250 4860 2396 4917 bona
2424 4860 2644 4918 actione
2673 4861 2986 4933 displicere,
3015 4861 3149 4918 dum
3178 4876 3381 4934 super-

1774 4951 1862 5006 nis
1895 4950 2471 5022 tantumodojudiciis
2501 4951 2786 5023 placeant;
2834 4950 3068 5005 illivero
3094 4966 3377 5022 nunquam

1774 5040 1909 5113 quid
1937 5048 2122 5112 agant,
2147 5039 2243 5097 sed
2262 5039 2539 5113 quomodo
2568 5039 2636 5096 de
2665 5039 2879 5096 actione
2910 5037 3155 5111 qualibet
3186 5038 3380 5094 homi-

1774 5129 1940 5186 nibus
1969 5130 2183 5202 possint
2201 5129 2415 5202 placere
2445 5129 2818 5186 considerant.
2844 5128 2940 5184 Isti
2966 5126 3130 5199 juxta
3150 5126 3377 5183 modum

1777 5235 1888 5277 sua
1918 5218 2299 5293 intelligentiae
2318 5221 2483 5277 etiam
2507 5220 2565 5275 in
2590 5219 2753 5276 rebus
2772 5215 2961 5273 saeculi
2992 5216 3237 5273 militant
3252 5232 3376 5275 cau-

1844 5469 1865 5503 ⁴
1905 5468 2117 5537 Germ.,
2148 5466 2352 5522 Turon.
2387 5472 2441 5521 et
2464 5466 2602 5538 pler.
2633 5466 2848 5536 Norm.,
2888 5465 3086 5538 impetu
3113 5466 3377 5525 immode—

1769 5540 1990 5595 ratiore.
2026 5541 2105 5596 Ita
2134 5554 2350 5611 quoque
2378 5545 2489 5611 vet.
2522 5538 2626 5593 Ed.

1841 5613 1861 5645 ⁵
1903 5611 2095 5684 Gilot.,
2130 5607 2333 5684 Vatia,
2357 5607 2660 5684 gGussanv”
2692 5617 2817 5684 post
2843 5609 2944 5684 Ms.
2969 5610 3178 5681 Germ.,
3210 5630 3376 5684 usque

1766 5683 1839 5737 ad
1865 5683 2049 5740 odiosa
2074 5683 2252 5750 verba,
2274 5688 2321 5737 et
2352 5682 2748 5750 turpitudinem.
2776 5682 3092 5739 Lectionem
3124 5682 3369 5740 nostram

1765 5754 2033 5810 exhibent
2066 5755 2297 5824 Turon.,
2332 5753 2495 5814 Corb.
2540 5754 2724 5811 Germ.
2758 5754 2973 5821 Norm.,
3006 5755 3204 5823 Laud,
3243 5756 3367 5813 Val.

1765 5826 1849 5884 Cl.
1881 5835 1934 5882 et
1959 5833 2072 5885 vet.
2115 5826 2219 5886 Ed.

3053 5924 3122 5979 19
