3936 6392
525 293 632 350 587

1733 291 1982 346 SANCTI
2021 291 2205 347 GREG
2214 291 2358 348 ΟΒΙΙ
2395 293 2624 349 MAGNI

3739 292 3852 349 588

525 417 600 472 sis
626 416 760 484 Dei;
793 418 810 451 ¹
859 414 944 471 illi
971 430 1103 470 vero
1133 430 1230 487 per
1283 430 1471 471 causas
1522 413 1621 471 Dei
1671 414 1969 471 intentioni
2006 414 2115 470 de-
2143 419 2195 477 Α
2227 431 2284 471 se
2304 415 2484 472 ovinae
2500 417 2656 490 pellis
2676 433 2747 474 ex
2767 419 3002 490 spoliat;
3035 427 3414 492 quantumque
3437 425 3640 476 contra
3658 417 3848 474 bonos

524 503 774 560 serviunt
817 503 1024 572 saeculi,
1059 503 1082 538 ²
1123 504 1256 578 quia
1289 505 1432 561 inter
1481 503 1597 578 ipsa
1638 521 1856 578 quoque
1894 519 2015 576 quae
2061 519 2119 559 se

523 608 679 665 agere
717 602 905 650 sancta
959 610 1123 666 opera
1177 596 1494 664 ostendunt,
1545 612 1655 652 non
1700 593 2120 651 conversionem

526 687 719 746 1008
743 690 997 756 quaerunt
1027 683 1340 754 hominum,
1371 685 1466 741 sed
1492 701 1651 740 auras
1679 683 1954 739 favorum.

591 778 683 836 25.
717 779 890 852 Igitur
919 779 1052 836 dum
1081 781 1345 855 quosdam
1375 800 1486 839 non
1527 781 1794 854 despectas
1827 795 2120 838 conversa-

521 866 690 923 tionis
735 867 887 924 viros
921 869 1182 927 iracunde
1213 872 1300 927 vel
1344 871 1515 928 nimie
1561 871 1855 928 defendere
1902 877 2122 926 terrena

522 956 913 1029 conspicimus,
965 958 1228 1016 debemus
1270 959 1377 1016 hoc
1420 961 1479 1016 in
1504 959 1618 1016 illis
1653 977 1750 1033 per
1791 959 2119 1017 charitatem

523 1043 940 1118 reprehendere,
992 1063 1094 1105 nec
1133 1057 1316 1106 tamen
1345 1065 1438 1106 eos
1467 1049 1954 1123 reprehendendo3
1989 1047 2124 1104 des—

522 1151 732 1208 perare,
767 1137 898 1209 quia
925 1138 1248 1212 plerumque
1269 1139 1367 1195 uni
1397 1139 1684 1213 eidemque
1713 1139 1926 1196 homini
1956 1148 2010 1194 et
2038 1138 2122 1194 in-

523 1235 654 1282 sunt
673 1226 923 1300 quaedam
935 1225 1262 1298 judicabilia
1277 1245 1396 1302 quae
1409 1237 1691 1303 apparent,
1722 1238 1776 1286 et
1793 1246 1986 1301 magna
2001 1247 2122 1304 quae

523 1317 714 1374 latent.
735 1317 796 1372 In
821 1317 982 1374 nobis
1002 1325 1185 1376 autem
1200 1336 1340 1392 saepe
1372 1337 1568 1392 magna
1584 1322 1642 1376 in
1667 1319 1804 1377 facie
1825 1319 2118 1393 prodeunt,

423 1397 438 1407 ’
523 1413 578 1462 et
624 1422 1025 1480 nonnunquam
1074 1424 1196 1480 quae
1250 1408 1589 1481 reprehenda
1642 1419 1771 1467 sunt
1829 1411 2124 1467 occultan—

521 1506 632 1553 tur.
662 1497 804 1554 Hinc
819 1514 948 1570 ergo
969 1499 990 1534 δ
1009 1497 1357 1555 humilianda
1386 1508 1468 1556 est
1487 1509 1690 1557 nostra;
1712 1501 1914 1556 mentis
1931 1499 2122 1568 elatio,

521 1587 669 1661 quod
699 1588 996 1645 etillorum
1025 1588 1246 1646 inﬁrma
1293 1599 1423 1647 sunt
1450 1591 1692 1664 publica,
1733 1599 1787 1647 et
1814 1599 2001 1648 nostra
2028 1609 2124 1648 se-

521 1686 701 1745 creta;
733 1687 787 1734 et
815 1694 1034 1734 rursum
1071 1679 1236 1734 fortia
1279 1679 1503 1735 illorum
1533 1689 1742 1738 secreta
1787 1689 1938 1750 sunt,
1981 1689 2036 1737 et
2064 1681 2121 1737 in

521 1768 747 1841 publico
775 1777 964 1826 nostra
990 1771 1306 1842 vulgantur.
1330 1770 1479 1838 Quos
1505 1787 1634 1843 ergo
1661 1771 1728 1826 de
1757 1779 1944 1844 aperta
1972 1769 2124 1825 inﬁr-

521 1858 714 1914 mitate
740 1857 1216 1930 reprehendimus,
1243 1867 1488 1932 superest
1517 1867 1578 1916 ut
1600 1860 1667 1916 de
1701 1861 1930 1916 occulta:
1955 1859 2130 1915 forti—

521 1947 734 2004 tudinis
780 1948 1146 2006 zestimatione
1187 1966 1544 2017 veneremur;
1576 1957 1630 2006 et
1675 1950 1723 2005 si
1757 1949 1825 2005 de
1855 1956 2042 2021 aperta
2071 1963 2128 2004 se

522 2038 843 2095 inﬁrmitate
885 2047 1072 2096 nostra
1100 2056 1256 2095 mens
1297 2041 1496 2106 elevat,
1531 2040 1748 2096 occulta
1775 2055 1874 2094 sua
1907 2038 2130 2094 infirma

520 2128 895 2198 considerans,
926 2145 1042 2186 sese
1090 2129 1149 2186 in
1179 2129 1496 2186 humilitate
1525 2135 1759 2201 premat.
1793 2129 1947 2200 Saepe
1975 2128 2126 2184 enim

521 2219 778 2276 nonnulli
801 2219 1294 2292 multisprasceptis
1337 2219 1736 2292 obsequuntur,
1777 2226 1832 2274 et
1878 2217 2128 2291 quaedam

523 2325 695 2383 pauca
709 2319 1062 2382 praetereunt,
1094 2317 1148 2366 et
1173 2326 1273 2366 nos
1301 2310 1476 2365 multa
1496 2309 1973 2382 praetermittimus
2002 2325 2127 2364 cum

521 2415 694 2472 pauca
732 2415 1033 2456 servamus.
1067 2397 1222 2456 Unde
1255 2397 1319 2456 ﬁt
1369 2400 1692 2472 plerumque
1719 2406 1782 2454 ut
1811 2399 1942 2472 quia
1982 2395 2132 2471 quod

524 2503 739 2546 servare
767 2505 868 2546 nos
914 2488 1196 2558 novimus,
1227 2487 1334 2544 hoc
1363 2489 1642 2560 praeterire
1684 2488 1824 2544 alios
1869 2486 2125 2542 videmus

528 2577 682 2635 illico
710 2587 898 2634 nostra
926 2594 983 2634 se
1023 2577 1083 2634 in
1139 2577 1533 2634 elationemens
1559 2578 1758 2646 elevet,
1789 2577 2132 2634 obliviscens

524 2683 690 2740 quam
725 2667 904 2722 multa
947 2674 1254 2740 praetereat,
1283 2684 1411 2725 cum
1452 2667 1610 2724 valde
1640 2669 1752 2724 sint
1799 2683 1972 2740 pauca
2013 2683 2132 2740 quae

527 2762 731 2812 servat.
762 2756 992 2812 Necesse
1037 2764 1120 2812 est
1149 2756 1320 2829 igitur
1344 2767 1407 2815 ut
1435 2757 1495 2813 in
1531 2757 1737 2832 quibus
1772 2757 1911 2814 alios
1939 2771 2135 2828 repre—

489 2848 840 2916 hendimus,
886 2847 1181 2904 elationem
1239 2849 1492 2906 sollicitae
1539 2857 1740 2905 nostrae
1785 2847 2136 2921 cogitationis

526 2937 882 3007 inclinemus,
919 2938 1054 3010 quia
1083 2939 1130 2994 si
1171 2937 1554 2994 sublimiorem
1594 2956 1650 2995 se
1697 2939 1908 2996 caeteris
1952 2945 2136 2994 noster

525 3029 746 3085 animus
775 3029 1073 3102 conSpicit,
1114 3029 1274 3102 quasi
1311 3030 1370 3086 in
1411 3029 1717 3103 praecipitia
1737 3027 2136 3101 singularitatis

527 3119 748 3188 ductus,
771 3121 792 3154 ⁵
824 3136 888 3176 eo
915 3118 1071 3192 pejus
1099 3121 1232 3176 ruit.
1271 3119 1377 3176 Sed
1409 3137 1510 3178 cur
1551 3119 1848 3194 hypocrita
1887 3117 2131 3175 caelestia
2176 3155 2190 3194 .-

524 3211 675 3268 lucra
709 3209 966 3267 deserens
991 3209 1226 3266 terrenis
1245 3210 1507 3279 elaboret,
1537 3210 1640 3267 sub
1660 3207 1994 3267 struthionis
2021 3207 2130 3265 ad-

523 3302 636 3362 huc
663 3302 890 3359 nomine
919 3300 1228 3373 subjungit,
1260 3301 1484 3358 dicens:

953 3417 1181 3474 CAPUT
1212 3416 1342 3475 XIV
1387 3415 1533 3490 [Rea
1567 3416 1700 3490 IX].

595 3509 770 3568 Vnus.
802 3507 889 3563 17.
923 3506 1169 3562 Privavit
1221 3524 1335 3564 eam
1359 3507 1502 3564 Deus
1531 3507 1810 3580 sapientia,
1860 3523 1950 3562 nec
1992 3505 2136 3562 dedit

524 3594 614 3654 illi
641 3597 1065 3668 intelligentiam.

593 3687 684 3744 26.
715 3688 856 3743 Deus
870 3687 1097 3742 obdurat
1115 3703 1227 3754 cor,
1251 3704 1354 3742 non
1373 3688 1502 3759 quia
1523 3687 1785 3743 duritiam
1798 3689 2023 3760 confert,
2046 3689 2136 3744 sed

526 3780 654 3850 quia
695 3779 1017 3850 exigentibus
1053 3779 1295 3850 peccatis,
1346 3795 1454 3834 non
1515 3779 1732 3834 emollit.
1770 3809 1842 3821 —
1869 3778 2133 3847 Quamvis

526 3869 678 3926 aliud
704 3869 778 3926 sit
803 3870 1042 3942 privare,
1063 3869 1214 3926 aliud
1243 3886 1356 3926 non
1372 3868 1522 3937 dare,
1555 3869 1662 3925 hoc
1691 3877 1882 3926 tamen
1912 3869 2138 3942 repetiit

525 3958 832 4028 subdendo,
854 3961 974 4017 Non
989 3959 1151 4026 dedit,
1177 3959 1325 4032 quod
1357 3959 1642 4032 praemisit,
1663 3959 1930 4014 Privavit.
1965 3961 2045 4014 Ac
2087 3959 2134 4013 si

527 4048 731 4107 diceret
750 4067 762 4105 :
780 4051 802 4086 ⁸
822 4048 981 4116 Quod
997 4049 1138 4117 dixi,
1158 4049 1422 4117 Privavit,
1446 4065 1558 4104 non
1580 4047 1784 4120 injuste
1807 4048 2132 4121 sapientiam

526 4139 780 4206 abstulit,
810 4139 907 4194 sed
929 4137 1079 4210 juste
1107 4155 1222 4194 non
1249 4138 1422 4194 dedit.
1457 4137 1612 4194 Unde
1639 4137 2016 4194 etl’haraonis
2037 4154 2134 4194 cor

527 4231 800 4286 Dominus
818 4219 1502 4294 ‘obdurasse‘describitur,
1533 4245 1644 4285 non
1662 4229 1811 4302 quod
1839 4230 1954 4302 ipse
1985 4229 2132 4286 duri-

531 4319 666 4374 tiam
703 4319 960 4386 contulit,
1011 4319 1106 4374 sed
1139 4318 1306 4390 quod,
1353 4318 1707 4390 exigentibus
1737 4317 1856 4389 ejus
1901 4320 2131 4390 meritis,

531 4408 686 4462 nulla
713 4405 855 4462 illud
883 4406 1114 4478 desuper
1144 4407 1314 4461 infusi
1331 4409 1351 4442 ⁷
1375 4407 1592 4462 timoris
1607 4407 1973 4464 sensibilitate
1997 4410 2132 4465 mol-

530 4495 659 4551 livit
677 4497 882 4568 (Exod.
898 4496 1092 4567 vn,3).
1111 4495 1217 4551 Sed
1234 4511 1382 4550 nunc
1399 4495 1689 4567 hypocrita
1716 4496 1865 4570 quod
1879 4507 2132 4554 sanctum

529 4602 586 4642 se
615 4585 862 4652 simulat,
890 4585 1038 4657 quod
1074 4583 1176 4641 sub
1206 4584 1444 4656 imagine
1477 4585 1608 4641 boni
1661 4587 1842 4658 operis
1869 4588 2132 4656 occultat,

529 4683 730 4732 sanctae
775 4675 1035 4731 Ecclesiae
1063 4689 1194 4746 pace
1221 4675 1506 4746 premitur,
1538 4685 1590 4732 et
1628 4676 1839 4733 idcirco
1867 4686 1994 4733 ante
2026 4694 2141 4733 no-

529 4774 671 4822 stros
700 4765 890 4823 oculos
935 4763 1220 4836 religionis
1263 4764 1476 4820 visione
1506 4767 1756 4822 vestitur.
1777 4767 1833 4823 Si
1865 4783 1974 4840 qua
2007 4783 2139 4824 vero

527 4855 762 4913 tentatio
781 4853 912 4912 ﬁdei
927 4863 1198 4929 erumpat,
1217 4855 1403 4912 statim
1419 4855 1536 4928 lupi
1553 4871 1707 4911 mens
1731 4855 1925 4912 rabida
1944 4855 2139 4913 habitu

603 5067 776 5124 1Male
805 5065 861 5122 in
893 5064 1060 5122 duob.
1080 5064 1264 5121 Germ.
1285 5073 1340 5120 et
1361 5065 1418 5119 in
1447 5071 1652 5120 recent.
1677 5062 1876 5133 Editis,
1908 5064 1994 5120 illi
2013 5081 2136 5120 vero

521 5156 626 5212 pro
657 5139 832 5212 causis
848 5139 977 5212 _Dei.
1017 5137 1452 5192 Emendavimus
1485 5153 1553 5190 ex
1583 5137 1710 5212 Nise.
1745 5137 1957 5206 Norm.,
1991 5137 2126 5195 Vin-

528 5207 676 5276 doc.,
715 5209 913 5276 Laud.,
945 5215 1074 5276 etc.,
1105 5226 1317 5266 necnon
1355 5225 1422 5264 ex
1460 5215 1566 5263 vet.
1601 5207 1704 5263 Ed.

600 5282 622 5316 ²
662 5283 725 5337 In
755 5281 1016 5348 Vindoc.,
1034 5281 1228 5349 Laud.,
1248 5280 1371 5337 Val.
1396 5279 1502 5348 (11.,
1529 5280 1656 5350 quia
1679 5280 1732 5334 in
1751 5279 1880 5351 ipsis
1899 5298 2122 5352 quoque.

527 5355 650 5408 Duo
679 5353 887 5422 Germ,
918 5353 976 5406 in
1014 5353 1148 5422 ipsa.

601 5425 623 5495 ἓ
663 5421 922 5495 Xindoc.,
954 5421 1151 5479 Pratel.
1197 5440 1260 5479 ac
1288 5424 1422 5495 pler.
1455 5422 1670 5490 Norm.,
1701 5423 1978 5495 despicere.

600 5494 624 5566 ξ
662 5491 898 5566 Yindoc.
928 5501 989 5566 et
1012 5495 1222 5566 Norm.,
1250 5491 1672 5566 reprehendenda
1702 5491 1794 5552 est;

601 5564 624 5638 ’j
661 5561 892 5638 Iuron.,
927 5561 1422 5638 Vfindoc..iNorm.,
1453 5569 1549 5622 heu
1575 5567 1747 5638 pejus.

603 5635 626 5706 ἒ
666 5632 932 5706 Corrupte
959 5635 1017 5690 in
1045 5638 1146 5692 Ms.
1179 5637 1342 5694 Corb.
1379 5632 1650 5694 Germfet
1678 5641 1736 5694 in
1766 5637 1984 5696 omibus
2013 5637 2129 5696 fere

530 5703 661 5772 Ed.,
687 5705 829 5774 quod
844 5703 1013 5762 dixit.
1059 5707 1320 5764 Mendum
1350 5708 1455 5766 hoc
1493 5711 1552 5766 in
1597 5711 1750 5767 Edit.
1784 5711 1949 5767 Basil.
1989 5711 2128 5767 1514

533 5775 760 5866 invenio
786 5775 844 5832 in
865 5775 1077 5834 caeteris
1093 5785 1280 5850 postea
1303 5787 1596 5838 retentum.
1614 5782 1765 5838 Edit.
1789 5783 1960 5840 Paris.
1991 5781 2130 5840 1495

2231 507 2442 575 saeviat,
2459 524 2785 582 persequens
2796 507 3312 565 demonstrat.Unde
3322 516 3380 564 et
3393 517 3540 565 recte
3550 507 3842 566 subditur:

2829 649 3058 709 CAPUT
3101 650 3228 709 XV.

2304 767 2476 825 Vnus.
2512 767 2599 824 18.
2629 798 2700 810 -
2731 767 2864 826 Cum
2881 774 3078 840 tempus
3105 767 3294 838 fuerit,
3316 767 3374 822 in
3395 769 3570 825 altum
3583 768 3712 825 alas
3744 768 3850 824 eri-

2231 856 2308 928 git
2327 875 2348 921 ,'
2376 857 2577 912 deridet
2593 858 2818 928 equitem
2847 863 2894 912 et
2911 874 3235 913 ascensorem
3264 855 3396 926 ejus.

2303 945 2392 1002 27.
2420 947 2708 1017 Hypocrila
2736 965 2842 1002 non
2870 948 3042 1003 solum
3068 952 3274 1002 sanctos
3300 945 3526 1012 deridet,
3557 945 3649 1002 sed
3676 946 3852 1002 Deum

2232 1034 2428 1106 ipsum.
2459 1066 2532 1078 —
2559 1035 2706 1104 Quid
2735 1036 2886 1092 enim
2915 1037 3028 1092 alas
3065 1034 3231 1107 hujus
3260 1033 3599 1092 struthionis
3628 1034 3856 1106 accipi-

2238 1141 2382 1192 mus,
2412 1125 2521 1181 nisi
2551 1141 2762 1198 pressas
2787 1125 2892 1183 hoc
2917 1133 3168 1199 tempore
3189 1125 3347 1198 quasi
3364 1124 3730 1200 complicatas
3749 1123 3852 1196 by-

2232 1216 2457 1288 pocritae
2501 1216 2902 1289 cogitationes?
2939 1215 3085 1283 Quas
3127 1232 3256 1272 cum
3295 1221 3517 1287 tempus
3563 1215 3762 1280 fuerit,
3791 1214 3852 1270 in

2232 1306 2406 1362 altum
2433 1306 2611 1361 elevat
2635 1307 2660 1363 i
2690 1308 2820 1380 quia
2847 1307 3258 1380 opportunitate
3287 1312 3591 1377 comperta,
3621 1321 3716 1362 eas
3744 1321 3854 1362 su-

2233 1397 2533 1470 perbienbo
2563 1397 2896 1453 manifestat.
2921 1399 3054 1454 Alas
3088 1397 3147 1453 in
3163 1397 3337 1454 altum
3375 1398 3587 1469 erigere
3625 1405 3712 1453 est
3753 1413 3855 1469 per

2234 1486 2552 1542 elfrenatam
2613 1485 2927 1558 superbiam
2995 1486 3357 1559 cogitationes
3401 1486 3638 1559 aperire.
3686 1486 3854 1542 Nunc

2234 1585 2416 1634 autem
2457 1577 2586 1650 quia
2613 1586 2864 1636 sanctum
2911 1595 2967 1635 se
2997 1579 3246 1645 simulat,
3278 1579 3409 1652 quia
3437 1578 3496 1634 in
3549 1577 3856 1651 semetipso

2235 1667 2458 1740 stringit
2499 1684 2620 1741 quae
2664 1669 2892 1741 cogitat,
2930 1668 3088 1741 quasi
3130 1669 3243 1725 alas
3291 1669 3351 1724 in
3385 1684 3616 1740 corpore
3653 1674 3854 1732 1009

2157 1787 2205 1850 Β
2238 1784 2332 1839 per
2363 1767 2736 1824 humilitatem
2763 1767 2951 1841 plicat.
2987 1767 3124 1842 [Vet.
3156 1766 3316 1842 XII.]
3359 1769 3682 1826 Notandum
3715 1786 3854 1826 vero

2239 1865 2320 1914 est
2349 1857 2495 1930 quod
2521 1874 2632 1914 non
2661 1859 2768 1914 ait:
2825 1858 3042 1914 Deridet
3087 1875 3276 1929 equum
3304 1863 3353 1913 et
3379 1876 3729 1928 ascensorem,
3753 1860 3853 1916 sed

2239 1949 2458 2019 equitem
2499 1955 2546 2003 et
2593 1965 2914 2004 ascensorem
2960 1949 3093 2018 ejus.
3143 1949 3336 2020 Equus
3367 1949 3570 2022 quippe
3601 1957 3683 2005 est
3711 1951 3857 2006 uni-

2238 2037 2441 2110 cuique
2465 2047 2665 2095 sanctae
2695 2039 2896 2094 animae
2933 2054 3135 2111 corpus
3165 2054 3350 2108 suum,
3399 2038 3550 2112 quod
3587 2039 3853 2098 videlicet

2240 2127 2398 2185 novit
2425 2138 2480 2184 et
2511 2128 2580 2184 ab
2611 2129 2824 2186 illicitis
2851 2131 3208 2186 continentia
3229 2129 3388 2186 freno
3419 2130 3772 2204 restringere,
3798 2141 3854 2188 et

2241 2233 2462 2273 rursum
2510 2217 2799 2275 charitatis
2856 2219 3100 2293 impulsu
3167 2220 3227 2276 in
3272 2221 3670 2278 exercitatione
3716 2221 3852 2277 boni

2241 2307 2426 2380 operis
2457 2309 2722 2365 relaxare.
2760 2310 2979 2383 Equitis
3024 2327 3153 2384 ergo
3187 2311 3414 2368 nomine
3450 2311 3639 2368 anima
3668 2315 3846 2368 sancti

2243 2399 2351 2456 viri
2383 2401 2738 2474 exprimitur,
2770 2419 2890 2474 quae
2913 2401 3230 2474 jumentum
3261 2403 3513 2476 corporis
3535 2402 3678 2460 bene
3707 2403 3856 2459 sub-

2241 2489 2422 2547 ditum
2467 2491 2625 2563 regit.
2659 2491 2813 2548 Unde
2849 2500 2902 2548 et
2941 2493 3177 2548 Joannes
3219 2493 3500 2566 apostolus
3529 2493 3588 2548 in
3627 2494 3858 2566 Apoca-

2243 2581 2389 2654 lypsi
2428 2582 2729 2638 Dominum
2777 2584 3179 2655 contemplatus
3227 2582 3441 2640 aitzEt
3467 2586 3733 2641 exercitus
3761 2587 3855 2656 qui

2243 2679 2366 2728 sunt
2402 2673 2460 2728 in
2507 2674 2652 2742 ca'lo,
2689 2673 3036 2744 sequebantur
3062 2691 3180 2729 eum
3216 2675 3276 2730 in
3311 2675 3457 2746 equis
3485 2675 3626 2730 albis
3657 2674 3850 2746 (Apoc.

2245 2780 2366 2832 xxx,
2409 2763 2522 2835 14).
2555 2764 2970 2821 Multitudinem
2998 2765 3200 2839 quippe
3225 2773 3544 2823 sanctorum
3577 2766 3598 2802 ⁸
3643 2783 3769 2840 quae
3796 2767 3850 2822 in

2244 2854 2350 2912 hoc
2378 2855 2631 2927 martyrii
2646 2855 2792 2911 bello
2821 2857 3135 2925 sudaverat,
3167 2864 3312 2914 recte
3331 2857 3644 2913 exercitum
3666 2865 3849 2914 vocat:

2245 2945 2340 3016 qui
2372 2943 2580 3002 idcirco
2611 2946 2666 3001 in
2693 2945 2850 3018 equis
2869 2945 3010 3002 albis
3037 2946 3224 3003 sedere
3245 2947 3584 3015 referuntnr,
3614 2948 3753 3022 quia
3773 2949 3850 3004 ni-

2247 3035 2449 3090 mirum
2477 3051 2667 3090 eorum
2697 3051 2926 3107 corpora
2945 3043 3000 3092 et
3026 3037 3146 3092 luce
3169 3035 3402 3108 justitiee
3426 3044 3481 3092 et
3500 3037 3848 3094 castimoniae

2245 3126 2481 3183 candore
2517 3128 2852 3183 claruerunt.
2885 3127 3108 3183 Deridet
3167 3145 3298 3201 ergo
3337 3127 3634 3201 hypocrita
3685 3130 3853 3204 equi—

2244 3223 2378 3285 tem,
2410 3218 2540 3291 quia
2589 3235 2715 3274 cum
2770 3218 2972 3289 ipsein
3018 3225 3206 3290 aperto
3236 3218 3549 3290 iniquitatis
3577 3222 3847 3292 eruperit,

2243 3307 2545 3363 electorum
2610 3307 2846 3380 despicit
2899 3309 3266 3377 sanctitatem,
3331 3315 3387 3364 et
3435 3309 3613 3366 elatus
3669 3309 3853 3366 fatuos

2245 3398 2502 3468 appellat,
2559 3415 2717 3471 quos,
2762 3413 2895 3469 pace
2929 3415 3148 3472 pressus
3175 3398 3328 3468 ﬁdei,
3368 3399 3573 3456 callida
3615 3407 3738 3456 arte
3775 3403 3853 3456 si-

2245 3488 2508 3545 mulabat.
2541 3488 2676 3556 Quis
2704 3505 2835 3546 vero
2871 3490 3016 3546 alius
3043 3488 3210 3562 hujus
3229 3505 3484 3546 ascensor
3509 3497 3595 3545 est
3623 3492 3849 3564 equitis,

2244 3581 2351 3637 nisi
2381 3581 2730 3653 omnipotens
2755 3581 3034 3654 Deus,qui
3061 3588 3115 3636 et
3142 3597 3206 3638 ea
3234 3597 3356 3654 qua;
3387 3597 3500 3636 non
3529 3588 3691 3638 erant
3720 3599 3850 3655 pre-

2245 3670 2441 3726 videns
2469 3671 2740 3740 condidit,
2793 3680 2849 3728 et
2896 3687 2959 3727 ea
3004 3687 3125 3744 quae
3165 3681 3296 3728 sunt
3325 3669 3613 3744 possidens
3678 3672 3848 3746 regit?

2244 3761 2510 3840 Ascendit
2538 3761 2740 3834 quippe
2768 3761 3029 3834 equitem,
3063 3760 3193 3835 quia
3215 3760 3354 3834 justi
3406 3760 3850 3836 uniuscujusque

2245 3850 2353 3906 viri
2390 3851 2641 3908 animum
2672 3851 2934 3924 possidet,
2975 3867 3074 3908 sua
3099 3853 3238 3908 bene
3274 3851 3523 3911 membra
3551 3853 3852 3926 possiden-

2245 3950 2375 3998 tem.
2409 3943 2552 3999 Huic
2579 3960 2707 4016 ergo
2734 3941 3041 4016 hypocrita:
3060 3943 3309 4000 deridere
3332 3943 3578 4018 equitem
3609 3953 3695 4002 est
3721 3961 3852 4002 san-

2244 4039 2362 4088 ctos
2391 4031 2698 4104 despicere;
2731 4032 2978 4090 deridere
3007 4049 3139 4092 vero
3165 4049 3510 4092 ascensorem
3543 4035 3762 4110 equitis
3781 4043 3851 4091 est

2246 4122 2499 4196 prosilire
2532 4139 2704 4196 usque
2733 4122 2802 4180 ad
2832 4122 3095 4196 injuriam
3123 4125 3408 4183 creatoris.

2317 4212 2406 4270 28.
2449 4215 2516 4270 In
2538 4215 2772 4286 lapsibus
2797 4233 2834 4270 a
2860 4216 3078 4272 minimo
3106 4216 3386 4288 incipitur,
3418 4223 3468 4273 et
3497 4217 3572 4274 ad
3600 4220 3849 4290 graviora

2239 4303 2572 4372 pervenitur.
2629 4305 2826 4360 Multos
2875 4307 3044 4361 malos
3073 4308 3299 4363 occultos
3351 4308 3595 4364 Ecclesia
3648 4311 3847 4366 tolerat.

2251 4394 2363 4450 Cur
2390 4394 2447 4449 in
2500 4395 2738 4451 Ecclesia
2773 4397 2905 4453 mali
2932 4397 3082 4452 bonis
3099 4398 3334 4454 immisti.
3366 4400 3745 4457 Rhinocerotis
3771 4407 3850 4456 aut

2245 4485 2521 4539 unico-ruis
2550 4487 2760 4540 nomine
2769 4485 3025 4556 judaicus
3047 4489 3280 4560 populus
3311 4489 3715 4562 intelligendus.
3738 4491 3850 4548 Rhi-

2243 4592 2461 4630 noceros
2485 4592 2593 4646 qua
2615 4583 2734 4631 arte
2761 4576 3048 4648 mitigetur.
3079 4609 3152 4620 —
3172 4579 3315 4646 Quia
3344 4579 3494 4635 enim
3521 4579 3582 4634 in
3610 4597 3849 4654 unoquo-

2250 4684 2354 4740 que
2386 4669 2541 4740 lapsu
2579 4685 2612 4725 a
2639 4668 2888 4726 minimis
2925 4685 3139 4742 semper
3181 4670 3474 4741 incipitur,
3520 4679 3580 4727 et
3599 4689 3849 4730 succres—

2248 4761 2500 4818 centibus
2529 4761 2837 4818 defectibus
2855 4761 2923 4817 ad
2951 4761 3204 4834 graviora
3224 4763 3570 4834 pervenitur,
3595 4773 3748 4820 recte
3765 4764 3848 4835 hy-

2247 4852 2472 4924 pocrita)
2489 4852 2659 4926 hujus
2681 4853 2947 4928 iniquitas
2961 4869 3060 4926 per
3074 4853 3358 4926 supposita
3371 4851 3740 4911 detrimenta”
3756 4853 3847 4910 dis-

2245 5060 2720 5142 cum_Mss._h_abet
2750 5060 2955 5142 optime
2983 5061 3126 5142 quod
3153 5060 3290 5118 dixi.
3323 5059 3560 5142 Reliqua
3590 5078 3718 5142 quae
3755 5059 3846 5142 obf

2245 5137 2504 5190 scuritate
2540 5132 2801 5190 laborant
2820 5135 2898 5190 sic
2929 5134 3173 5206 intellige
3200 5152 3210 5188 :
3237 5133 3383 5206 quod
3413 5132 3558 5206 dixi,
3594 5132 3844 5206 privavit,

2235 5225 2345 5286 non
2377 5224 2440 5286 eo
2469 5204 3195 5286 sensu-capiendum,nqiiod
3225 5204 3372 5286 Deus
3399 5204 3740 5286 sapientiam
3757 5204 3846 5286 ab-

2235 5280 2455 5334 stulerit
2474 5278 2717 5340 (idenim
2731 5276 2876 5348 juste
2895 5293 3004 5332 non
3019 5276 3219 5349 fieret),
3244 5277 3338 5349 sed
3357 5276 3505 5349 quod
3523 5278 3842 5348 sapientiam

2235 5367 2346 5406 non
2394 5349 2626 5405 dederit.
2680 5347 2745 5403 in,
2779 5350 2906 5403 Mss.
2959 5347 3611 5415 Pratel.'Utic.,’Corh.’,
3666 5349 3838 5405 Germ.

2236 5421 2498 5486 Vimloc.,
2531 5421 2732 5491 legitur
2759 5438 2770 5474 :
2803 5419 3062 5488 nonjuste
3083 5420 3400 5490 sapientiam
3425 5419 3676 5491 abstulit.
3698 5415 3838 5488 Quod

2234 5495 2396 5572 etiam
2421 5490 2630 5572 optiuio
2651 5509 2811 5547 sensu
2834 5499 3011 5572 potest
3031 5492 3106 5547 ita
3128 5491 3384 5572 intelligi:
3404 5507 3518 5572 non
3532 5490 3662 5547 dico
3686 5493 3840 5548 Deum

2234 5564 2381 5637 justo
2412 5561 2705 5620 abstulisse
2722 5561 3086 5637 sapientiam,
3119 5563 3212 5637 sed
3243 5561 3392 5634 juste
3421 5561 3750 5636 denegasse.

2320 5640 2340 5672 τ
2385 5639 2575 5693 Norm.
2609 5643 2662 5693 et
2691 5635 2956 5704 Vindoc.,
2986 5636 3240 5691 muneris.

2312 5709 2332 5744 ⁸
2371 5709 2604 5780 Longip.
2623 5725 2740 5778 qua:
2764 5709 2825 5780 in
2853 5709 2944 5780 hoc
2965 5708 3177 5774 mundo,
3199 5707 3452 5778 martyrii
3481 5707 3645 5766 bello.

2316 5783 2336 5816 9
2377 5779 2576 5848 Laud.,
2610 5779 2973 5851 distringitur.
