3936 6400
156 352 263 410 589

156 480 453 553 tinguitur,
485 492 548 539 ut
578 484 796 543 dicatur
835 490 988 561 prius
1021 493 1226 551 bonum
1270 514 1324 553 se
1370 500 1512 572 quod
1549 519 1656 559 non
1686 505 1758 560 sit
1783 510 1833 567 A

154 569 467 640 ostendere,
509 576 860 645 postmodum
891 595 1021 637 vero
1050 581 1225 641 bonos
1255 569 1436 659 aperte
1466 589 1765 662 despicere,

151 657 220 713 ad
257 667 574 718 extremum
614 680 830 738 quoque
861 685 1033 743 usque
1062 672 1129 728 ad
1160 657 1421 747 injuriam
1460 679 1762 738 conditoris

150 747 371 804 exilire.
397 749 691 823 Nunquam
722 756 925 828 quippe
956 758 1083 815 .illic
1130 763 1314 818 anima
1354 781 1463 837 quo
1505 767 1766 826 ceciderit

144 834 312 907 jacet,
346 837 475 911 quia
511 840 822 900 voluntarie
850 848 1018 903 semel
1050 849 1220 922 lapsa,
1256 834 1578 926 ‘ad‘pejora
1617 874 1764 928 pon-

149 927 275 984 dere
304 946 419 985 suaa
456 931 767 1005 iniquitatis
816 936 1143 1011 impellitur,
1200 950 1261 997 ut
1310 943 1369 999 in
1426 927 1760 1016 profundum

146 1033 432 1087 corruens,
466 1036 681 1094 semper
720 1023 903 1083 adhuc
948 1029 1278 1098 profundius
1325 1032 1609 1091 obruatur.
1658 1037 1761 1093 Eat

145 1122 273 1178 ergo
324 1107 640 1182 hypocrita,
672 1121 727 1169 et
756 1129 907 1171 nunc
935 1132 1061 1173 suas
1089 1118 1279 1176 laudes
1305 1132 1554 1194 appetat;
1600 1132 1760 1196 post-

144 1196 375 1254 modum
409 1198 582 1255 vitam
618 1202 1005 1273 proximorum
1047 1217 1276 1279 premat,
1328 1220 1381 1267 et
1431 1214 1759 1287 quandoque

146 1285 167 1320 ³
194 1302 252 1342 se
281 1286 344 1343 in
382 1287 640 1347 irrisione
669 1292 756 1348 sui
786 1294 1092 1352 conditoris
1119 1307 1394 1369 exerceat,
1425 1285 1487 1359 ut
1513 1318 1621 1375 quo
1651 1285 1758 1359 ela-

144 1375 287 1432 tiora
312 1392 531 1451 semper
559 1381 853 1453 excogitat,
896 1398 961 1440 eo
988 1401 1044 1440 se
1073 1388 1358 1459 suppliciis
1395 1391 1760 1450 atrocioribus

141 1463 454 1539 immergat.
487 1467 534 1524 Ο
564 1485 729 1541 quam
761 1472 967 1530 multos
996 1475 1133 1531 tales
1162 1493 1312 1534 nunc
1341 1489 1529 1536 sancta
1556 1481 1757 1538 Eccle-

140 1552 219 1609 sia
270 1555 496 1626 tolerat,
556 1573 694 1631 quos
744 1577 872 1618 cum
926 1570 1142 1637 tempus
1203 1568 1462 1639 eruperit,
1525 1571 1757 1628 tentatio

139 1651 328 1715 aperta
352 1645 692 1705 manifestat.
741 1649 851 1718 Qui
886 1653 1201 1711 voluntates
1229 1672 1373 1724 suas,
1406 1658 1537 1731 quia
1565 1668 1757 1718 contra

139 1750 262 1791 eum
295 1737 463 1793 modo
492 1754 604 1795 non
633 1749 887 1813 exerunt,
940 1744 1096 1816 quasi
1133 1749 1488 1820 complicatas
1528 1751 1752 1811 interim

139 1823 251 1881 alas
280 1827 682 1899 cogitationum
712 1841 989 1904 premunt.
1024 1834 1165 1902 Quia
1192 1837 1341 1893 enim
1375 1854 1407 1894 a
1433 1838 1597 1897 bonis
1626 1860 1754 1900 ma-

140 1914 317 1987 lisque
352 1915 473 1974 haec
504 1920 621 1975 vita
647 1921 1021 1979 communiter
1052 1924 1297 1994 ducitur,
1328 1943 1477 1984 nunc
1505 1930 1753 1988 Ecclesia

139 2018 205 2058 ex
245 2011 616 2080 utrorumque
654 2025 887 2067 numero
916 2012 1217 2070 visibiliter
1242 2025 1624 2089 congregatur,
1656 2021 1752 2078 sed

138 2092 248 2148 Deo
276 2093 641 2154 invisibiliter
653 2096 940 2170 judicante
962 2101 1317 2174 discernitur,
1336 2114 1497 2178 atque
1515 2108 1572 2164 in
1594 2110 1750 2167 exitu

138 2198 234 2237 suo
282 2198 315 2239 a
356 2185 716 2257 reproborum
759 2189 1019 2246 societate
1072 2202 1370 2266 separatur.
1408 2197 1572 2254 Modo
1618 2216 1749 2255 vero

138 2288 248 2331 esse
278 2273 339 2332 in
369 2294 432 2334 ea
460 2295 562 2336 nec
589 2280 723 2337 boni
752 2282 871 2339 sine
904 2284 1079 2354 malis,
1111 2303 1212 2344 nec
1244 2287 1374 2343 mali
1422 2289 1539 2345 sine
1588 2288 1750 2348 bonis

136 2374 385 2435 possunt.
438 2368 554 2426 Hoc
582 2370 730 2427 enim
764 2380 1008 2446 tempore
1038 2376 1335 2448 conjuncta
1363 2385 1594 2452 utraque
1624 2396 1748 2451 pars

136 2452 580 2525 sibinecessario
619 2461 896 2533 congruit,
945 2473 1006 2520 ut
1046 2473 1099 2521 et
1146 2467 1277 2521 mali
1326 2477 1610 2525 mutentur
1653 2486 1749 2542 per

134 2545 387 2617 exempla
415 2546 709 2617 bonorum,
734 2558 790 2605 et
808 2551 939 2607 boni
962 2563 1265 2627 purgentur
1294 2573 1391 2629 per
1407 2565 1746 2615 tentamenta

134 2633 430 2692 malorum.
472 2638 654 2712 Atque
684 2639 808 2695 ideo
838 2642 1108 2699 Dominus
1136 2654 1424 2718 postquam
1460 2648 1563 2703 sub
1588 2656 1745 2704 stru-

131 2723 342 2782 thionis
391 2728 574 2799 specie
601 2731 775 2786 multa
804 2730 871 2787 de
900 2732 1318 2805 hypocritarum
1360 2739 1744 2811 reprobatione

130 2813 341 2884 intulit,
378 2833 512 2873 mox
541 2818 611 2873 ad
641 2819 942 2876 electorum
980 2831 1184 2879 sortem
1230 2826 1397 2882 verba
1444 2828 1741 2895 convertit,

128 2904 311 2978 utqui
344 2904 403 2959 in
436 2905 550 2962 illis
577 2907 865 2965 audierant
896 2911 1042 2983 quod
1087 2912 1358 2985 fugientes
1397 2917 1649 2984 tolerent,
1683 2916 1741 2971 in

129 2992 244 3050 istis
302 2994 542 3052 audiant
601 2999 749 3070 quod
820 2999 1100 3058 imitantes
1158 3012 1363 3061 ament.
1435 3005 1737 3078 Sequitur:

136 3080 283 3155 [Rea
326 3083 425 3159 Χ.]
457 3086 714 3158 Nunquid
736 3090 991 3160 prwbebis
1038 3109 1169 3163 equo
1209 3093 1598 3165 fortitudinem,
1647 3101 1743 3152 aut

117 3174 483 3230 circumdabis
508 3177 643 3232 collo
672 3178 787 3248 ejus
811 3179 1073 3235 hinnitum
1088 3183 1117 3238 ?

189 3320 284 3379 29.
318 3318 427 3377 Sed
457 3319 686 3379 fortasse
714 3322 868 3394 prius
896 3340 1059 3397 quam
1091 3324 1259 3398 hujus
1286 3326 1412 3399 equi
1442 3328 1737 3384 fortitudi-

119 3438 250 3479 nem
309 3416 501 3474 1010
536 3418 930 3494 hinnitumque
970 3422 1321 3492 disseramus,
1362 3425 1430 3481 ab
1458 3425 1735 3499 aliquibus

117 3511 395 3586 quaeritur
430 3519 494 3567 ut
538 3511 699 3566 aliter
740 3511 906 3568 etiam
954 3515 1264 3575 moralitate
1312 3516 1632 3588 postposita,
1681 3524 1735 3573 et

116 3600 491 3658 rhinocerotis
519 3601 720 3671 virtus,
750 3611 804 3658 et
830 3603 1165 3662 struthionis
1193 3605 1359 3678 hujus
1385 3606 1611 3663 fatuitas
1640 3622 1734 3663 ex-

115 3700 381 3766 ponatur.
414 3693 616 3748 Manna
642 3693 844 3766 quippe
865 3701 946 3749 est
965 3694 1196 3751 verbum
1226 3696 1346 3765 Dei,
1378 3705 1432 3753 et
1459 3697 1734 3770 quidquid

114 3782 259 3838 bene
288 3781 547 3838 voluntas
575 3781 929 3853 suscipientis
965 3784 1193 3855 appetit,
1236 3783 1343 3841 hoc
1380 3786 1627 3857 profecto
1673 3787 1732 3843 in

114 3889 213 3929 ore
237 3871 581 3929 comedentis
608 3870 751 3944 sapit
782 3871 985 3943 (Exod.
1017 3874 1165 3946 xvr).
1198 3874 1364 3930 Terra
1392 3882 1475 3931 est
1502 3875 1733 3933 verbum

113 3963 244 4031 Dei,
292 3978 459 4035 quam
516 3969 724 4035 quanto
766 3961 924 4018 labor
968 3961 1300 4035 inquirentis
1340 3966 1535 4037 exigit,
1580 3973 1732 4022 tanto

113 4052 328 4125 largius
356 4052 601 4110 fructum
636 4051 839 4109 reddit.
884 4052 1060 4110 Debet
1094 4070 1220 4127 ergo
1250 4055 1563 4112 intellectus
1591 4056 1732 4113 sacri

112 4141 329 4216 eloquii
385 4143 684 4216 multiplici
737 4143 1102 4216 inquisitione
1158 4145 1438 4214 ventilari,
1493 4145 1622 4217 quia
1678 4153 1732 4201 et

116 4242 289 4298 terra,
322 4249 442 4306 qua
481 4232 681 4306 saepius
712 4232 920 4289 arando
949 4233 1206 4303 vertitur,
1236 4235 1307 4291 ad
1334 4235 1546 4307 frugem
1585 4235 1731 4292 ube-

113 4324 237 4379 rius
284 4330 524 4397 aptatur.
566 4322 699 4391 Quae
727 4323 898 4396 igitur
925 4331 981 4380 et
1008 4323 1170 4380 aliter
1195 4324 1263 4381 de
1291 4323 1640 4382 rhinocerote
1667 4343 1731 4387 ac

112 4418 439 4477 struthione
486 4418 778 4487 sentimus,
821 4418 924 4475 sub
971 4417 1241 4475 brevitate
1284 4417 1725 4491 perstringimus,

111 4511 250 4586 quia
276 4509 349 4566 ad
377 4526 439 4567 ea
467 4526 589 4584 quas
620 4511 640 4545 ³
672 4509 1001 4582 obligatiora
1028 4516 1177 4577 sunt,
1207 4507 1498 4565 enodanda
1520 4524 1729 4582 prope-

892 366 1266 426 MORALIUM
1310 373 1441 430 LIB.
1485 375 1693 433 XXXI.
1734 411 1805 422 -—
1843 371 1925 439 IN.
1953 384 2180 443 CAPUT
2220 392 2463 449 XXXIX
2503 397 2564 452 B.
2606 398 2747 455 JOB.

3371 413 3479 471 590

1862 509 2085 581 phantis
2110 516 2329 587 quando
2360 526 2637 576 certamen
2668 526 3002 598 aggreditur,
3029 547 3093 588 eo
3124 550 3298 593 cornu
3330 538 3480 611 quod

1877 598 1936 654 in
1966 618 2096 658 nare
2139 604 2492 677 singulariter
2533 618 2724 680 gestat,
2777 625 3019 673 ventrem
3066 598 3477 684 adversantium

1875 689 2036 748 ferire
2072 694 2410 768 perhibetur,
2442 707 2504 755 ut
2533 718 2658 757 cum
2689 719 2751 759 ea
2780 719 2901 776 quae
2931 710 3184 768 molliora
3211 723 3339 772 sunt
3360 720 3478 775 vul-

1874 788 2045 850 nerat,
2079 782 2462 858 impugnantes
2490 805 2547 846 se
2575 790 2735 847 facile
2765 801 2997 851 sternat.
3030 799 3213 857 Potest
3235 804 3351 876 irgo
3383 824 3477 878 per

1873 867 2021 926 hunc
2057 872 2482 947 rhinocerotem,
2516 880 2603 935 vel
2652 890 2799 938 certe
2846 898 3274 961 monocerotem,
3316 867 3478 951 scili—

1871 966 1955 1014 cet
1976 961 2321 1035 unicornem,
2350 966 2443 1022 ille
2473 970 2708 1041 populus
2738 971 2973 1047 intelligi
2999 978 3093 1049 qui
3117 978 3249 1037 dum
3280 982 3347 1040 de
3376 1002 3479 1042 ac-

1870 1056 2026 1119 cepta
2058 1051 2173 1123 lege
2202 1071 2313 1109 non
2337 1072 2522 1127 opera,
2545 1059 2640 1114 sed
2668 1062 2840 1118 solam
2871 1063 3017 1121 inter
3041 1077 3270 1126 cunctos
3301 1069 3476 1129 homi.

1870 1150 1966 1192 nes
1998 1139 2291 1198 elationem
2321 1146 2577 1218 sumpsit,
2616 1151 2769 1221 quasi
2814 1151 2961 1210 inter
3005 1165 3228 1216 caeteras
3273 1160 3476 1219 bestias

1830 1263 1835 1268 ι
1868 1245 2041 1286 cornu
2070 1230 2347 1304 singulare
2376 1236 2626 1306 gestavit.
2664 1239 2817 1298 Unde
2846 1245 3152 1315 passionem
3184 1267 3340 1308 suam
3371 1254 3475 1310 Do-

1868 1317 2073 1388 minus,
2114 1320 2387 1393 Propheta
2414 1334 2662 1396 canente,
2704 1334 3089 1405 pronuntians,
3119 1340 3233 1396 ait:
3283 1342 3475 1399 Libera

1866 1423 1945 1462 me
1973 1408 2035 1463 de
2061 1426 2152 1465 ore
2183 1410 2361 1482 leonis,
2395 1420 2443 1468 et
2470 1415 2531 1471 de
2557 1419 2800 1475 cornibus
2830 1424 3165 1482 unicornium
3186 1429 3475 1487 humilita—

1868 1502 1962 1592 tem
1992 1516 2160 1555 meam
2206 1503 2387 1572 (Psal.
2421 1522 2541 1575 xxx,
2574 1508 2690 1580 22).
2734 1510 2836 1568 Tot
2865 1515 3067 1588 quippe
3098 1517 3157 1574 in
3184 1519 3283 1576 illa
3312 1530 3470 1592 gente

1864 1586 2179 1658 unicornes,
2212 1592 2297 1647 vel
2341 1604 2484 1651 certe
2524 1596 2899 1659 rhinocerotes
2937 1586 3293 1679 exstiterunt,
3314 1586 3470 1684 quod

1864 1685 2054 1734 contra
2078 1680 2502 1751 praedicamenta
2531 1688 2782 1748 veritatis
2811 1692 2878 1749 de
2901 1695 3035 1768 legis
3063 1680 3468 1770 operibus,—sin-

1863 1769 2039 1840 gulari
2068 1778 2121 1826 et
2149 1770 2301 1830 fatua
2328 1774 2563 1832 elatione
2583 1780 2775 1835 confisi
2798 1791 2944 1839 sunt.
2977 1769 3141 1843 Beato
3172 1789 3341 1861 igitur
3366 1791 3468 1848 Job

1784 1880 1831 1942 Β
1863 1867 2063 1916 sanctae
2091 1860 2354 1919 Ecclesiae
2383 1871 2578 1937 typum
2609 1869 2820 1926 tenenti
2852 1870 3091 1933 dicitur:

2448 2009 2677 2069 CAPUT
2725 2014 2877 2074 XVI.

1932 2120 2062 2179 CAP.
2094 2139 2296 2196 xxxrx,
2330 2127 2501 2196 Vens.
2532 2131 2586 2189 9.
2628 2161 2697 2174 -—
2715 2131 2975 2205 Nunquid
3001 2136 3139 2192 volet
3163 2136 3463 2197 rhinoceros

1859 2212 2059 2267 servire
2087 2212 2182 2269 tibi
2193 2216 2221 2270 ?

1929 2328 2017 2387 30.
2050 2333 2143 2388 Ex
2170 2334 2372 2391 Judwis
2397 2336 2578 2408 ferox,
2612 2342 2809 2399 Saulus
2826 2361 2861 2399 α
2884 2343 3095 2402 Christo
3123 2346 3372 2407 domitus.
3397 2381 3460 2394 -

1858 2418 1940 2474 Ac
1978 2420 2024 2476 si
2061 2423 2304 2493 apertius
2347 2424 2601 2485 dicatur:
2652 2432 2918 2505 Nunquid
2963 2433 3123 2491 illum
3169 2440 3460 2511 populum,

1856 2524 2020 2581 quem
2067 2513 2351 2585 superbire
2384 2517 2441 2571 in
2467 2534 2598 2574 nece
2628 2520 2874 2577 fidelium
2903 2526 3072 2581 stulta
3099 2543 3199 2584 sua
3222 2529 3461 2586 elatione

1855 2603 2194 2674 consideras,
2234 2607 2336 2663 sub
2379 2607 2502 2679 jure
2555 2618 2661 2667 tuae
2719 2615 3128 2686 praedicationis
3180 2619 3459 2678 inclinas?

1852 2692 2117 2749 subaudis
2150 2703 2211 2750 ut
2240 2712 2360 2768 ego,
2392 2700 2486 2771 qui
2518 2708 2570 2755 et
2614 2713 2808 2760 contra
2852 2722 2939 2762 me
2986 2707 3147 2763 illum
3193 2709 3460 2781 singulari

1851 2797 2023 2836 cornu
2052 2784 2245 2839 extolli
2275 2790 2574 2861 conspicio,
2605 2798 2659 2847 et
2688 2800 2872 2851 tamen
2906 2796 3045 2852 mihi
3073 2813 3200 2855 cum
3232 2798 3459 2856 voluero

1852 2872 2103 2942 protinus
2128 2873 2322 2930 subdo.
2349 2877 2454 2933 Sed
2477 2879 2582 2937 hoc
2610 2883 2803 2938 melius
2824 2887 3186 2956 ostendimus,
3211 2889 3256 2945 si
3278 2890 3345 2946 de
3368 2908 3457 2963 ge-

1851 2976 1980 3016 nere
1995 2961 2063 3017 ad
2078 2963 2314 3034 speciem
2335 2972 2604 3023 transeam
2612 2986 2695 3026 us.
2719 2971 2818 3026 Ille
2837 2988 2965 3044 ergo
2977 2990 3046 3030 ex
3062 2976 3169 3034 hoc
3185 2961 3388 3049 populo
3405 2988 3457 3035 et

1850 3051 2002 3123 prius
2024 3053 2080 3108 in
2102 3055 2376 3125 superbia,
2410 3067 2463 3114 et
2492 3060 2841 3130 postmodum
2872 3066 3181 3136 praecipuus
3212 3069 3368 3124 testis
3396 3075 3453 3124 ln

1850 3141 2166 3201 humilitate
2180 3145 2341 3203 nobis
2357 3148 2422 3205 ad
2446 3149 2691 3206 medium
2713 3152 2915 3210 Paulus
2934 3154 3185 3224 ducatur,
3204 3156 3299 3230 qui
3320 3157 3451 3214 dum

1770 3265 1815 3326 ο
1850 3245 2041 3292 contra
2068 3239 2245 3294 Deum
2275 3256 2331 3295 se
2360 3241 2514 3313 quasi
2539 3241 2605 3297 de
2635 3242 2887 3326 custodia
2915 3245 3050 3317 legis
3080 3247 3328 3305 nesciens
3354 3266 3454 3305 ex-

1848 3327 1997 3395 tulit,
2027 3344 2201 3384 cornu
2229 3328 2287 3385 in
2313 3346 2446 3386 nare
2478 3331 2729 3403 gestavit.
2756 3316 2909 3389 Unde
2935 3316 2990 3389 et
3014 3334 3121 3392 hoc
3149 3335 3330 3408 ipsum
3360 3355 3452 3393 na-

1846 3415 1922 3470 ris
1967 3432 2141 3472 cornu
2188 3434 2285 3490 per
2339 3419 2711 3477 humilitatem
2760 3422 3111 3494 postmodum
3158 3424 3451 3496 inclinans,

1846 3504 2015 3562 dicit:
2046 3508 2150 3575 Qui
2171 3509 2329 3580 prius
2351 3509 2438 3579 fui
2457 3511 2804 3582 blasphemus,
2840 3520 2888 3568 et
2909 3522 3234 3586 persecutor,
3264 3523 3314 3572 et
3336 3535 3453 3573 con-

1848 3597 2149 3653 tumeliosus
2167 3616 2185 3654 .·
2234 3599 2323 3654 sed
2364 3601 2784 3658 misericordiam
2828 3603 2929 3660 Dei
2971 3612 3270 3662 consecutus
3315 3624 3451 3678 sum,

1844 3686 1971 3756 quia
1990 3688 2245 3758 ignorans
2268 3690 2370 3761 feci
2386 3693 2452 3765 (Ι
2480 3694 2610 3749 Tim.
2644 3711 2684 3762 ι,
2705 3694 2818 3767 13).
2838 3696 2900 3751 In
2931 3712 3061 3752 nare
3093 3713 3263 3753 cornu
3281 3706 3451 3770 gesta-

1843 3774 1955 3845 bat,
1992 3778 2088 3852 qui
2117 3780 2447 3851 placiturum
2469 3800 2525 3839 se
2540 3785 2654 3839 Deo
2673 3783 2741 3840 de
2762 3784 3087 3842 crudelitate
3116 3787 3447 3859 conﬁdebat,

1844 3867 1987 3924 sicut
2020 3869 2135 3941 ipse
2165 3874 2518 3943 postmodum
2546 3876 2899 3948 semetipsum
2917 3878 3248 3952 redarguens
3276 3880 3443 3937 dicit:

1843 3959 1918 4014 Et
1937 3961 2277 4032 proﬁciebam
2314 3962 2372 4017 in
2408 3963 2685 4020 Judaismo
2721 3981 2889 4037 supra
2933 3969 3126 4023 multos
3167 3976 3450 4025 cowtaneos

1841 4064 1980 4104 meos
2007 4049 2065 4104 in
2099 4068 2281 4121 genere
2306 4069 2440 4117 meo,
2486 4053 2847 4110 abundantius
2891 4058 3173 4113 wmulator
3220 4059 3449 4114 existens

1836 4143 2190 4209 paternarum
2216 4158 2456 4197 mearum
2485 4142 2831 4198 traditionum
2858 4145 3071 4215 (Galat.
3104 4164 3144 4215 ι,
3175 4146 3288 4221 14).
3321 4148 3449 4204 Hu-

1835 4223 1929 4297 jus
1957 4236 2140 4285 autem
2171 4227 2539 4287 rhinocerotis
2584 4231 2971 4288 fortitudinem
3007 4233 3191 4290 omnis
3218 4244 3449 4291 venator

1841 4318 2124 4388 extimuit,
2161 4319 2290 4393 quia
2317 4320 2498 4377 Saulis
2526 4321 2795 4378 saevitiam
2826 4322 3205 4397 unusquisque
3238 4326 3449 4399 praedi-

1840 4415 1992 4463 cator
2018 4410 2264 4481 expavit.
2297 4410 2575 4483 Scriptum
2606 4428 2843 4486 namque
2872 4420 2953 4469 est
2978 4430 2989 4468 :
3042 4413 3240 4471 Saulus
3276 4415 3448 4471 adhuc

1840 4496 1863 4531 ⁴
1892 4498 2107 4569 spirans
2145 4501 2417 4557 minarum
2450 4508 2635 4565 1011
2670 4509 2718 4557 et
2744 4503 2901 4559 credis
2927 4504 2985 4557 in
3011 4503 3301 4575 discipulos
3326 4505 3447 4561 Do-

111 4616 324 4658 ramus.
360 4596 499 4674 [νει.
533 4598 680 4656 XIII
683 4596 723 4673 .]
746 4598 1085 4655 Rhinoceros
1115 4598 1238 4666 iste,
1271 4598 1366 4671 qui
1400 4598 1564 4654 etiam
1596 4616 1726 4656 mo—
1755 4632 1805 4692 Β
1836 4596 1992 4698 mini,
2009 4599 2249 4703 accessit
2260 4599 2331 4655 ad
2354 4598 2650 4703 principem
2677 4601 3045 4703 sacerdotum,
3063 4606 3121 4702 et
3130 4602 3287 4674 petiit
3304 4601 3370 4703 ab
3390 4620 3445 4657 eo

111 4709 350 4750 noceros
391 4691 451 4747 in
480 4689 686 4748 Graecis
728 4688 1136 4762 exemplaribus
1175 4688 1514 4759 nominatur,
1558 4697 1724 4746 tantas
1756 4687 1796 4692 ”
1833 4688 2084 4759 epistolas
2112 4687 2174 4743 in
2198 4689 2521 4745 Damascum
2548 4690 2621 4744 ad
2644 4707 2957 4763 synagogas,
2987 4697 3049 4746 ut
3073 4691 3121 4746 si
3149 4708 3281 4763 quos
3306 4692 3446 4748 inve-

110 4802 233 4843 esse
262 4782 610 4842 fortitudinis
635 4782 861 4851 dicitur,
893 4788 957 4837 ut
982 4781 1138 4837 nulla
1164 4779 1487 4837 venantium
1519 4781 1723 4838 virtute

109 4878 400 4951 capiatur;
430 4875 525 4933 sed
549 4875 695 4932 sicut
721 4874 781 4930 hi
809 4880 1081 4941 asserunt,
1105 4873 1202 4946 qui
1230 4872 1606 4930 describendis
1629 4889 1723 4930 na-

114 4967 259 5025 turis
289 4965 613 5023 animalium
636 4964 909 5022 laboriosa
924 4963 1347 5035 investigatione
1362 4962 1721 5036 sudaverunt,

111 5062 276 5132 virgo
296 5058 346 5115 ei
358 5060 542 5132 puella
570 5058 916 5131 proponitur,
939 5073 1059 5130 qua:
1089 5055 1158 5112 ad
1184 5072 1239 5112 se
1268 5056 1516 5111 venienti
1539 5056 1725 5112 sinum

111 5150 316 5224 aperit,
342 5149 401 5205 in
431 5165 540 5224 quo
569 5148 664 5204 ille
692 5148 846 5204 omni
886 5147 1171 5203 ferocitate
1214 5145 1518 5218 postposita
1563 5152 1726 5217 caput

110 5239 368 5312 deponit,
411 5240 600 5313 sicque
625 5237 696 5294 ab
724 5238 803 5295 eis
830 5255 862 5293 a
890 5237 1093 5311 quibus
1134 5236 1257 5310 capi
1300 5236 1586 5308 quaeritur,
1628 5250 1727 5291 re-

111 5338 281 5404 pente
308 5331 463 5387 velut
492 5330 721 5386 inermis
752 5327 895 5403 [Al.,
926 5327 1184 5403 enervus]
1214 5327 1516 5383 invenitur.
1549 5325 1726 5382 Buxei

111 5436 336 5497 quoque
367 5420 570 5479 coloris
599 5436 714 5479 esse
742 5419 1094 5491 describitur,
1125 5419 1223 5494 qui
1252 5418 1418 5476 etiam
1447 5433 1573 5475 cum
1602 5415 1724 5472 ele-

190 5668 465 5753 ἤθει-ιιι,
494 5668 669 5753 Laud.
711 5677 767 5728 et
793 5669 919 5753 val.
952 5669 1085 5753 _Cl.,
1123 5668 1421 5753 pejora
1462 5666 1724 5740 pondera.

114 5744 283 5823 Core.-
313 5740 503 5823 βεεᾲι·
536 5751 831 5823 ιιιιῑθηιίιιιθ
862 5743 987 5823 lect
1022 5740 1287 5823 θάιιιίηῖτο
1443 5813 1452 5823 .
1527 5811 1538 5823 .

185 5818 209 5853 ²
231 5818 360 5875 Val.
393 5815 504 5883 CL,
536 5832 587 5869 se
616 5816 669 5869 in
697 5814 1074 5869 irritationem.
1114 5814 1323 5883 Germ.,
1353 5831 1405 5869 se
1432 5814 1487 5867 in
1518 5814 1729 5868 irrisio-

112 5906 252 5945 nem.

1830 4777 1994 4832 uisset
2018 4778 2182 4848 hujus
2205 4778 2305 4834 vice
2329 4779 2477 4834 viros
2505 4796 2568 4835 ac
2595 4780 2861 4846 mulieres,
2910 4780 3111 4835 vinctos
3135 4780 3447 4852 perduceret

1831 4867 1888 4921 in
1910 4868 2207 4923 Jerusalem
2225 4869 2375 4940 (Act.
2407 4885 2488 4938 1x,
2521 4869 2574 4937 1,
2607 4869 2688 4942 2).
2712 4867 2850 4926 Cum
2874 4868 3034 4926 ﬂatus
3054 4885 3184 4926 nare
3214 4868 3445 4925 redden-

1833 4956 1936 5012 dus
1965 4956 2229 5023 trahitur,
2246 4958 2475 5029 spiratio
2500 4967 2749 5027 vocatur,
2772 4968 2825 5015 et
2851 4960 2994 5016 illud
3013 4975 3156 5031 saepe
3186 4975 3283 5031 per
3312 4958 3443 5014 odo-

1833 5065 1949 5103 rem
1979 5063 2108 5103 nare
2136 5047 2619 5120 deprehendimus,
2640 5047 2788 5121 quod
2817 5048 2996 5104 oculis
3024 5063 3137 5103 non
3162 5046 3437 5106 videmus.

1834 5138 2174 5196 Rhinoceros
2201 5152 2329 5209 ergo
2360 5137 2461 5192 iste
2489 5153 2621 5194 nare
2651 5135 2894 5208 gestabat
2939 5153 3113 5193 cornu
3149 5152 3258 5209 quo
3307 5152 3445 5208 per—

1835 5234 2063 5295 cuteret,
2093 5227 2223 5299 quia
2252 5226 2529 5283 minarum
2546 5235 2600 5282 et
2615 5226 2853 5284 casdisin
2882 5225 3109 5282 Domini
3137 5224 3442 5298 discipulos

1834 5318 2070 5390 spirans,
2100 5323 2388 5391 postquam
2439 5324 2732 5389 praesentes
2779 5316 3149 5381 interfecerat,
3192 5314 3442 5374 absentes

1836 5405 2130 5481 quaerebat.
2162 5405 2269 5462 Sed
2297 5422 2422 5463 ecce
2460 5404 2643 5463 omnis
2682 5414 2810 5463 ante
2857 5404 3017 5463 illum
3059 5408 3295 5461 venator
3331 5404 3443 5462 ab-

1908 5661 1933 5702 3
1959 5660 2088 5747 Ed”
2121 5661 2661 5747 obligatoriaLmale;
2707 5658 2800 5720 hic
2841 5658 3160 5734 obligatoria
3191 5658 3440 5734 intellige

1839 5735 2014 5809 magis
2043 5736 2210 5809 ligata
2234 5734 2291 5792 et
2320 5734 2621 5817 implicata.
2795 5807 2807 5818 .

1912 5808 1934 5842 ὀ
1962 5808 2161 5865 Pratel.
2197 5823 2262 5865 ac
2289 5807 2458 5875 Utic.,
2489 5823 2703 5878 spirans
2730 5823 2905 5864 minas
2933 5812 2980 5862 et
3006 5809 3187 5865 credes.
