3936 6388
507 320 611 378 591

1713 325 1962 382 SANCTI
2001 326 2337 384 GREGORII
2373 329 2600 388 MAGNI

3708 340 3818 395 592

505 443 810 540 sconditur,
842 441 999 540 idest
1027 443 1209 540 omnis
1239 443 1405 502 homo
1437 447 1700 504 rationale
1731 449 1946 521 sapiens
1974 449 2108 521 opi-
2133 482 2185 540 Α
2211 468 2331 525 quas
2361 456 2580 512 excisus
2611 464 2792 512 aratro
2821 456 2949 513 ﬁdei
2977 458 3162 515 sulcus
3189 459 3371 517 cordis
3403 461 3693 534 exciperet
3726 479 3822 535 per

503 534 670 590 nione
703 531 920 625 timoris
948 531 1066 625 ejus
1095 534 1383 608 eﬁ'ugatur.
1413 538 1484 595 Ut
1511 554 1638 611 ergo
1663 538 1811 596 hunc
1841 538 2107 596 rhinoce-
2133 531 2185 540 ”
2214 544 2520 602 custodiam
2565 545 2759 603 litterae
2792 551 2983 610 1012
3007 563 3191 620 pressa
3219 531 3553 622 deperirent:
3595 553 3680 608 De
3711 531 3820 625 quo

503 627 678 677 rotem
709 619 908 694 capiat,
942 621 1126 680 sinum
1176 641 1336 681 suum
1381 626 1557 699 virgo,
1606 626 1664 683 id
1709 635 1791 683 est
1835 634 2103 683 secretum

501 726 666 767 suum
696 709 813 783 ipsa
841 727 937 784 per
963 729 1020 768 se
1054 715 1069 748 ¹
1103 713 1370 772 inviolata
1397 717 1456 772 in
1493 733 1656 773 carne
1697 715 1796 772 Dei
1840 716 2107 788 sapientia

503 799 795 872 expandat.
827 799 1104 873 Scriptum
1134 803 1334 876 quippe
1351 812 1432 860 est
1447 805 1593 878 quod
1623 821 1748 860 cum
1778 807 2104 864 Damascum

504 899 768 964 pergeret,
801 889 985 947 subito
1015 892 1385 950 circumfulsit
1416 895 1575 951 illum
1606 895 1694 952 die
1713 895 1894 952 media
1914 897 2011 952 lux
2040 895 2108 952 de

503 981 664 1048 ccelo,
694 986 747 1034 et
775 996 884 1034 vox
917 980 1058 1037 facta
1089 990 1188 1051 est,
1230 984 1420 1040 dicens
1454 1003 1465 1041 :
1517 987 1699 1054 Saule,
1749 985 1930 1055 Saule,
1973 984 2108 1058 quid

503 1085 592 1125 me
620 1069 1004 1142 persequeris?
1042 1071 1148 1138 Qui
1182 1081 1490 1144 prostratus
1518 1073 1576 1130 in
1607 1081 1753 1130 terra
1783 1074 2102 1147 respondit:

503 1158 639 1225 Quis
666 1173 745 1224 es,
764 1159 1044 1216 Domine?
1074 1159 1176 1216 Cui
1208 1161 1359 1219 illico
1389 1163 1624 1220 dicitur:
1657 1165 1774 1236 Ego
1803 1181 1924 1220 sum
1953 1164 2108 1220 Jesus

502 1248 833 1315 Nazarenus,
873 1264 1038 1321 quem
1067 1256 1128 1304 tu
1151 1253 1494 1326 persequeris
1528 1253 1668 1326 (Act.
1694 1270 1772 1321 1x,
1796 1253 1850 1322 4,
1875 1254 1930 1321 5,
1948 1253 2104 1325 seq.).

502 1335 675 1407 Virgo
704 1333 969 1391 nimirum
991 1335 1327 1394 rhinoceroti
1350 1341 1532 1395 sinum
1550 1357 1709 1396 suum
1725 1339 1959 1412 aperuit,
1980 1353 2108 1394 cum

503 1424 668 1480 Saulo
725 1423 1042 1497 incorrupta
1090 1426 1190 1482 Dei
1247 1428 1513 1500 sapientia
1570 1427 1966 1486 incarnationis
1997 1443 2108 1482 suae

505 1517 830 1590 mysterium
861 1517 928 1574 de
958 1517 1096 1574 ccelo
1125 1517 1400 1591 loquendo
1431 1518 1716 1592 patefecit;
1751 1525 1806 1574 et
1831 1515 2110 1574 fortitudi-

503 1624 629 1664 nem
661 1624 816 1664 suam
844 1607 1166 1664 rhinoceros
1201 1606 1464 1679 perdidit,
1504 1608 1633 1680 quia
1664 1613 1966 1680 prostratus
1995 1605 2110 1661 hu-

505 1699 606 1766 mi,
636 1713 798 1754 omne
827 1697 973 1771 quod
1001 1696 1298 1769 superbum
1320 1697 1569 1755 tumebat
1587 1698 1792 1755 amisit.
1827 1697 1931 1765 Qui
1951 1697 2106 1766 dum,

505 1786 721 1844 sublato
749 1788 1037 1843 oculorum
1069 1787 1301 1855 lumine,
1339 1803 1508 1843 manu
1540 1787 1610 1844 ad
1636 1787 1909 1843 Ananiam
1941 1785 2108 1842 duci-

506 1885 619 1945 tur,
650 1884 798 1948 patet
819 1874 934 1948 jam
964 1849 1298 1933 rhinoceros,
1325 1876 1452 1945 iste,
1495 1876 1696 1949 quibus
1724 1875 1823 1932 Dei
1855 1875 1986 1931 loris
2015 1890 2113 1931 as-
2139 1849 2186 1910 Β

507 1965 790 2037 tringitur,
820 1966 950 2038 quia
991 1965 1252 2022 videlicet
1293 1982 1405 2021 uno
1455 1965 1513 2020 in
1555 1972 1802 2036 tempore
1845 1966 2108 2033 caecitate,

507 2053 914 2128 praedicatione,
946 2054 1272 2128 baptismate
1303 2055 1524 2128 ligatur.
1574 2054 1681 2122 Qui
1721 2053 1886 2109 etiam
1916 2053 1984 2109 ad
2011 2053 2111 2109 Dei

506 2161 760 2219 praesaepe
791 2153 1036 2202 moratus
1067 2152 1167 2212 est,
1187 2144 1316 2218 quia
1336 2144 1616 2200 ruminare
1639 2143 1805 2199 verba
1825 2142 2111 2215 Evangelii

507 2235 835 2308 dedignatus
863 2251 976 2292 non
1007 2242 1107 2291 est.
1137 2235 1233 2290 Ait
1261 2235 1410 2290 enim
1435 2251 1448 2290 :
1483 2233 1710 2291 Ascendi
1732 2234 2113 2304 Jerosoly-mam

507 2341 626 2380 cum
654 2325 936 2395 Barnaba,
977 2331 1250 2398 assumpto
1277 2331 1324 2380 et
1357 2327 1491 2382 Tito.
1541 2324 1771 2380 Ascendi
1819 2329 1995 2379 autem
2041 2340 2112 2378 se-

507 2415 736 2472 cundum
762 2415 1150 2484 reuelationem,
1181 2421 1230 2470 et
1256 2415 1454 2472 contuli
1482 2431 1598 2470 cum
1626 2414 1736 2470 illis
1764 2413 2114 2484 Evangelium

509 2506 716 2578 (Galat.
750 2521 813 2574 II,
845 2505 899 2570 1,
931 2505 1010 2578 2).
1043 2506 1115 2561 Et
1143 2505 1240 2578 qui
1269 2505 1420 2576 prius
1441 2503 1666 2578 jejunus
1694 2503 1972 2560 audierat:
2005 2503 2116 2559 Du-

505 2610 630 2649 rum
657 2600 735 2650 est
761 2593 856 2648 tibi
883 2599 1069 2649 contra
1089 2593 1364 2648 stimulum
1390 2593 1670 2649 calcitrare
1715 2592 1862 2661 (Act.
1895 2607 1975 2658 1x,
2006 2591 2064 2662 5)
2095 2607 2108 2645 :

508 2682 650 2738 mira
703 2681 1055 2754 postmodum
1110 2681 1317 2736 virtute
1367 2681 1712 2754 praesidentis
1758 2697 1994 2753 pressus,
2043 2695 2113 2736 ex

509 2769 667 2826 verbi
726 2769 930 2844 pabulo
976 2770 1123 2826 vires
1169 2768 1431 2840 obtinuit,
1474 2777 1529 2827 et
1583 2772 1788 2828 calcem
1843 2769 2111 2842 superbia

509 2859 714 2918 amisit.

583 2950 670 3006 31.
704 2950 810 3006 Iste
835 2949 1138 3005 rhinoceros
1167 2949 1238 3004 ad
1265 2965 1456 3021 agrum
1493 2949 1820 3005 dominicum
1841 2949 2112 3005 arandum

510 3039 720 3111 ligatus.
764 3068 836 3080 -—
879 3039 1037 3094 Loris
1065 3055 1282 3112 quoque
1312 3039 1412 3094 Dei
1449 3054 1562 3094 non
1591 3046 1806 3094 tantum
1837 3055 1867 3094 a
1897 3039 2110 3093 feritate

507 3130 881 3202 restringitur,
916 3129 1012 3185 sed
1038 3129 1187 3202 quod
1215 3129 1389 3200 magis
1416 3129 1490 3186 sit
1517 3128 1790 3196 mirabile,
1835 3127 1905 3184 ad
1942 3143 2113 3183 aran-

2213 645 2350 702 bene
2377 645 2560 703 adhuc
2586 645 2877 703 subditur:

2783 735 3010 793 CAPUT
3040 737 3242 796 XVIII.

2288 825 2460 882 Vens.
2493 827 2576 882 11.
2599 856 2669 868 -
2696 827 2952 897 Nunquid
2977 827 3226 898 ﬁduciam
3263 828 3473 885 habebis
3517 827 3579 883 in
3625 845 3824 899 magna

2215 914 2528 986 fortitudine
2555 917 2688 986 ejus,
2717 922 2765 972 et
2790 916 3113 988 derelinques
3139 919 3186 973 ei
3215 919 3419 975 labores
3447 921 3607 976 tuos?

2287 1003 2374 1062 33.
2399 1007 2464 1061 In
2493 1007 2606 1076 ejus
2633 1005 2949 1075 fortitudine
2985 1023 3145 1077 quam
3171 1009 3313 1064 Deus
3339 1009 3596 1080 ﬁduciam
3623 1009 3824 1064 habue-

2216 1095 2309 1151 rit.
2340 1126 2412 1137 —
2455 1096 2519 1150 In
2565 1095 2930 1153 rhinocerotis
2972 1095 3138 1170 hujus
3182 1096 3511 1154 fortitudine
3555 1096 3824 1154 ﬁduciam

2216 1185 2363 1240 Deus
2391 1183 2608 1252 habuit,
2646 1185 2774 1258 quia
2811 1194 3018 1259 quanto
3047 1187 3206 1242 illum
3237 1185 3518 1244 crudelius
3543 1187 3656 1243 sibi
3687 1187 3827 1243 dura

2217 1273 2542 1330 inferentem
2559 1275 2804 1346 pertulit,
2837 1284 2990 1332 tanto
3010 1292 3108 1348 pro
3136 1291 3192 1332 se
3211 1276 3557 1332 constantius
3586 1276 3826 1331 toleran-

2216 1370 2328 1419 tem
2369 1363 2596 1420 adversa
2624 1365 2919 1436 praescivit.
2959 1364 3062 1422 Cui
3097 1365 3307 1422 labores
3345 1365 3510 1421 etiam
3541 1381 3684 1439 quos
3712 1365 3827 1436 ipse

2217 1454 2276 1510 in
2304 1471 2468 1512 carne
2496 1457 2792 1527 pertulerat
2820 1456 3135 1529 dereliquit,
3158 1456 3286 1528 quia
3301 1471 3631 1513 conversum
3661 1454 3827 1510 illum

2217 1563 2390 1619 usque
2414 1545 2484 1602 ad
2515 1546 2880 1602 imitationem
2913 1546 3146 1618 propriis
3162 1546 3432 1618 passionis
3451 1545 3644 1601 traxit.
3670 1543 3829 1601 Unde

2218 1647 2272 1694 et
2299 1654 2396 1710 per
2413 1635 2669 1692 eumdem
2691 1635 3092 1692 rhinocerotem
3113 1635 3319 1692 dicitur
3339 1653 3350 1690 :
3386 1636 3615 1706 Suppleo
3630 1651 3694 1690 ea
3712 1650 3832 1704 qua.-

2217 1728 2403 1782 desunt
2424 1726 2734 1798 passionum
2757 1725 2957 1781 Christi
2982 1725 3039 1780 in
3067 1742 3226 1780 carne
3251 1724 3616 1795 mea(Coloss.
3637 1740 3678 1790 ι,
3702 1722 3822 1794 24).

2219 1817 2294 1872 De
2325 1832 2433 1888 quo
2461 1814 2644 1871 adhuc
2671 1814 2928 1871 subditur
2957 1833 2968 1871 :

2814 1939 3042 1997 CAPUT
3067 1939 3221 1996 XIX.

2293 2031 2465 2089 Vens.
2492 2029 2577 2088 I2.
2609 2061 2679 2072 —
2707 2030 2964 2100 Nunquid
2992 2029 3164 2084 credes
3204 2028 3290 2084 illi
3327 2028 3470 2100 quod-
3513 2027 3706 2084 reddat
3737 2045 3830 2082 se-

2222 2129 2439 2178 mentem
2469 2123 2580 2192 tibi,
2611 2129 2660 2177 et
2685 2139 2866 2178 aream
2897 2129 3041 2178 tuam
3069 2127 3334 2193 congreget
3354 2123 3382 2178 ?

2295 2213 2382 2269 34.
2400 2213 2599 2269 Arcam
2613 2214 2714 2270 Dei
2723 2213 2880 2284 prius
2897 2212 3186 2281 uentilauit,
3199 2217 3380 2284 postea
3399 2207 3830 2280 congregavit.—

2225 2302 2646 2360 Consideremus
2674 2301 2898 2359 Saulum
2930 2301 3054 2375 quis
3081 2301 3269 2370 fuerit,
3299 2317 3426 2356 cum
3454 2299 3523 2355 ab
3552 2299 3669 2371 ipsa
3699 2298 3826 2354 ado-

2225 2393 2482 2450 lescentia
2504 2391 2866 2465 lapidantium
2890 2391 3110 2464 adjutor
3129 2391 3408 2458 existeret,
3439 2404 3567 2446 cum
3594 2387 3707 2444 alia
3726 2388 3827 2443 Ec-

2223 2483 2402 2540 clesia;
2442 2485 2559 2540 loca
2590 2490 2846 2551 vastaret,
2892 2491 2947 2538 et
2991 2482 3228 2554 acceptis
3271 2479 3518 2554 epistolis
3559 2475 3828 2534 vastanda

2224 2574 2332 2630 alia
2371 2581 2598 2646 peteret,
2629 2591 2755 2630 cum
2786 2590 2934 2630 mors
2962 2573 3013 2630 ei
3038 2571 3289 2628 fidelium
3332 2568 3487 2625 nulla
3527 2567 3826 2636 sufﬁceret,

2223 2665 2319 2722 sed
2349 2682 2562 2738 semper
2587 2665 2655 2721 ad
2685 2664 2920 2721 aliorum
2942 2662 3229 2719 interitum
3259 2661 3385 2717 aliis
3413 2659 3708 2717 exstinctis
3734 2676 3828 2714 an-

2224 2754 2432 2813 helaret
2489 2757 2628 2829 (Act.
2675 2757 2811 2828 vn);
2871 2762 2926 2811 et
2959 2753 3202 2827 profecto
3257 2752 3646 2826 cognoscimus
3699 2749 3831 2823 quia

2222 2849 2412 2905 nullus
2445 2857 2572 2906 tunc
2601 2847 2850 2904 ﬁdelium
2878 2847 3142 2914 crederet,
3175 2841 3324 2918 quod
3350 2841 3421 2899 ad
3443 2840 3644 2915 jugum
3683 2843 3831 2898 Deus

2223 2955 2333 2995 suae
2364 2937 2678 2995 formidinis
2708 2937 2822 2993 vim
2852 2943 3017 2993 tanta
3047 2936 3302 2993 elationis
3331 2934 3648 2992 inclinaret.
3673 2931 3830 2988 Unde

2223 3037 2275 3084 et
2305 3029 2547 3085 Ananias
2576 3045 2708 3084 voce
2748 3027 3028 3084 dominica
3067 3027 3216 3083 hunc
3261 3033 3316 3082 et
3352 3032 3646 3098 postquam
3685 3039 3830 3080 con—

2223 3137 2442 3177 versum
2471 3119 2708 3189 audivit,
2731 3119 3012 3187 extimuit,
3044 3117 3268 3174 dicens:
3303 3115 3546 3183 Domine,
3578 3114 3770 3170 audivi
3795 3129 3829 3169 α

505 3217 639 3273 dum
686 3218 910 3290 ligatur,
958 3225 1020 3273 ut
1067 3234 1181 3274 non
1234 3219 1413 3275 solum
1463 3217 1716 3274 homines
1771 3216 2116 3274 crudelitatis
2147 3211 2192 3272 Ο
2221 3213 2402 3268 multis
2431 3213 2493 3266 de
2531 3211 2646 3267 viro
2674 3211 2767 3266 hoc
2803 3216 3004 3282 quanta
3031 3210 3176 3264 mala
3205 3207 3398 3262 sanctis
3429 3207 3532 3261 tuis
3559 3204 3751 3276 fecerit
3777 3206 3828 3260 in

510 3323 686 3364 cornu
712 3321 826 3361 non
855 3307 1106 3378 impetat,
1136 3306 1232 3362 sed
1261 3323 1452 3362 eorum
1483 3307 1650 3362 etiam
1687 3307 1972 3362 refectioni
2004 3324 2112 3364 ser-

508 3397 688 3465 viens,
719 3399 962 3451 aratrum
996 3395 1406 3467 praedicationis
1434 3395 1636 3452 trahat.
1669 3398 1786 3468 Ipse
1817 3397 2016 3470 quippe
2046 3397 2113 3453 de

507 3484 1011 3558 evangelizantibus
1040 3485 1198 3556 quasi
1216 3485 1283 3540 de
1298 3485 1581 3542 arantibus
1600 3485 1768 3542 dicit:
1801 3487 1960 3542 Debet
1976 3487 2115 3542 enim

505 3577 566 3631 in
592 3592 681 3647 spe
707 3575 800 3646 qui
827 3581 954 3630 arat
978 3591 1175 3640 arare;
1215 3581 1262 3628 et
1307 3574 1400 3644 qui
1431 3575 1671 3643 triturat,
1703 3574 1759 3630 in
1788 3592 1876 3647 spe
1902 3575 2112 3646 fructus

501 3667 828 3740 percipiendi
850 3666 909 3735 (1
943 3665 1069 3722 Cor.
1092 3681 1173 3735 1x,
1198 3665 1310 3737 10).
1343 3664 1453 3732 Qui
1481 3665 1650 3738 igitur
1668 3673 1940 3722 tormenta
1960 3667 2114 3738 prius

506 3755 764 3812 fidelibus
784 3755 1140 3826 irrogaverat,
1171 3761 1226 3809 et
1258 3769 1357 3825 pro
1384 3753 1491 3810 fide
1522 3755 1871 3826 postmodum
1900 3755 2114 3827 ﬂagella

507 3844 743 3900 libenter
773 3851 974 3916 portat,
1006 3843 1101 3916 qui
1130 3843 1349 3916 scriptis
1385 3843 1552 3899 etiam
1585 3845 1830 3917 epistolis
1861 3846 1883 3880 ⁸
1914 3845 2112 3901 humi-

505 3934 574 3990 lis
602 3951 666 3992 ac
693 3934 978 4008 despectus
1005 3933 1286 4006 praedicat,
1317 3933 1467 4008 quod
1497 3933 1706 3990 dudum
1729 3934 2112 3992 terribilisim-

504 4023 810 4096 pugnabat;
860 4023 1105 4096 profecto
1144 4023 1281 4078 bene
1313 4023 1514 4095 ligatus
1541 4024 1644 4080 sub
1672 4032 1854 4082 aratro
1882 4024 2113 4082 desudat

503 4113 572 4168 ad
601 4121 859 4186 segetem,
877 4113 972 4186 qui
991 4113 1216 4170 vivebat
1231 4113 1292 4170 in
1305 4129 1501 4186 campo
1521 4115 1662 4172 male
1684 4115 1822 4170 liber
1840 4131 1872 4170 a
1887 4115 2106 4174 timore.

509 4202 588 4256 De
610 4217 719 4274 quo
748 4208 895 4258 recte
913 4201 1154 4258 dicitur:

880 4353 1106 4411 CAPUT
1144 4355 1301 4412 XVII
1337 4353 1476 4428 [νει.
1513 4355 1695 4430 XIV].

577 4473 750 4531 Vens.
784 4473 872 4530 10.
893 4504 963 4515 -
982 4474 1094 4529 Aut
1119 4473 1412 4546 confringet
1435 4477 1610 4548 glebas
1627 4477 1850 4533 vallium
1871 4484 1992 4551 post
2020 4485 2066 4536 te
2084 4482 2112 4538 9

2220 3306 2515 3360 Jerusalem
2548 3304 2687 3375 (Act.
2723 3320 2802 3371 rx,
2838 3301 2950 3374 13).
2980 3300 3086 3369 Qui
3117 3310 3299 3356 tamen
3329 3305 3550 3371 repente
3578 3315 3828 3355 commu-

2221 3402 2389 3462 tatus,
2445 3393 2513 3449 ab
2565 3391 2722 3448 hoste
2773 3391 3098 3464 praedicator
3141 3389 3396 3456 eﬂicitur,
3427 3395 3482 3444 et
3509 3387 3570 3444 in
3613 3387 3831 3445 cunctis

2222 3485 2415 3542 mundi
2458 3483 2702 3556 partibus
2743 3481 3122 3554 Redemptoris
3171 3481 3257 3537 sui
3303 3495 3505 3536 nomen
3555 3478 3826 3546 insinuat,

2220 3573 2492 3647 supplicia
2514 3591 2613 3646 pro
2638 3573 2867 3629 veritate
2895 3573 3110 3641 tolerat,
3142 3569 3256 3643 pati
3271 3586 3329 3626 se
3345 3585 3464 3642 quae
3485 3569 3828 3641 irrogaverat

2221 3665 2490 3731 exsultat;
2541 3664 2680 3719 alios
2725 3661 3118 3719 blandimentis
3157 3668 3336 3727 vocat,
3381 3658 3521 3716 alios
3558 3657 3632 3714 ad
3665 3657 3826 3714 ﬁdem

2223 3756 2524 3813 terroribus
2553 3762 2792 3811 revocat.
2837 3754 2963 3810 Istis
3001 3768 3228 3826 regnum
3267 3749 3566 3823 pollicetur
3589 3747 3829 3804 caelestis

2222 3847 2432 3918 patriae,
2463 3846 2576 3903 illis
2605 3848 2848 3904 minatur
2867 3845 3049 3918 ignem
3079 3843 3361 3917 gehennae.
3385 3841 3498 3898 Hos
3525 3855 3627 3912 per
3645 3845 3830 3896 aucto-

2223 3938 2442 3994 ritatem
2471 3939 2715 4011 corrigit,
2748 3939 2874 3995 illos
2893 3937 2958 3994 ad
2979 3937 3124 3993 viam
3141 3935 3491 3993 rectitudinis
3519 3949 3622 4007 per
3636 3933 3830 3990 humi-

2222 4031 2430 4087 litatem
2464 4031 2656 4100 trahit,
2686 4037 2849 4104 atque
2877 4030 2936 4086 in
2964 4027 3118 4086 omni
3139 4028 3307 4084 latere
3330 4026 3399 4084 ad
3417 4041 3652 4084 manum
3674 4025 3828 4082 sesui

2223 4122 2449 4179 rectoris
2477 4121 2730 4190 inclinat,
2761 4127 2816 4175 et
2842 4127 2994 4176 tanta
3022 4126 3139 4175 arte
3165 4117 3266 4174 Dei
3293 4132 3475 4174 aream
3503 4122 3828 4190 congregat,

2222 4223 2426 4288 quanta
2453 4213 2605 4268 illam
2629 4212 2782 4286 prius
2804 4211 3040 4268 elatione
3069 4207 3392 4266 ventitabat.

2296 4303 2318 4377 1,
2330 4305 2434 4363 Vet.
2466 4305 2519 4359 Χ
2527 4302 2610 4376 ν.]
2632 4303 2720 4360 35.
2737 4304 2945 4360 Paulus
2972 4300 3290 4359 abstinentia
3317 4315 3508 4371 corpus
3537 4299 3828 4370 castigans,

2221 4395 2394 4450 ventri
2433 4395 2634 4450 deditos
2679 4393 2826 4465 ferit.
2876 4423 2948 4435 -
2981 4393 3085 4450 Sed
3117 4407 3295 4465 neque
3336 4391 3443 4448 hoc
3485 4389 3761 4448 abhorret
3801 4407 3831 4445 a

2221 4484 2411 4552 Paulo,
2439 4483 2586 4556 quod
2613 4482 2935 4540 rhinoceros
2959 4481 3128 4539 buxei
3147 4481 3348 4539 coloris
3378 4479 3608 4550 dicitur,
3641 4490 3700 4538 et
3727 4480 3828 4536 ele-

578 4563 666 4620 32.
706 4564 892 4620 Glebas
913 4565 1006 4619 hoc
1034 4571 1110 4620 est
1135 4565 1388 4620 mentium
1417 4567 1676 4623 duritiam
1699 4567 1878 4640 fregit.
1901 4600 1972 4612 —
1996 4572 2116 4629 Jam
2146 4577 2196 4637 D
2222 4576 2557 4648 phantorum
2607 4585 2823 4632 ventres
2875 4591 3050 4632 cornu
3091 4575 3253 4630 ferire
3297 4572 3642 4646 perhibetur.
3691 4575 3828 4644 Quia

507 4654 721 4712 scilicet
747 4654 1018 4712 Dominus
1043 4655 1405 4729 quorumdam
1437 4666 1646 4714 mentes
1675 4657 2000 4730 intraverat,
2018 4668 2115 4735 qui

504 4745 664 4802 illum
699 4746 969 4803 veraciter
999 4746 1230 4804 humani
1260 4749 1472 4820 generis
1493 4748 1894 4822 redemptorem
1914 4751 2114 4808 crede-

502 4844 658 4903 bant.
690 4846 797 4914 Qui
826 4853 1010 4903 tamen
1041 4863 1169 4904 cum
1209 4861 1556 4920 nequaquam
1585 4863 1616 4903 a
1645 4847 1880 4920 pristina
1917 4848 2116 4905 obser-

503 4940 724 4996 vatione
752 4938 1090 5008 recederent,
1121 4954 1248 4996 cum
1278 4938 1418 4995 dura
1443 4939 1640 4995 litterae
1689 4939 2110 5012 praedicamenta

502 5030 864 5099 custodirent,
911 5029 990 5085 eis
1031 5027 1360 5101 praedicator
1403 5028 1654 5100 egregius
1693 5029 1866 5086 dicit:
1905 5031 1964 5086 Si
1991 5031 2108 5085 cir-

501 5120 894 5188 cumcidamini,
919 5119 1164 5176 Christus
1191 5119 1338 5174 vobis
1363 5118 1499 5174 nihil
1514 5119 1755 5190 proderit
1774 5119 1924 5190 (Gal.
1948 5137 2004 5188 v,
2024 5120 2104 5191 2).

502 5208 609 5275 Qui
650 5225 779 5281 ergo
807 5209 866 5264 in
897 5208 1100 5265 humili
1137 5215 1320 5262 mente
1361 5206 1612 5264 ﬁdelium
1659 5207 1795 5280 legis
1839 5208 2105 5266 duritiam

502 5297 879 5371 redarguendo
893 5299 1179 5368 contrivit,
1206 5299 1340 5372 quid
1359 5299 1510 5356 aliud
1533 5315 1697 5373 quam
1728 5299 1788 5355 in
1809 5301 1952 5357 valle
1981 5310 2104 5374 post

502 5389 802 5446 Dominum
834 5389 1016 5462 glebas
1043 5389 1249 5463 fregit?
1277 5406 1346 5447 ne
1360 5389 1620 5448 videlicet
1642 5405 1810 5464 grana
1827 5393 2106 5451 seminum

579 5589 598 5622 ί
619 5588 876 5662 Longip.,
915 5587 1151 5647 involuta
1180 5591 1236 5646 in
1267 5609 1441 5648 carne.
1487 5593 1660 5662 Quam
1704 5593 1993 5653 lectionem
2025 5596 2105 5652 li-

504 5654 696 5714 benter
724 5654 1196 5730 amplecteremur,
1228 5663 1335 5718 nisi
1361 5654 1642 5721 obstarent
1684 5667 1812 5723 Mss.
1857 5676 1912 5724 et
1952 5665 2104 5724 Editi

505 5745 696 5784 omnes
724 5746 860 5802 quos
888 5732 1284 5802 consuluimus.
1338 5734 1440 5791 Hic
1485 5737 1692 5795 dicitur
1718 5739 1977 5797 inviolata
2004 5739 2106 5797 Dei

505 5801 786 5872 sapientia,
817 5810 869 5860 et
899 5801 1154 5872 inferius,
1183 5804 1514 5877 incorrupta.

2224 4667 2372 4723 enim
2399 4667 2585 4723 vivere
2614 4667 2716 4723 sub
2740 4667 2919 4740 rigore
2949 4666 3084 4738 legis
3111 4667 3373 4734 assuevit,
3405 4667 3426 4700 ³
3455 4666 3670 4724 arctius
3716 4684 3829 4724 caa-

2222 4757 2354 4812 teris
2380 4758 2440 4813 in
2467 4757 2566 4814 illo
2594 4758 2845 4814 custodia
2871 4758 3304 4831 uniuscujusque
3327 4757 3552 4813 virtutis
3565 4758 3821 4814 inolevit.

2221 4846 2368 4914 Quid
2397 4847 2544 4904 enim
2584 4865 2680 4922 per
2717 4850 2956 4906 colorem
3003 4847 3270 4916 buxeum,
3320 4847 3428 4904 nisi
3472 4847 3827 4905 abstinentia

2219 4939 2396 5011 pallor
2423 4937 2754 5012 exprimitur
2777 4939 2805 4996 ‘I
2847 4937 2949 4996 Cui
2993 4939 3111 5011 ipse
3150 4954 3210 4996 se
3250 4937 3518 4995 tenaciter
3545 4937 3827 4996 adhaerere

2217 5035 2471 5098 testatur,
2501 5029 2725 5085 dicens:
2783 5029 2992 5100 Castigo
3029 5045 3221 5101 corpus
3256 5047 3446 5098 meum,
3497 5036 3546 5086 et
3583 5030 3829 5085 servituti

2217 5117 2332 5188 subj
2338 5119 2454 5187 icio,
2486 5137 2549 5173 ne
2575 5118 2714 5188 forte
2742 5119 2868 5175 aliis
2882 5119 3182 5190 pradicans
3209 5119 3319 5191 ipse
3345 5119 3606 5191 reprobus
3632 5121 3828 5194 e/ﬁciar

2219 5208 2278 5280 (Ι
2305 5209 2428 5264 Cor.
2453 5225 2533 5276 1x,
2562 5208 2676 5280 27).
2695 5209 2800 5276 Qui
2823 5207 3027 5264 divinae
3049 5209 3184 5281 legis
3202 5207 3515 5265 eruditione
3535 5210 3824 5281 praeditus,

2215 5298 2346 5356 dum
2377 5298 2613 5354 aliorum
2641 5297 2946 5370 ingluviem
2975 5299 3273 5372 redarguit,
3303 5315 3478 5356 cornu
3501 5300 3824 5372 elephantes

2215 5386 2273 5443 in
2299 5394 2547 5444 ventrem
2577 5388 2726 5444 ferit.
2758 5390 2820 5445 In
2849 5396 3099 5446 ventrem
3127 5387 3332 5462 quippe
3361 5387 3692 5461 elephantes
3711 5403 3823 5462 per-

2287 5595 2308 5630 ²
2337 5595 2620 5668 Pratebet
2648 5595 2724 5668 pl.
2755 5595 2970 5668 Norm.,
2996 5594 3251 5668 humilius
3281 5601 3330 5650 et
3354 5597 3673 5668 despectius.

2224 5738 2232 5747 _
2287 5668 2307 5701 ³
2338 5666 2501 5794 ῗρῖι).
2534 5666 2719 5726 Germ.
2752 5675 2806 5722 et
2835 5667 3068 5736 Turon.,
3114 5667 3315 5724 arctius
3355 5666 3514 5724 illum
3552 5671 3822 5728 caeteris...

2213 5755 2336 5797 meo
2362 5757 2412 5796 vi
2443 5781 2455 5796 .
