3936 6380
92 376 207 476 59έ

844 423 1218 482 MORALIUM
1258 425 1392 483 LIB.
1435 425 1645 483 XXXI.
1689 455 1755 468 -
1794 427 1867 484 IN
1904 428 2135 486 CAPUT
2174 432 2417 489 XXXIX
2457 434 2520 490 Β.
2560 436 2701 493 JOB.

3313 450 3420 506 59h

91 555 371 641 euaserat,
404 564 534 641 cum
580 549 797 607 dicebat
828 569 838 607 :
875 553 1036 609 Multi
1076 554 1374 620 ambulant,
1417 573 1545 626 quos
1592 572 1727 627 saepe
1752 556 1805 617 Α
1832 555 1979 613 unde
2022 558 2293 629 viverent,
2324 568 2377 616 et
2405 562 2675 619 sublevati
2707 568 2821 637 spei
2866 572 3060 641 pennis
3089 575 3157 631 ad
3186 576 3430 634 οωιεειίδ

90 636 338 692 dicebam
366 638 549 705 vobis;
581 656 721 695 nunc
746 646 921 696 autem
946 648 995 697 et
1023 645 1152 713 ﬂens
1179 643 1315 709 dico,
1346 644 1587 699 inimicos
1600 662 1716 699 cru-

90 727 167 782 cis
201 727 438 795 Christi,
461 745 692 798 quorum
718 729 843 799 ﬁnis
864 731 1128 801 interitus,
1150 750 1379 803 quorum
1401 733 1526 789 deus
1542 741 1718 790 venter

90 824 188 883 est,
203 824 257 873 et
283 818 553 889 gloria‘in
568 819 882 890 confusione
911 822 1154 894 ipsorum
1178 826 1711 897 (Philip.m,18,19).

90 910 167 965 Et
194 926 428 965 rursum
455 928 467 966 :
491 911 815 982 Hujusmodi
848 914 1057 970 Christo
1076 916 1303 971 Domino
1332 934 1437 971 non
1457 918 1714 985 serviunt,

93 1000 183 1055 sed
212 1017 318 1054 suo
346 1000 524 1056 ventri
554 1001 731 1071 (Rom.
757 1019 878 1069 xvr,
910 1003 1022 1073 18).
1056 1002 1241 1060 Cornu
1270 1022 1370 1060 suo
1388 1006 1556 1078 igitur
1584 1006 1714 1062 rhi-

98 1107 338 1148 noceros
369 1092 473 1148 iste
502 1108 612 1149 non
639 1090 754 1163 jam
786 1092 1062 1162 homines,
1093 1095 1188 1150 sed
1219 1095 1420 1152 bestias
1454 1098 1710 1168 percutit,

95 1180 327 1253 quando
358 1181 457 1236 illa
484 1182 686 1237 Paulus
714 1182 979 1239 doctrinas
1008 1200 1120 1239 suae
1150 1184 1477 1241 fortitudine
1496 1203 1718 1259 nequa-

95 1286 267 1342 quam
306 1270 662 1341 perimendos
714 1270 955 1327 humiles
1006 1272 1245 1343 impetit,
1304 1274 1397 1329 sed
1450 1276 1715 1347 superbos

98 1357 319 1415 ventris
346 1359 589 1417 cultores
617 1360 842 1416 occidit.
895 1360 1028 1428 Quae
1055 1377 1185 1433 ergo
1215 1362 1273 1418 in
1298 1363 1468 1420 Paulo
1510 1364 1716 1437 scripta

94 1449 488 1522 cognovimus,
520 1458 770 1521 superest
808 1456 870 1504 ut
906 1450 1051 1507 facta
1078 1458 1133 1506 et
1162 1451 1218 1507 in
1245 1452 1373 1508 aliis
1400 1453 1708 1509 credamus.

96 1537 262 1595 Multi
293 1537 500 1611 quippe
527 1536 596 1594 ad
626 1537 959 1594 humilitatis
987 1539 1218 1611 gratiam
1247 1556 1316 1595 ex
1346 1541 1497 1597 illius
1518 1543 1711 1615 populi

99 1628 350 1684 elatione
397 1627 652 1684 conversi
681 1637 830 1697 sunt,
862 1645 1100 1702 quorum
1139 1630 1411 1687 saevitiam
1440 1633 1712 1689 Dominus

99 1717 233 1774 dum
271 1716 378 1774 sub
417 1716 553 1790 jugo
598 1716 852 1790 inspirati
881 1717 1096 1774 timoris
1126 1719 1393 1789 edomuit,
1444 1723 1709 1778 nimirum

102 1806 479 1863 rhinocerotis
505 1806 611 1863 sibi
640 1806 1025 1864 fortitudinem
1046 1808 1283 1879 subegit.
1303 1810 1408 1866 Sed
1425 1812 1555 1884 quia
1572 1812 1711 1868 mira

103 1898 201 1954 Dei
236 1902 434 1960 1013
464 1898 711 1969 potentia
740 1898 761 1933 ²
799 1898 935 1972 quid
965 1898 1032 1954 de
1062 1899 1250 1956 electis
1276 1902 1439 1973 erigit
1478 1902 1713 1959 audivi-
1737 1921 1784 1980 Β

106 2011 248 2064 mus,
280 2011 435 2053 nunc
462 1996 603 2053 mira
632 1996 751 2069 ejus
780 1996 1045 2068 patientia
1072 1996 1134 2053 in
1172 1996 1260 2055 his
1288 2014 1427 2072 quos
1455 1999 1713 2072 reprobat

105 2086 239 2161 quid
271 2086 593 2144 toleraverit
612 2087 899 2144 audiamus
932 2104 944 2144 :

722 2177 950 2235 CAPUT
980 2179 1107 2235 XX.

174 2266 353 2324 Vens.
390 2265 476 2323 13.
504 2296 576 2308 -
604 2268 789 2323 Penna
832 2269 1148 2324 struthionis
1194 2269 1388 2326 similis
1415 2276 1489 2325 est
1523 2270 1713 2343 pennis

107 2358 313 2414 herodii
340 2364 391 2413 et
420 2358 710 2430 accipitris.
1679 2406 1685 2417 .

174 2445 265 2504 36.
301 2448 579 2520 Synagoga
608 2448 895 2517 struthioni
934 2448 1152 2513 similis,
1181 2449 1302 2504 alas
1331 2449 1524 2505 habens
1565 2450 1715 2505 humi

111 2535 262 2609 repit.
295 2565 368 2578 —
394 2536 540 2604 Quid
570 2537 900 2593 struthionis
929 2538 1174 2604 nomine,
1209 2538 1317 2594 nisi
1346 2555 1622 2611 synagoga
1642 2540 1710 2595 si-

109 2635 306 2697 gnatur
326 2626 355 2682 ?
380 2626 503 2700 quae
532 2628 645 2683 alas
671 2627 831 2698 Legis
861 2626 1076 2693 habuit,
1110 2626 1206 2683 sed
1230 2628 1395 2685 corde
1421 2629 1480 2684 in
1503 2628 1712 2686 inﬁmis

109 2729 321 2785 repens,
363 2730 648 2787 nunquam
678 2730 734 2771 se
763 2732 795 2770 a
832 2723 978 2771 terra
1021 2714 1349 2772 sublevavit.
1402 2717 1547 2785 Quid
1580 2734 1712 2774 vero

109 2819 198 2874 per
217 2802 520 2859 heredium
546 2810 601 2858 et
618 2803 1072 2875 accipitrem,nisi
1094 2804 1308 2876 antiqui
1331 2813 1513 2876 patres
1531 2807 1714 2878 expri-

111 2903 358 2963 muntur,
394 2893 492 2967 qui
517 2894 584 2950 ad
613 2910 677 2950 ea
702 2912 824 2969 quae
855 2903 1156 2967 potuerunt
1187 2897 1550 2970 intelligendo
1580 2914 1714 2969 per—

109 2984 336 3057 spicere,
374 2983 670 3040 valuerunt
698 2984 864 3040 etiam
893 2984 1135 3041 vivendo
1167 2985 1450 3057 pervolare
1470 2987 1499 3042 ?
1528 2987 1715 3042 Penna

111 3074 277 3147 igitur
307 3073 662 3141 struthionis,
694 3073 909 3130 herodii
932 3082 987 3129 et
1010 3074 1293 3147 accipitris
1323 3077 1520 3148 pennis
1547 3084 1629 3132 est
1642 3078 1711 3133 si-

112 3165 276 3233 milis,
297 3164 430 3237 quia
447 3164 746 3236 Synagogee
767 3181 880 3220 vox
896 3164 1143 3236 priorum
1159 3164 1467 3222 doctrinam
1490 3166 1712 3239 loquen-

1826 648 2094 703 volarent.
2129 648 2260 718 Quae
2290 667 2394 706 ova
2423 650 2664 708 struthio
2688 654 2744 709 in
2774 661 2919 713 terra
2938 658 3431 740 derelinquit,quia

1825 750 1918 791 eos
1950 752 2087 809 quos
2117 753 2280 793 carne
2310 750 2570 812 genuerat
2599 744 2885 818 Synagoga
2934 755 3210 821 apostolos
3238 758 3429 814 audire

1825 832 2204 895 contemnens,
2236 828 2496 885 vocandae
2527 832 2824 903 gentilitati
2862 837 3123 899 deseruit.
3153 844 3293 901 Mira
3321 862 3432 903 au-

1824 922 1934 970 tem
1967 916 2210 986 potentia
2260 919 2531 977 Dominus
2574 921 2692 980 haec
2729 925 2916 983 eadem
2948 929 3006 985 in
3054 933 3279 1005 pulvere
3326 954 3432 992 ova

1824 1005 2094 1097 calefacit,
2126 1008 2255 1079 quia
2284 1011 2444 1065 vivos
2469 1015 2841 1083 apostolorum
2872 1018 3016 1076 fetus
3031 1022 3088 1077 in
3104 1023 3201 1079 illa
3220 1025 3432 1097 abjecta

1823 1093 2033 1150 dudum
2067 1098 2371 1168 gentilitate
2402 1102 2690 1159 suscitavit
2716 1123 2728 1171 ;
2749 1113 2802 1161 et
2824 1122 2961 1180 quos
2977 1128 3254 1185 synagoga
3275 1093 3429 1171 velut

1824 1186 2129 1243 insensatos
2158 1188 2642 1265 inviviﬁcatosque
2672 1194 3017 1269 despexerat,
3048 1201 3151 1274 ipsi
3184 1219 3333 1261 nunc
3370 1206 3428 1277 in

1822 1278 2179 1334 veneratione
2208 1280 2458 1349 gentium
2489 1299 2584 1354 per
2613 1284 2878 1343 doctrinae
2925 1290 3299 1363 magisterium
3334 1293 3430 1348 vi-

1824 1375 2015 1422 ventes
2042 1369 2251 1423 volant.
2286 1369 2403 1426 Ova
2432 1388 2531 1427 sua
2560 1375 2807 1432 struthio
2836 1377 2895 1433 in
2924 1381 3154 1451 pulvere
3174 1381 3430 1438 derelin-

1822 1459 1962 1532 quit,
1995 1460 2125 1533 quia
2152 1478 2344 1518 omnes
2375 1481 2511 1536 quos
2542 1467 2890 1537 praedicando
2911 1472 3196 1547 Synagoga
3216 1477 3424 1547 genuit,

1819 1566 1852 1605 a
1871 1551 2104 1607 terrenis
2124 1551 2413 1610 desideriis
2434 1556 2663 1613 minime
2694 1561 3139 1632 suspenditQum
3158 1565 3426 1623 nimirum

1820 1638 2092 1695 desideria
2119 1642 2249 1713 quia
2283 1644 2545 1716 antiquus
2567 1645 2742 1703 hostis
2771 1660 3033 1723 concepta
3063 1652 3120 1707 in
3150 1654 3313 1711 corde
3346 1657 3427 1712 in-

1820 1732 1994 1797 venit,
2014 1731 2259 1788 obsessas
2289 1742 2500 1789 mentes
2530 1736 2696 1791 etiam
2730 1738 2788 1792 in
2818 1740 3024 1797 scelera
3068 1744 3235 1816 rapit.
3269 1746 3426 1803 Unde

1819 1828 1873 1876 et
1903 1820 2162 1877 subditur
2194 1839 2206 1877 :

2402 1939 2630 1999 CAPUT
2652 1942 2832 2002 XXII.

1892 2026 2065 2085 Vnus.
2105 2027 2191 2084 15.
2224 2059 2293 2069 -
2324 2030 2670 2088 Obliviscitur
2696 2036 2837 2109 quod
2868 2054 2961 2109 pes
2991 2041 3253 2096 conculcet
3266 2058 3348 2111 ea,
3385 2046 3432 2097 et

1822 2116 1984 2173 bestia
2013 2117 2134 2188 agri
2162 2126 2415 2177 conterat.

1894 2206 1980 2263 38.
2014 2209 2265 2266 Humana
2292 2211 2477 2277 corda,
2524 2212 2651 2269 dum
2687 2221 2895 2271 terrena
2912 2219 3142 2290 cogitant
3170 2225 3217 2274 et
3255 2237 3429 2293 appe-

1821 2300 1959 2366 tunt,
1977 2297 2186 2355 diabolo
2215 2302 2528 2358 conterenda
2556 2320 2609 2358 se
2630 2311 2891 2364 sternunt.
2923 2338 2994 2350 —
3023 2308 3177 2366 Tunc
3205 2326 3311 2365 ova
3338 2326 3432 2382 pes

1821 2388 2013 2456 calcat,
2046 2398 2099 2445 et
2115 2388 2290 2446 bestia
2317 2392 2434 2464 agri
2464 2395 2721 2463 conterit,
2752 2412 2881 2453 cum
2909 2398 2967 2453 in
2985 2407 3131 2455 terra
3158 2400 3433 2456 deserun-

1820 2484 1933 2545 tur,
1952 2478 2081 2551 quia
2102 2479 2361 2537 videlicet
2383 2482 2625 2540 humana
2646 2485 2813 2542 corda
2831 2486 2963 2543 dum
2985 2504 3199 2561 semper
3213 2496 3431 2546 terrena

1821 2570 2080 2640 cogitare,
2108 2588 2323 2644 semper
2368 2588 2489 2645 quae
2538 2574 2650 2629 ima
2678 2585 2809 2633 sunt
2838 2593 2993 2650 agere
3042 2588 3329 2651 appetunt,
3358 2580 3428 2637 ad

1822 2661 2215 2718 conterendum
2245 2679 2300 2718 se
2321 2663 2436 2733 agri
2453 2662 2661 2733 bestiae,
2695 2665 2751 2721 id
2781 2666 3123 2733 estdiabolo,
3142 2677 3424 2735 sternunt,

1821 2758 1883 2805 ut
1910 2766 2037 2805 cum
2067 2750 2165 2806 diu
2193 2751 2249 2806 in
2280 2751 2472 2809 inﬁma
2500 2755 2831 2826 cogitatione
2854 2757 3068 2829 abjecta
3083 2768 3233 2828 sunt,
3257 2775 3431 2832 quan-

1822 2837 2002 2910 doque
2031 2838 2195 2894 etiam
2229 2840 2499 2911 majorum
2530 2844 2827 2901 criminum
2856 2849 3260 2920 perpetratione
3281 2848 3430 2905 fran-

1822 2933 2039 2999 gantur.
2074 2928 2359 3001 Synagoga
2386 2947 2512 3002 ergo
2543 2948 2648 2987 ova
2677 2951 2797 3007 quae
2833 2937 3039 3007 genuit,
3072 2954 3104 2994 a
3135 2945 3282 2994 terra
3322 2956 3429 2995 su-

1823 3015 2086 3089 spendere
2133 3016 2271 3073 bene
2314 3019 2555 3093 vivendo
2600 3024 2862 3094 neglexit.
2911 3026 3015 3081 Sed
3073 3026 3426 3098 omnipotens

1824 3106 1968 3161 Deus
1998 3106 2201 3162 multos
2230 3105 2349 3178 ejus
2379 3108 2545 3179 ﬁlios,
2570 3113 2829 3184 quamvis
2856 3115 2914 3170 in
2942 3115 3175 3171 terrenis
3204 3115 3429 3171 deside—

1823 3196 1920 3252 riis
1952 3205 2195 3253 mortuos
2224 3213 2289 3254 ac
2334 3198 2565 3271 frigidos
2606 3204 2827 3275 reperit,
2890 3206 3070 3261 calore
3112 3213 3297 3261 tamen
3341 3205 3427 3261 sui

350 3253 361 3264 .
625 3253 634 3262 .
1008 3254 1018 3263 .
1068 3254 1078 3264 .
1502 3254 1512 3264 .
2084 3252 2087 3253 ν
2267 3252 2280 3254 -
2334 3252 2371 3253 η
2409 3252 2561 3271 om"
2606 3252 2827 3272 -------,
2893 3252 3068 3261 -..ων
3118 3252 3297 3261 ..-πη
3341 3252 3427 3261 -.η

110 3255 413 3368 Ξῗ-ιῗῗξιξξ
439 3252 1338 3368 fanEYef‘dgﬂffﬂYit;HEd:
1350 3264 1456 3368 fit
1752 3284 1795 3344 C
1824 3288 2029 3343 amoris
2049 3288 2451 3346 animavit.Sed
2472 3252 2838 3366 vitam,quam
2871 3294 3002 3350 ﬁliis
3022 3312 3300 3368 synagoga
3316 3312 3428 3351 non

110 3348 411 3418 Synagogas
439 3345 669 3418 populos
698 3344 766 3401 de
795 3345 1086 3401 Pharisaeis
1114 3353 1277 3418 atque
1305 3346 1512 3403 Scribis
1544 3346 1715 3403 Veri-

109 3446 189 3495 tas
218 3436 501 3503 admonet,
532 3434 721 3492 dicens
754 3454 766 3492 :
803 3437 974 3509 Super
1018 3438 1322 3493 cathedram
1348 3438 1520 3509 Moysi
1561 3436 1717 3492 sede-

102 3533 237 3582 runt
272 3525 470 3583 Scriba:
495 3531 546 3581 et
570 3526 856 3582 Pharisaei.
884 3526 1075 3583 Omnia
1094 3543 1215 3599 ergo
1239 3543 1558 3598 quaecunque
1571 3528 1715 3583 dixe-

102 3618 222 3671 rint
254 3614 424 3681 vobis,
482 3620 685 3670 servate
721 3621 769 3671 et
820 3614 999 3685 facite,
1058 3617 1343 3673 secundum
1386 3633 1549 3688 opera
1594 3634 1717 3672 vero

99 3722 293 3761 eorum
323 3705 485 3761 nolite
512 3704 686 3775 facere
713 3706 934 3777 (Matth.
965 3721 1130 3774 mn,
1148 3706 1202 3775 2,
1226 3705 1306 3776 3).
1334 3706 1508 3763 Multa
1535 3713 1718 3762 autem

100 3795 295 3852 dicere
338 3792 406 3849 de
450 3792 664 3851 herodii
714 3794 829 3850 vita
864 3794 1187 3868 potuimus;
1231 3794 1326 3851 sed
1374 3796 1505 3868 quia
1541 3811 1721 3867 penna

98 3884 228 3957 ejus
273 3883 658 3940 tantummodo
685 3883 755 3940 ad
802 3884 1125 3940 memoriam
1164 3882 1475 3952 deducitur,
1509 3883 1576 3940 de
1606 3885 1722 3940 vita

100 3974 263 4047 loqui
293 3972 670 4046 prohibemur.

542 4094 770 4153 CAPUT
800 4095 933 4151 XXI
954 4092 1095 4167 [Vet.
1120 4092 1295 4168 XVI].

182 4184 357 4242 Vsus.
393 4183 480 4241 14.
502 4214 574 4226 -
595 4184 617 4219 ³
642 4183 865 4252 Quando
894 4184 1215 4255 derelinquit
1244 4184 1299 4237 in
1317 4188 1463 4238 terra
1482 4200 1581 4239 ova
1599 4201 1720 4252 sua,

104 4285 164 4331 tu
195 4274 433 4345 forsitan
458 4274 517 4329 in
540 4275 758 4346 pulvere
783 4272 1060 4343 cale/acies
1089 4291 1148 4329 ea
1183 4276 1211 4331 ?

180 4365 273 4421 37.
305 4366 447 4433 Quos
474 4366 655 4437 genuit
681 4367 950 4439 apostolos
989 4365 1293 4437 dereliquit,
1321 4364 1524 4422 Christi
1540 4365 1721 4438 gratia

100 4462 292 4529 postea
306 4456 616 4526 viviﬁcatos.
643 4458 793 4512 -In
819 4455 941 4512 ovis
970 4455 1123 4512 aliun
1153 4465 1235 4513 est
1272 4455 1419 4529 quod
1450 4456 1717 4524 cernitur,

101 4545 266 4603 aliud
296 4546 447 4619 quod
467 4554 737 4618 speratur;
762 4553 817 4603 et
844 4546 1024 4604 videri
1044 4563 1166 4618 spes
1182 4563 1293 4602 non
1317 4553 1517 4619 potest,
1548 4546 1719 4602 Paulo

1824 3377 1997 3449 dedit,
2033 3382 2225 3440 1014
2254 3382 2397 3442 hanc
2426 3383 2775 3454 postmodum
2798 3384 3024 3453 invidit,
3056 3387 3189 3441 dum
3208 3386 3432 3441 molire-

1824 3482 1916 3530 tur
1946 3474 2318 3548 persequendo
2344 3475 2694 3545 exstinguere
2724 3490 2861 3547 quos
2903 3491 2959 3530 se
2999 3474 3069 3530 ad
3088 3474 3236 3531 bona
3267 3489 3436 3546 opera

1827 3578 1938 3618 non
1968 3564 2294 3620 meminerat
2340 3563 2581 3620 fovendo
2610 3564 2882 3636 genuisse.
2916 3564 3071 3621 Unde
3112 3573 3167 3621 et
3211 3571 3336 3636 apte
3365 3564 3433 3619 de

1827 3652 1933 3709 hoc
1962 3654 2275 3710 struthione
2304 3652 2561 3709 subditur
2594 3671 2606 3708 :

1899 3742 2070 3799 Vens.
2115 3743 2200 3800 16.
2232 3774 2303 3785 -
2320 3744 2574 3800 Βαναίαν
2600 3741 2672 3798 ad
2700 3741 2842 3815 filios
2856 3758 2980 3798 suos
3005 3741 3165 3814 quasi
3193 3757 3300 3797 non
3327 3740 3436 3797 sint

1829 3848 1932 3887 sui.

1901 3920 1989 3976 39.
2048 3920 2335 3991 Synagogce
2378 3920 2434 3973 in
2475 3919 2616 3991 ﬁlios
2644 3917 2953 3975 crudelitas.
3002 3948 3075 3960 —
3121 3917 3288 3986 Quasi
3320 3934 3432 3974 non

1830 4027 1957 4066 suos
1980 4013 2001 4046 ⁵
2035 4010 2267 4083 despicit
2296 4027 2433 4083 quos
2460 4010 2623 4065 aliter
2651 4011 2839 4066 vivere
2882 4025 3049 4083 quam
3079 4009 3269 4066 docuit
3315 4008 3434 4081 ipsa

1830 4098 2211 4172 deprehendit,
2231 4106 2285 4153 et
2309 4097 2634 4155 durescente
2663 4096 2875 4154 saevitia
2895 4106 3129 4154 terrores
3149 4097 3429 4162 admovet,

1829 4204 1995 4260 seque
2024 4189 2083 4245 in
2130 4203 2321 4243 eorum
2371 4186 2711 4245 cruciatibus
2736 4194 2976 4255 exercet,
3007 4194 3172 4260 atque
3202 4187 3432 4244 invidiae

1829 4278 2043 4335 facibus
2064 4275 2424 4343 inﬂammata,
2456 4278 2512 4332 in
2529 4276 2731 4350 quibus
2763 4293 2876 4333 non
2906 4276 3178 4333 laboravit
3201 4284 3265 4333 ut
3293 4293 3434 4349 pos-

1828 4372 1940 4427 sint
1968 4370 2176 4439 vivere,
2210 4369 2422 4427 laborat
2450 4377 2514 4425 ut
2538 4368 2773 4425 debeant
2803 4367 3063 4432 interire;
3097 4375 3152 4423 et
3179 4384 3307 4425 cum
3326 4369 3433 4423 Do-

1829 4460 1967 4516 mini
1998 4459 2245 4516 membra
2274 4458 2640 4531 persequitur,
2677 4460 2699 4494 ⁶
2724 4458 2938 4530 placere
2967 4474 3023 4513 se
3056 4473 3153 4529 per
3182 4457 3286 4513 hoc
3312 4458 3435 4513 Do-

1830 4550 1981 4605 mino
2036 4550 2368 4622 suspicatur.
2422 4547 2577 4605 Unde
2624 4554 2677 4603 et
2707 4546 2912 4603 eisdem
2952 4546 3286 4603 struthionis
3312 4546 3434 4602 ovis

102 4643 404 4692 ίιῐῐθεῐόηῑθ
433 4636 529 4709 (111i
559 4636 638 4692 ait
672 4654 682 4691 ε
711 4635 863 4704 Quod
887 4637 1025 4690 enim
1054 4635 1196 4691 videt
1222 4636 1364 4706 quis,
1383 4636 1515 4707 quid
1537 4642 1718 4707 sperat
1745 4646 1794 4704 D
1826 4640 2043 4697 Veritas
2072 4639 2209 4696 dicit
2245 4658 2256 4695 :
2300 4640 2447 4697 Venit
2474 4639 2608 4694 hora
2651 4643 2710 4692 ut
2748 4636 2917 4693 omnis
2945 4636 3038 4707 qui
3065 4635 3317 4708 inter/icit
3344 4651 3436 4690 vos

105 4729 294 4796 (Rom.
324 4742 451 4795 vm,
482 4725 611 4799 24)?
639 4725 785 4793 Quid
814 4741 941 4797 ergo
972 4740 1068 4797 per
1112 4724 1444 4780 struthionis
1472 4741 1577 4781 ova
1606 4723 1715 4780 nisi

102 4818 176 4873 de
210 4816 513 4890 Synagogm
556 4832 718 4873 carne
765 4814 899 4870 editi
929 4814 1163 4887 apostoli
1210 4814 1586 4887 designantur,
1621 4815 1716 4888 qui

102 4907 245 4963 dum
282 4921 339 4961 se
358 4906 416 4961 in
438 4904 647 4962 mundo
659 4904 943 4978 despectos
971 4911 1133 4977 atque
1158 4903 1397 4961 humiles
1425 4904 1715 4973 exhibent,

105 4998 126 5030 ⁸
160 5009 383 5068 sperare
412 4994 643 5067 gloriam
675 4995 735 5051 in
755 4993 1008 5067 supernis
1034 4993 1233 5049 docent
1262 4992 1290 5047 7
1319 4993 1537 5065 Abjecti
1565 5008 1716 5047 nam-

104 5101 219 5160 que
238 5094 295 5142 et
324 5084 480 5159 quasi
508 5085 721 5141 nullius
749 5084 1019 5141 momenti
1049 5084 1195 5156 apud
1224 5084 1395 5139 elatos
1427 5082 1624 5149 habiti,
1659 5083 1717 5138 in

106 5186 259 5233 terra
292 5174 445 5231 velut
473 5191 578 5231 ova
597 5173 929 5247 jacuerunt;
982 5173 1077 5230 sed
1122 5174 1271 5228 intus
1303 5173 1359 5227 in
1390 5172 1469 5228 eis
1518 5170 1719 5227 latebat

188 5383 203 5414 ¹
241 5379 465 5447 Pratel.,
498 5378 553 5433 in
574 5377 953 5447 confusionem.

183 5456 208 5491 ε
237 5446 718 5517 Meliusvidetur,
743 5449 875 5519 quid
904 5449 960 5503 in
987 5447 1179 5520 electis,
1211 5453 1272 5503 ut
1302 5446 1625 5520 respondeat
1644 5447 1720 5502 al-

111 5526 217 5582 teri
248 5522 521 5589 membro,
550 5522 605 5576 in
633 5521 714 5576 his
739 5518 870 5591 quos
897 5519 1165 5591 reprobat.
1198 5520 1279 5575 Ita
1307 5518 1472 5574 etiam
1514 5518 1721 5575 habent

111 5596 319 5653 Pratel.
350 5602 404 5650 et
434 5593 602 5661 Utic.,
634 5592 728 5651 sed
759 5608 872 5648 non
901 5591 1104 5663 caeteri.
1135 5591 1323 5663 Neque
1351 5607 1483 5647 vero
1503 5606 1721 5661 semper

112 5666 360 5797 occllggrit
386 5665 592 5723 sanctis
620 5664 877 5720 Patribus
906 5661 1054 5735 quod
1097 5661 1295 5719 melius
1322 5670 1376 5719 et
1418 5662 1722 5735 elegantius

112 5741 217 5797 scr'
301 5746 441 5795 rent.

112 5741 441 5797 scriberent.

185 5814 207 5849 ³
240 5811 324 5867 Pl.
371 5811 564 5867 Norm.
629 5815 685 5864 et
728 5808 940 5873 Germ.,
989 5821 1107 5876 qua:
1164 5806 1502 5876 derelinquit.
1555 5805 1717 5864 Corb.

116 5885 302 5942 Germ.
310 5924 329 5953 ,
361 5881 476 5954 qui.

1823 4729 2121 4784 arbitretur
2168 4729 2473 4799 obsequium
2530 4744 2583 4782 se
2633 4732 2896 4799 praestare
2921 4725 3109 4794 (Joan.
3169 4741 3290 4793 xvr,
3349 4724 3430 4793 2).

1824 4816 1965 4884 Quia
1993 4835 2122 4890 ergo
2146 4817 2279 4874 dum
2324 4817 2650 4875 crudelitate
2678 4814 2748 4871 ad
2778 4813 3214 4887 persequendum
3244 4813 3433 4884 Syna-

1827 4922 1961 4977 goga
1987 4906 2230 4975 ducitur,
2264 4905 2369 4963 hoc
2398 4923 2454 4961 se
2483 4920 2641 4977 agere
2689 4902 2936 4976 impulsu
2982 4901 3165 4959 divini
3210 4901 3433 4973 timoris

1825 4993 2143 5060 arbitratur,
2174 5002 2319 5051 recte
2348 4992 2703 5066 subjungitur
2735 5010 2747 5048 :

1898 5084 2036 5138 Iern.
2064 5112 2135 5123 —
2164 5084 2395 5138 Frustra
2427 5083 2713 5150 laboravit,
2745 5083 2896 5139 nullo
2928 5080 3112 5135 timore
3134 5082 3356 5150 cogente.

1898 5169 1988 5225 40.
2014 5170 2100 5225 Sic
2130 5170 2347 5225 serviens
2374 5171 2677 5241 obsequium
2700 5174 2963 5239 prastara
3005 5166 3114 5222 Deo
3144 5164 3329 5220 credit.
3361 5194 3433 5207 —

1889 5378 1912 5412 ‘
1938 5375 2201 5445 Vindoc.,
2225 5377 2425 5432 Pratel.
2448 5385 2501 5431 et
2534 5376 2630 5442 al.,
2664 5373 2895 5446 sperari.

1902 5450 1923 5483 ⁵
1952 5447 2120 5503 Iidem
2152 5455 2206 5502 et
2233 5447 2342 5503 duo
2372 5449 2581 5515 Germ.,
2616 5446 2844 5517 respicit.

1903 5522 1924 5554 θ
1953 5519 2078 5576 Vet.
2109 5519 2260 5575 Edit.
2296 5528 2416 5590 post
2444 5513 2573 5575 Mss.
2619 5513 2782 5574 Corb.
2816 5517 3029 5590 Germ.,
3071 5513 3270 5590 Laud,
3292 5513 3430 5590 .Val.

1831 5591 1940 5659 C1.,
1974 5591 2206 5658 Turon.,
2228 5583 2448 5717 gliscere
2477 5609 2529 5645 se
2554 5607 2652 5661 per
2682 5590 2774 5645 hoc
2802 5583 3106 5646 Dominum.
3141 5583 3437 5664 Sequimur

1831 5664 1959 5717 Mss.
1993 5662 2204 5717 Germ..
2234 5688 2252 5717 λ
2282 5679 2422 5717 orm.
2456 5671 2510 5717 et
2532 5669 2745 5717 recent.
2778 5660 2958 5717 Edit..
2990 5674 3228 5717 auorum
3258 5657 3430 5713 lectio

1830 5657 1959 5719 Mss.
1993 5657 2204 5730 Germ.,
2228 5657 2422 5718 Norm.
2456 5671 2510 5718 et
2532 5657 2745 5718 recent.
2778 5660 2958 5729 Edit.,
2990 5657 3430 5733 quorum’lectio

1832 5733 2005 5806 magis
2035 5734 2127 5790 hic
2153 5727 2407 5806 congruit
2437 5751 2564 5790 cum
2594 5733 2682 5790 his
2710 5733 2894 5790 verbis
2926 5727 3256 5789 {arbitretur
3279 5727 3436 5784 obse—

1832 5807 2015 5878 quium
2033 5823 2086 5861 se
2108 5813 2370 5879 prastare
2388 5807 2520 5863 Deo.
