3936 6388
485 373 594 430 595

486 603 629 660 mor,
659 591 754 647 sed
783 591 1082 650 crudelitas
1095 596 1292 668 coegit.
1313 597 1418 654 Sed
1447 599 1574 672 quia
1589 600 1908 672 plerumque
1925 599 2082 668 vitia,

484 679 668 736 colore
697 681 969 738 virtutum
1001 683 1197 753 tincta,
1225 692 1381 741 tanto
1411 687 1677 760 nequiora
1705 695 1854 753 sunt,
1879 696 2085 762 quanto

485 774 540 824 et
567 785 684 826 esse
716 769 1094 828 vitiaminime
1123 783 1550 844 cognoscuntur,
1574 793 1638 831 eo
1667 775 1725 832 in
1755 776 2086 848 persecutio-

484 875 556 915 ne
591 875 867 934 synagoga
913 859 1106 916 durior
1143 861 1378 930 exstitit,
1423 879 1532 935 qu)
1575 865 1972 937 religiosiorem
2027 885 2084 924 se

485 946 605 1004 ﬁeri
633 948 881 1004 ﬁdelium
931 949 1203 1006 mortibus
1244 951 1568 1020 aestimavit;
1621 962 1674 1010 et
1708 955 1916 1013 idcirco
1964 974 2085 1030 qua

483 1048 666 1110 ageret
707 1037 1017 1094 discernere
1061 1038 1292 1096 omnino
1333 1056 1446 1097 non
1483 1043 1685 1114 potuit,
1726 1045 1854 1118 quia
1895 1045 2084 1102 lumen

483 1124 590 1182 sibi
621 1125 998 1198 intelligentia
1025 1142 1122 1198 per
1165 1127 1437 1200 superbia
1467 1129 1834 1203 objectionem
1863 1133 2081 1190 clausit.

485 1214 640 1272 Unde
669 1223 722 1270 et
749 1213 889 1270 bene
919 1213 1179 1271 subditur
1203 1233 1214 1271 :

554 1377 726 1435 Vens.
759 1379 844 1434 17.
875 1408 947 1420 -
965 1377 1212 1436 Privavit
1231 1395 1340 1434 eam
1363 1380 1504 1436 Deus
1532 1382 1816 1454 sapientia,
1834 1400 1925 1439 nec
1944 1384 2085 1440 dedit

481 1469 570 1527 illi
597 1471 1016 1544 intelligentiam.

553 1612 641 1671 41.
681 1615 1046 1688 Ιηῑθιιίῃεηεὶω
1062 1616 1234 1672 lumen
1247 1633 1348 1688 per
1367 1617 1666 1689 superbiam
1685 1621 1883 1677 amisit.
1901 1652 1972 1664 —
1996 1623 2087 1679 Di-

482 1703 737 1761 strictum
769 1705 972 1779 quippe
1014 1713 1096 1762 est
1138 1705 1369 1763 occulta
1398 1707 1783 1765 retributionis
1831 1727 2082 1779 examen,

481 1799 538 1848 et
565 1793 695 1865 quia
723 1793 900 1850 sciens
926 1794 1297 1852 humilitatem
1330 1796 1594 1868 perdidit,
1625 1797 1791 1854 etiam
1833 1800 2088 1856 veritatis

1700 382 1948 438 SANCTI
1987 384 2324 442 GREGORII
2360 385 2586 444 MAGNI

487 499 550 554 In
571 496 757 554 labore
784 499 986 570 quippe
1005 500 1157 557 illam
1181 505 1580 575 persecutionis
1607 506 1866 563 anhelare
1890 523 2000 562 non
2022 506 2088 561 ti-
2116 513 2168 570 Α

3711 397 3821 454 596

2520 583 2748 640 CAPUT
2801 585 2987 643 xxrv
3028 584 3167 659 [Vet.
3230 589 3470 666 XVIII].

2268 742 2438 800 Vens.
2474 744 2558 800 19.
2589 774 2662 787 -
2688 745 2948 817 Nunquid
2977 747 3232 818 prabebis
3259 766 3390 821 equo
3408 751 3820 822 fortitudinem,

2194 841 2290 890 aut
2317 836 2675 892 circumdabis
2698 853 2756 892 co
2781 839 2868 893 llo
2897 837 3010 908 ejus
3038 839 3300 896 hinnitum
3317 843 3346 898 ?

2267 995 2354 1053 43.
2386 997 2534 1068 Equi
2553 999 2762 1053 nomine
2773 1002 2943 1056 multa
2956 1002 3014 1058 in
3035 1003 3317 1074 Scriptura
3333 1019 3489 1061 sacra
3509 1006 3818 1079 signiﬁcan-

2197 1090 2284 1140 tur
2357 1087 2582 1154 lubrici;
2629 1089 2858 1161 dignitas
2889 1093 3238 1164 temporalis;
3275 1111 3511 1166 presseris
3539 1099 3816 1166 saculum,

2195 1176 2346 1245 cujus
2370 1184 2608 1234 extrema
2619 1182 2818 1252 premit
2834 1183 3046 1238 coluber
3070 1182 3456 1241 Antichristus.
3474 1190 3817 1260 praeparatio

2195 1273 2346 1322 recta
2365 1269 2670 1324 intentionis
2693 1288 2714 1336 ;
2739 1273 2907 1327 sancti
2923 1273 3324 1344 pradimtores.
3347 1277 3498 1332 —In
3525 1277 3818 1351 Scriptura

2195 1373 2350 1414 sacra
2377 1359 2507 1432 equi
2539 1359 2766 1418 nomine
2795 1361 3098 1435 aliquando
3119 1363 3334 1422 lubrica
3362 1366 3482 1422 vita
3509 1383 3813 1440 pravorum

2195 1446 2494 1520 aliquando
2522 1449 2762 1522 dignitas
2792 1452 3134 1524 temporalis,
3157 1452 3458 1526 aliquando
3501 1455 3610 1514 hoc
3630 1457 3814 1531 ipsum

2197 1554 2438 1610 praesens
2466 1541 2752 1606 saculum,
2775 1541 3078 1616 aliquando
3107 1545 3434 1616 praparatio
3449 1555 3614 1606 recta
3633 1550 3816 1607 inten-

2196 1627 2387 1696 tionis,
2419 1629 2720 1702 aliquando
2749 1639 2971 1689 sanctus
2990 1633 3321 1705 pradicator
3338 1637 3703 1709 exprimitur.

2268 1719 2414 1792 Equi
2434 1719 2582 1775 enim
2600 1721 2824 1778 nomine
2842 1721 3056 1780 lubrica
3076 1739 3376 1795 pravorum
3391 1725 3510 1782 vita
3536 1727 3810 1801 signatur,

2197 1806 2346 1863 sicut
2371 1810 2636 1881 scriptum
2667 1819 2784 1867 est:
2837 1813 3012 1868 Nolite
3039 1813 3160 1885 ﬁeri
3184 1815 3318 1869 sicut
3345 1833 3509 1886 equus
3536 1824 3586 1873 et
3629 1822 3814 1876 mulus

483 1880 908 1954 intelligentiam
934 1884 1184 1942 nesciens
1210 1885 1414 1942 amisit.
1448 1885 1624 1975 Valde
1653 1893 1838 1942 autem
1871 1889 2086 1944 minora
2118 1879 2164 1938 Β
2199 1879 2542 1966 (Psal.xxm.
2564 1899 2646 1966 9).
2666 1901 2736 1956 Et
2757 1901 2900 1958 sicut
2918 1917 3013 1973 per
3032 1879 3357 1975 prophetam
3377 1879 3552 1962 alium
3575 1907 3810 1966 dicitur:

483 1976 612 2026 sunt
639 1972 870 2028 vulnera
897 1989 1018 2046 qua
1057 1973 1114 2029 in
1141 1973 1522 2048 Redemptoris
1551 1974 1798 2032 adventu
1825 1975 2085 2034 ﬁdelibus

481 2059 693 2130 intulit,
738 2079 900 2136 quam
939 2080 1003 2120 ea
1035 2063 1236 2137 quibus
1274 2074 1516 2122 sanctam
1557 2065 1862 2122 Ecclesium
1901 2067 2087 2126 adhuc

481 2167 578 2224 per
599 2151 897 2208 adventum
920 2153 1254 2211 Antichristi
1283 2154 1448 2210 ferire
1477 2154 1784 2211 contendit.
1820 2155 1908 2212 Ad
1943 2157 2086 2213 illud

481 2255 718 2314 namque
747 2258 802 2298 se
830 2248 1048 2315 tempus
1075 2250 1364 2316 praeparat,
1384 2252 1445 2300 ut
1477 2244 1646 2300 vitam
1681 2245 1933 2302 ﬁdelium
1963 2265 2083 2304 coa-

481 2329 718 2388 cervatis
749 2331 963 2388 viribus
992 2340 1222 2405 premat.
1258 2331 1410 2390 Unde
1439 2341 1493 2389 et
1530 2342 1653 2407 apte
1683 2335 1973 2392 subditur:

851 2517 1079 2575 CAPUT
1115 2517 1300 2576 XXIII
1331 2517 1470 2594 [Vet.
1493 2519 1705 2594 XVII].

551 2647 723 2705 Vnus.
757 2649 844 2706 18.
875 2680 947 2692 -
979 2651 1112 2708 Cum
1128 2659 1326 2725 tempus
1353 2654 1540 2725 fuerit,
1573 2657 1630 2711 in
1656 2658 1962 2716 altumalas
1981 2661 2082 2717 eri-

479 2735 588 2809 git;
615 2738 820 2794 deridet
843 2742 1066 2811 equitem
1093 2748 1142 2798 et
1167 2761 1492 2802 ascensorem
1519 2747 1652 2818 ejus.

551 2880 638 2938 42.
661 2883 935 2956 Synagoga
944 2885 1102 2956 prius
1131 2894 1315 2943 contra
1333 2889 1502 2945 Deum
1523 2891 1682 2956 clam,
1699 2897 1879 2962 postea
1896 2893 2082 2964 palam

478 2975 666 3026 erecta.
706 3001 777 3012 —
805 2973 868 3026 In
897 2973 1068 3031 altum
1100 2975 1341 3032 struthio
1377 2977 1488 3033 alas
1513 2976 1696 3049 erigit,
1728 2977 1952 3050 quando
1981 2995 2080 3034 suo

477 3059 752 3116 conditori
783 3063 1070 3136 Synagoga
1117 3082 1226 3120 non
1262 3073 1322 3122 ut
1363 3076 1524 3123 antea
1567 3067 1943 3137 formidando,
1985 3067 2079 3125 sed

480 3155 667 3221 aperte
679 3147 792 3222 jam
813 3153 1168 3226 repugnando
1184 3154 1602 3213 contradicit.In
1616 3155 2075 3230 membraquippe

2195 1987 2341 2056 Equi
2369 1993 2652 2056 amatores,
2684 1996 2732 2044 et
2759 1991 3023 2046 emissarii
3037 1991 3170 2061 facti
3191 1999 3337 2058 sunt,
3357 1997 3726 2069 unusquisque
3743 2000 3816 2054 ad

2199 2091 2422 2136 uxorem
2447 2079 2690 2148 proximi
2722 2081 2807 2135 sui
2837 2083 3107 2138 hinniebat
3131 2083 3348 2154 (larem.
3382 2103 3442 2152 v,
3473 2087 3555 2160 8).

2267 2165 2412 2238 Equi
2434 2167 2658 2222 nomine
2685 2168 2925 2241 dignitas
2951 2174 3271 2244 temporalis
3306 2175 3600 2248 accipitur,
3643 2180 3813 2235 Salo-

2196 2271 2358 2310 mone
2377 2263 2688 2326 attestante,
2719 2259 2814 2331 qui
2835 2261 2914 2316 ait
2938 2278 2950 2316 :
2992 2262 3110 2318 Vidi
3129 2264 3374 2319 servosin
3401 2267 3569 2336 equis,
3593 2274 3644 2322 et
3651 2269 3806 2340 prin-

2194 2344 2329 2414 cipes
2357 2346 2686 2402 ambulantes
2713 2350 2869 2419 quasi
2889 2367 3065 2406 servos
3096 2369 3256 2424 super
3286 2360 3485 2410 terram
3519 2355 3722 2426 (Eccle.
3747 2375 3806 2422 χ,

2197 2432 2275 2506 7),
2307 2434 2501 2491 Omnis
2529 2437 2729 2510 quippe
2776 2439 2870 2512 qui
2896 2448 3086 2512 peccat
3121 2457 3315 2498 servus
3360 2451 3445 2500 est
3488 2448 3728 2518 peccati,
3755 2460 3810 2506 et

2193 2524 2338 2579 servi
2368 2525 2426 2580 in
2456 2525 2611 2598 equis
2654 2535 2784 2583 sunt
2814 2544 2942 2584 cum
2991 2537 3304 2602 peccatores
3340 2537 3628 2605 praesentis
3678 2541 3806 2596 vita

2194 2611 2560 2684 dignitatibus
2605 2616 2931 2674 efferuntur.
2982 2617 3266 2692 Principes
3297 2637 3431 2679 vero
3473 2625 3630 2696 quasi
3660 2629 3803 2683 servi

2191 2701 2497 2772 ambulant,
2523 2721 2651 2761 cum
2670 2707 2871 2762 multos
2886 2707 3154 2780 dignitate
3176 2711 3448 2770 virtutum
3469 2715 3664 2786 plenos
3685 2717 3805 2773 nul-

2192 2790 2277 2847 lus
2307 2791 2486 2850 honor
2513 2796 2694 2868 erigit,
2723 2797 2818 2853 sed
2847 2815 3065 2856 summa
3095 2799 3188 2858 hic
3207 2801 3518 2861 adversitas
3546 2807 3704 2864 velut
3726 2809 3804 2864 in.

2191 2881 2388 2953 dignos
2417 2883 2674 2940 deorsum
2704 2887 2926 2958 premit.
2960 2888 3106 2945 Hinc
3134 2907 3356 2948 rursum
3387 2891 3630 2952 dicitur:
3665 2898 3795 2954 Dor-

2192 2971 2510 3029 mitaverunt
2529 2975 2622 3046 qui
2647 2977 2997 3032 ascenderunt
3024 2995 3186 3050 equos
3208 2981 3384 3052 (Psal.
3408 2999 3582 3052 Lxxv,
3615 2985 3716 3060 7);
3748 2990 3802 3045 id

2192 3068 2294 3129 est,
2321 3061 2379 3118 in
2419 3072 2598 3121 morte
2634 3066 2833 3123 anima
2875 3069 3078 3125 mentis
3117 3069 3311 3128 oculos
3337 3087 3370 3127 a
3399 3073 3652 3132 veritatis
3681 3077 3808 3134 luce

2191 3149 2532 3220 clauserunt,
2550 3154 2646 3226 qui
2668 3154 2727 3211 in
2747 3158 3034 3229 prasentis
3055 3159 3187 3215 vita
3209 3159 3420 3218 honore
3434 3162 3636 3220 conﬁsi
3650 3174 3800 3224 sunt.

477 3237 688 3296 diaboli
717 3243 1012 3312 transiens,
1042 3253 1098 3300 et
1121 3245 1396 3303 mendacii
1425 3245 1709 3332 hominem
1738 3249 1916 3304 Deum
1945 3265 2074 3306 cre-
2106 3235 2150 3295 C
2257 3241 2402 3332 Equi
2421 3244 2647 3301 nomine
2667 3244 2773 3304 hoc
2794 3248 2976 3320 ipsum
2997 3265 3238 3321 prasens
3257 3253 3524 3310 saeuium
3549 3253 3803 3328 designa-

477 3326 632 3396 dens,
655 3337 846 3386 contra
875 3331 1064 3388 ﬁdeles
1078 3340 1230 3390 tanto
1253 3335 1310 3390 in
1340 3334 1514 3390 altum
1545 3326 1853 3405 extollitur,
1871 3345 2079 3410 quanto

477 3423 534 3472 et
560 3417 660 3474 Dei
679 3435 878 3491 corpus
905 3437 962 3478 se
987 3439 1106 3479 esse
1123 3423 1410 3496 gloriatur.
1431 3424 1562 3492 Qua
1583 3425 1714 3499 quia
1731 3443 1844 3483 non
1899 3429 2076 3486 solum

477 3503 879 3566 humanitatem
948 3511 1192 3568 Domini.
1213 3512 1307 3570 sed
1337 3515 1508 3586 ipsam
1531 3514 1698 3572 etiam
1727 3515 2078 3576 divinitatem

476 3605 730 3678 despicit,
763 3623 876 3666 non
905 3616 1124 3666 tantum
1144 3611 1406 3684 equitem,
1429 3611 1525 3668 sed
1553 3628 1897 3670 ascensorem
1911 3613 2079 3671 etiam

475 3695 677 3768 equitis
705 3697 920 3756 irridet.
949 3700 1086 3756 Nam
1114 3701 1390 3758 custodita
1409 3701 1622 3759 unitate
1649 3719 1896 3776 personae
1930 3705 2078 3762 valet

471 3781 730 3857 intelligi,
782 3786 911 3858 quia
950 3787 1194 3846 Verbum
1225 3791 1326 3847 Dei
1358 3799 1493 3849 tunc
1531 3791 1771 3864 equitem
1799 3793 2074 3862 ascendit,

471 3872 692 3946 quando
721 3873 1052 3934 animatamc
1066 3894 1254 3936 arnem
1283 3879 1391 3936 sibi
1423 3880 1569 3938 intra
1583 3889 1804 3940 uterum
1821 3883 2074 3958 Virginis

471 3961 741 4022 condidit.
774 3963 928 4022 Tunc
945 3966 1186 4040 equitem
1215 3968 1484 4049 ascendit,
1517 3970 1740 4044 quando
1769 3970 2070 4030 humanam

471 4054 712 4112 animam
742 4057 978 4130 propria
1023 4059 1178 4116 carni
1215 4060 1623 4133 prasidentem,
1654 4061 1850 4122 divino
1894 4066 2072 4122 cultui

469 4143 825 4216 semetipsum
851 4147 1091 4206 creando
1117 4148 1455 4224 subjugavit.
1491 4151 1726 4211 Carnem
1757 4154 1960 4228 quippe
1991 4155 2072 4211 di-

471 4230 678 4288 vinitas
704 4233 890 4291 anima
917 4237 1195 4295 mediante
1229 4241 1488 4314 suscepit,
1520 4250 1575 4298 et
1619 4259 1714 4315 per
1755 4242 1864 4300 hoc
1889 4251 2070 4302 totum

471 4317 638 4376 simul
667 4322 910 4394 equitem
937 4326 1138 4395 tenuit,
1168 4328 1300 4402 quia
1329 4328 1388 4384 in
1417 4330 1712 4402 semetipso
1741 4347 1854 4388 non
1886 4335 2065 4390 solum

469 4405 624 4462 illam
671 4423 793 4480 qua
830 4409 1137 4482 regebatur,
1173 4414 1268 4470 sed
1315 4413 1458 4473 hanc
1487 4417 1652 4473 etiam
1681 4433 1804 4492 qua
1846 4421 2068 4494 regebat

467 4495 746 4554 astrinxit.
784 4499 974 4558 Judaa
999 4501 1188 4575 igitur,
1219 4521 1316 4577 per
1352 4506 1654 4566 adventum
1695 4510 2068 4584 superbientis

2187 3335 2300 3398 tur,
2323 3331 2466 3389 sicut
2484 3334 2650 3391 Iacob
2671 3353 2804 3394 voce
2820 3337 3026 3396 dicitur
3049 3359 3061 3397 :
3085 3341 3210 3398 Fiat
3228 3343 3353 3398 Dan
3367 3344 3581 3402 coluber
3607 3345 3667 3400 in
3684 3347 3800 3415 uia,

2189 3429 2408 3478 cerastes
2437 3425 2496 3479 in
2513 3427 2718 3494 semita,
2756 3431 3006 3486 mordens
3042 3433 3292 3504 ungulas,
3313 3435 3436 3506 equi
3460 3441 3522 3490 ut
3541 3437 3703 3493 cadat
3719 3457 3801 3495 as-

2189 3527 2370 3568 sensor
2387 3513 2502 3582 ejus
2525 3523 2668 3572 retro
2689 3519 2904 3589 (Genes.
2929 3537 3082 3590 χιιι,
3109 3522 3225 3593 17).
3248 3523 3369 3591 Quo
3396 3524 3456 3581 in
3475 3525 3802 3586 testimonio

2189 3599 2324 3673 quid
2344 3619 2518 3676 equus
2532 3606 2807 3678 signiﬁcet
2829 3611 3028 3666 melius
3047 3610 3416 3683 ostendimus,
3443 3614 3490 3670 si
3508 3625 3565 3673 et
3591 3632 3659 3672 ea
3679 3634 3800 3692 qua

2189 3689 2552 3751 circumstant
2592 3697 2758 3769 paulo
2804 3698 3070 3756 subtilius
3110 3717 3474 3775 exponamus.
3524 3689 3798 3765 Nonnulli

2187 3781 2334 3838 enim
2365 3783 2433 3840 de
2462 3785 2615 3843 tribu
2642 3788 2761 3844 Dan
2791 3789 2981 3846 venire
3010 3791 3421 3851 Antichristum
3444 3795 3659 3867 ferunt,
3699 3815 3800 3873 pro

2186 3889 2250 3928 eo
2264 3874 2410 3946 quod
2427 3874 2534 3933 hoc
2553 3877 2675 3934 loco
2689 3881 2807 3936 Dan
2827 3887 2886 3936 et
2897 3880 3124 3939 coluber
3142 3883 3408 3941 asseritur
3420 3894 3476 3942 et
3499 3887 3770 3946 mordens
3781 3933 3794 3946 .

2187 3963 2342 4019 Unde
2368 3972 2422 4020 et
2442 3981 2557 4022 non
2588 3967 2870 4026 immerito
2898 3970 3033 4027 dum
3060 3973 3398 4031 Israeliticus
3423 3977 3672 4048 populus
3691 3986 3797 4035 ter~

2185 4067 2272 4108 ras
2301 4052 2359 4108 in
2387 4063 2697 4114 castrorum
2726 4059 3025 4131 partitione
3052 4063 3377 4136 susciperet,
3426 4064 3646 4138 primus
3676 4069 3796 4126 Dan

2181 4140 2252 4198 ad
2278 4143 2611 4217 Aquilonem
2627 4156 3040 4208 castrametatus
3060 4159 3142 4208 est
3159 4153 3351 4222 (Num.
3377 4170 3441 4223 ιι,
3472 4155 3568 4228 25)
3591 4175 3615 4223 ;
3629 4157 3795 4216 illum

2182 4230 2392 4289 scilicet
2419 4234 2662 4306 signans,
2692 4237 2789 4310 qui
2815 4237 2874 4294 in
2903 4239 3067 4298 corde
3091 4257 3193 4298 suo
3228 4241 3483 4300 dixerat:
3519 4245 3721 4305 Sedebo
3735 4249 3792 4304 in

2181 4327 2352 4378 monte
2372 4325 2680 4394 testamenti,
2712 4325 2771 4381 in
2789 4327 3040 4384 lateribus
3059 4330 3371 4402 Aquilonis;
3397 4335 3687 4393 ascendam
3707 4357 3794 4396 su-

2173 4427 2273 4483 per
2301 4411 2637 4469 altitudinem
2677 4415 2917 4486 nubium,
2947 4418 3138 4474 similis
3179 4436 3269 4476 ero
3316 4422 3596 4481 Altissimo
3632 4426 3790 4498 (Isai.

2178 4516 2298 4569 xxv,
2321 4501 2408 4570 13,
2435 4502 2549 4575 14).
2571 4506 2650 4561 De
2670 4521 2780 4580 quo
2800 4514 2854 4563 et
2868 4523 2964 4580 per
2983 4509 3308 4584 prophetam
3320 4511 3530 4570 dicitur
3553 4532 3568 4571 :
3589 4517 3642 4574 Α
3673 4518 3795 4576 Dan

467 4585 801 4646 Antichristi
822 4590 1016 4664 laqueo
1035 4592 1374 4654 seductionis
1387 4605 1563 4670 capta,
1583 4599 1712 4672 quia
1747 4600 2070 4674 Redempto-

2191 4591 2398 4646 auditus
2427 4598 2504 4648 est
2527 4592 2774 4664 fremitus
2804 4613 3060 4667 equorum
3086 4599 3201 4669 ejus
3259 4601 3476 4674 (Jerem.
3508 4619 3639 4674 vm,
3675 4607 3794 4680 16).

467 4691 582 4732 rem
611 4686 862 4736 nostrum
892 4679 1160 4738 humilem
1179 4683 1348 4742 fuisse
1368 4685 1516 4744 inter
1532 4687 1794 4746 homines
1814 4690 2066 4764 despicit,

469 4768 884 4833 1015deridet
897 4773 1296 4850 equitem,quia
1307 4794 1438 4836 vero
1448 4779 1634 4854 ejusin
1647 4782 1909 4841 omnibus
1923 4783 2068 4842 divi-

461 4865 624 4925 nitati
639 4868 991 4940 contradicit,
1014 4869 1226 4930 deridet
1244 4873 1614 4934 nihilominus
1628 4884 1682 4934 et
1695 4895 2063 4938 ascensorem.

460 4957 900 5034 SedRedemptor
912 4977 1012 5020 nos
1019 4971 1098 5020 ter
1113 4980 1256 5022 unus
1271 4963 1528 5040 idemque
1541 4975 1596 5023 et
1608 4977 1855 5042 eques,et
1864 4987 1930 5044 eq
1937 4971 2069 5028 uitis

459 5054 542 5104 est
566 5063 853 5120 ascensor;
885 5059 941 5108 et
967 5069 1095 5110 cum
1123 5053 1182 5111 in
1211 5055 1482 5112 mundum
1501 5057 1854 5128 venit,fortes
1873 5069 2067 5118 contra

459 5141 731 5200 mundum
780 5144 1167 5216 praedicatores
1195 5146 1489 5216 exhibuit;
1538 5156 1593 5205 et
1619 5166 1747 5207 cum
1778 5151 1839 5208 in
1869 5153 2064 5210 mundi

458 5232 697 5288 termino
724 5233 1056 5294 Antichristi
1099 5237 1372 5295 fallaciam
1417 5239 1633 5309 tolerat,
1666 5240 1928 5300 virtutem
1959 5261 2059 5317 pro

2177 4678 2282 4746 Qui
2313 4695 2425 4738 non
2453 4682 2635 4740 solum
2671 4683 2918 4755 coluber,
2947 4685 3044 4744 sed
3074 4687 3240 4745 etiam
3262 4698 3504 4750 cerastes
3532 4678 3792 4764 vocatur,

2175 4778 2382 4850 Κέρατα
2396 4772 2546 4830 enim
2567 4774 2752 4832 Graec
2781 4792 2982 4850 cornua
3001 4778 3196 4835 Latine
3217 4778 3506 4852 dicuntur,
3534 4799 3791 4858 serpens-

2175 4885 2280 4941 que
2309 4868 2402 4926 hic
2429 4877 2694 4928 cornutus
2735 4888 2851 4931 esse
2879 4873 3221 4946 perhibetur,
3271 4892 3368 4950 per
3413 4893 3581 4953 quem
3617 4881 3790 4956 digne

2175 4957 2508 5016 Antichristi
2537 4959 2810 5018 adventus
2828 4963 3114 5032 asseritur,
3145 4966 3277 5039 quia
3305 4976 3502 5025 contra
3530 4969 3784 5028 ﬁdelium

2176 5051 2346 5107 vitam
2375 5068 2503 5109 cum
2541 5069 2729 5110 morsu
2771 5054 3044 5127 pestifera
3073 5056 3487 5128 pradicationis
3533 5070 3791 5119 armatur

2174 5143 2340 5201 etiam
2369 5145 2631 5202 cornibus
2662 5146 2968 5219 potestatis.
3002 5148 3137 5218 Quis
3165 5157 3349 5207 autem
3369 5151 3584 5210 nesciat
3603 5155 3785 5212 semi-

2174 5240 2285 5289 tam
2307 5235 2678 5307 angustiorem
2697 5252 2811 5292 esse
2831 5253 2997 5310 quam
3027 5238 3174 5294 viam
3192 5241 3220 5295 9
3240 5240 3330 5296 Fit
3349 5256 3478 5313 ergo
3492 5243 3612 5303 Dan
3631 5245 3786 5301 colu-

458 5332 516 5372 se
541 5319 880 5378 certantibus
907 5322 1326 5394 subministrat;
1359 5334 1422 5383 ut
1449 5343 1576 5384 cum
1605 5328 1868 5402 antiquus
1883 5330 2060 5388 hostis
2166 5322 2332 5380 herili
2349 5324 2667 5398 via,quiain
2683 5328 2966 5397 praesentis
2984 5328 3414 5387 νίῐωιδῑίῑιιάίηθ
3428 5347 3523 5388 θοε
3534 5332 3784 5394 δωδιιὶει·

461 5403 520 5458 in
557 5404 654 5462 illa
679 5422 780 5463 sua
817 5409 982 5468 citius
1027 5413 1271 5472 ﬁnienda
1297 5415 1552 5474 libertate
1597 5417 1836 5488 laxatur,
1868 5419 2062 5479 ﬁdeles

462 5495 633 5550 nostri
665 5502 785 5552 tant
825 5498 1058 5571 majores
1104 5504 1252 5562 vires
1292 5507 1586 5579 accipiant,
1631 5517 1838 5583 quanto
1866 5519 2059 5568 contra

460 5581 836 5642 adversarium
851 5589 1094 5648 solutum
1113 5596 1543 5668 pugnant.Unde
1563 5581 1795 5656 hiccum
1817 5600 2060 5658 struthio

459 5670 572 5726 alas
599 5671 833 5742 elevare,
865 5692 1202 5737 ascensarem
1235 5690 1288 5737 et
1307 5685 1547 5758 equitem
1576 5687 1828 5744 deridere
1860 5688 2060 5746 descri-

457 5757 629 5827 bitur,
655 5759 806 5817 illieo
823 5763 1052 5821 fortium
1073 5768 1493 5838 praedicatorum
1515 5777 1782 5834 memoria
1799 5777 2061 5850 subroga-

459 5853 565 5919 tur,
597 5857 650 5906 et
677 5849 885 5908 dicitur
903 5869 916 5908 :

2169 5429 2228 5468 re
2255 5421 2534 5486 provocat,
2555 5414 2758 5488 quibus
2778 5416 2935 5490 quasi
2958 5419 3234 5490 parcendo
3247 5419 3559 5492 blantitur;
3585 5429 3780 5488 1016

2169 5509 2264 5566 sed
2294 5509 2352 5564 in
2369 5508 2462 5566 via
2481 5510 2715 5580 mordet,
2740 5512 2868 5585 quia
2888 5528 2981 5570 eos
2995 5514 3198 5588 quibus
3217 5515 3529 5575 libertatem
3549 5520 3776 5592 tribuit,

2169 5597 2372 5653 erroris
2397 5597 2483 5654 sui
2504 5613 2717 5656 veneno
2745 5617 2878 5658 cons
2894 5601 3058 5660 umit.
3081 5604 3171 5661 Fit
3197 5613 3430 5662 cerastes
3460 5607 3520 5663 in
3550 5609 3774 5680 semita,

2171 5687 2301 5761 quia
2321 5701 2458 5760 quos
2479 5686 2668 5743 ﬁdeles
2685 5690 2906 5762 reperit,
2937 5699 2991 5748 et
3007 5707 3123 5750 sese
3139 5693 3206 5750 ad
3224 5696 3482 5769 praecepti
3529 5699 3777 5759 caelestis

2169 5785 2400 5850 angusta
2451 5777 2650 5833 itinera
2671 5781 3125 5854 const'ingentes,
3166 5801 3279 5842 non
3309 5786 3491 5844 solum
3513 5791 3772 5864 nequitia

2169 5870 2382 5928 callida
2411 5871 2781 5944 persuasionis
2807 5873 3047 5950 impetit,
3077 5877 3174 5936 sed
3200 5877 3370 5938 etiam
3401 5889 3614 5942 terrore
3656 5902 3774 5960 po-
