3936 6382
117 439 210 498 597

827 437 1208 495 MOBALIUM
1246 439 1379 497 LIB.
1421 440 1631 497 XXXI.
1672 473 1743 483 —
1781 442 1852 499 IN
1891 443 2118 500 CAPUT
2156 446 2400 504 XXXIX
2443 450 2503 505 B.
2545 450 2688 505 JOB.

3304 457 3409 516 398

118 566 309 627 testatis
365 564 591 653 premit,
617 572 673 620 et
716 564 755 653 ‘7
784 563 843 619 in
883 566 1280 636 persecutionis
1312 582 1538 639 angore,
1577 576 1701 640 post
1726 570 1779 629 A
1809 585 1987 627 sermo
2015 574 2400 643 convenerint,
2431 591 2779 648 nequaquam
2824 579 3003 636 virtus
3048 582 3408 653 perfectionis

115 655 363 716 beneﬁcia
389 653 532 711 fictae
562 652 896 722 dulcedinis,
920 663 1139 711 exercet
1166 673 1372 713 cornua
1395 660 1694 731 potestatis.

117 750 224 818 Quo
241 746 296 803 in
325 745 450 803 loco
476 761 650 818 equus
679 743 830 802 hunc
859 746 1129 803 mundum
1171 748 1437 819 insinuat,
1479 752 1572 824 qui
1604 768 1700 824 per

114 837 388 895 elationem
416 849 571 890 suam
603 834 662 914 in
691 850 857 891 cursu
890 836 1193 893 labentium
1221 847 1532 912 temporum
1565 858 1697 914 spu-

115 936 230 985 mat.
258 926 330 981 Et
347 923 479 999 quia
496 904 876 982 Antichristus
906 935 1154 984 extrema
1181 904 1377 987 mundi
1399 904 1695 1003 apprehen-

112 1018 227 1074 dere
253 1015 473 1084 nititur,
490 1022 727 1071 cerastes
746 1015 848 1072 iste
877 1018 1004 1091 equi
1032 1020 1268 1091 ungulas
1288 1020 1540 1077 mordere
1563 1040 1698 1095 per-

113 1107 339 1164 hibetur.
373 1106 616 1178 Ungulas
662 1106 866 1180 quippe
895 1108 1025 1180 equi
1057 1109 1309 1166 mordere
1345 1120 1424 1168 est
1452 1120 1698 1168 extrema

111 1198 283 1254 saeculi
317 1196 338 1232 ³
366 1194 619 1252 feriendo
650 1196 989 1269 contingere.
1030 1200 1095 1256 Ut
1121 1200 1279 1256 cadat
1303 1218 1551 1257 ascensor
1586 1203 1698 1273 ejus

112 1293 239 1343 retro
269 1285 475 1357 (Genes.
509 1302 663 1353 xux,
701 1287 809 1359 17).
856 1290 1128 1345 Ascensor
1175 1291 1301 1363 equi
1338 1300 1419 1348 est
1449 1293 1697 1366 quisquis

111 1377 382 1434 extollitur
415 1375 475 1432 in
518 1375 889 1448 dignitatibus
932 1378 1148 1435 mundi.
1184 1380 1290 1448 Qui
1323 1388 1472 1437 retro
1500 1382 1695 1439 cadere

110 1467 318 1534 dicitur,
347 1473 400 1522 et
428 1482 543 1522 non
574 1466 632 1521 in
660 1466 882 1535 faciem,
917 1467 1062 1524 sicut
1090 1470 1289 1526 Saulus
1305 1470 1567 1527 cecidisse
1590 1489 1695 1527 me-

107 1567 336 1617 moratur
353 1558 503 1627 (Act.
520 1575 602 1627 1x,
625 1558 704 1631 4).
724 1559 788 1614 In
805 1557 1002 1616 faciem
1020 1561 1168 1616 enim
1191 1562 1383 1618 cadere
1406 1570 1488 1621 est
1512 1564 1569 1620 in
1592 1564 1695 1622 hac

109 1649 212 1705 vita
238 1663 361 1704 suas
405 1663 862 1722 unumquemque
909 1650 1101 1722 culpas
1148 1667 1464 1723 agnoscere,
1497 1670 1694 1727 easque

110 1738 407 1813 pmnitendo
434 1737 657 1795 deﬂere.
679 1738 844 1795 Retro
880 1754 1012 1795 vero
1042 1756 1152 1813 quo
1181 1758 1291 1796 non
1325 1743 1566 1812 videtur,
1594 1761 1695 1801 ca-

107 1829 239 1898 dere,
269 1836 349 1885 est
377 1844 448 1885 ex
482 1828 588 1886 hac
617 1829 735 1885 vita
772 1836 998 1902 repente
1025 1831 1045 1864 ³
1082 1829 1366 1901 decedere,
1396 1840 1450 1888 et
1477 1833 1545 1889 ad
1573 1851 1693 1908 quae

1807 662 2110 731 apparebit.
2135 663 2255 719 Non
2276 663 2427 718 enim
2446 665 2683 719 multum
2707 665 2928 736 prodest
2944 668 2988 722 si
3010 669 3261 727 sublimis
3278 674 3406 730 vitae

1811 751 2126 821 operatione
2152 752 2411 808 suffultus
2441 753 2531 822 sit,
2564 753 2609 808 si
2642 762 2824 809 tamen
2857 755 3132 829 loquendo
3157 776 3270 816 non
3302 779 3408 817 va~

1806 838 1883 929 let
1906 839 2097 929 adhoc
2116 842 2254 897 alios
2280 842 2519 898 excitare
2537 843 2683 915 quod
2714 843 3009 902 sentit.Vel
3031 848 3166 920 quid
3190 851 3410 929 prodest

1806 926 1944 982 bene
1972 928 2244 1003 loquendo
2260 931 2396 987 alios
2417 931 2733 1001 accendere,
2760 934 2804 989 si
2827 935 3181 1008 semetipsum
3201 926 3410 995 indicat

1809 1018 1949 1073 male
1978 1018 2220 1076 vivendo
2252 1022 2521 1092 torpuisse
2545 1022 2573 1077 ‘f
2614 1022 2757 1089 Quia
2803 1039 2932 1095 ergo
2962 1026 3022 1081 in
3052 1025 3408 1098 praedicatore

1807 1123 2025 1163 necesse
2053 1117 2135 1164 est
2163 1116 2225 1165 ut
2254 1109 2322 1164 ad
2350 1109 2746 1182 perfectionem
2774 1118 2965 1176 1017
2999 1122 3235 1189 utraque
3266 1133 3410 1173 con-

1807 1203 2053 1273 veniant,
2088 1221 2228 1279 equo
2257 1222 2357 1261 suo
2386 1206 2658 1262 Dominus
2687 1216 2741 1264 et
2770 1226 2895 1266 cum
2928 1211 3162 1267 actionis
3190 1212 3408 1268 fortitu-

1806 1293 1935 1350 dine
1966 1294 2248 1351 hinnitum
2281 1295 2432 1351 vocis
2463 1303 2517 1351 et
2544 1313 2670 1353 cum
2693 1295 2919 1354 hinnitu
2950 1299 3103 1356 vocis
3131 1299 3410 1356 fortitudi-

1804 1401 1931 1440 nem
1965 1386 2242 1442 ministrat
2272 1387 2529 1443 actionis.
2560 1387 2631 1443 Et
2659 1388 2967 1445 notandum
2998 1406 3097 1446 cur
3128 1389 3404 1457 hinnitus,

1804 1475 1899 1547 qui
1926 1475 2160 1531 interius
2190 1476 2455 1532 nimirum
2488 1492 2582 1547 per
2606 1483 2797 1548 guttur
2825 1477 3070 1547 ducitur,
3096 1480 3226 1552 equi
3262 1481 3407 1536 collo

1803 1562 2160 1630 circumdari,
2201 1564 2257 1621 id
2286 1573 2367 1621 est
2395 1563 2552 1638 quasi
2590 1582 2688 1637 per
2716 1583 2912 1638 gyrum
2942 1566 3091 1623 trahi
3132 1567 3403 1637 exterius,

1804 1651 2042 1722 dicatur,
2077 1654 2209 1726 quia
2226 1654 2488 1710 videlicet
2516 1654 2928 1727 praedicationis
2948 1673 3061 1713 vox
3081 1657 3149 1713 de
3171 1657 3408 1713 internis

1803 1752 2041 1813 emanat,
2060 1743 2154 1800 sed
2183 1750 2339 1799 extra
2370 1744 2695 1802 circumdat.
2717 1747 2853 1803 Nam
2875 1765 2983 1820 quo
3010 1748 3149 1804 alios
3170 1748 3239 1803 ad
3264 1748 3408 1804 bene

1804 1832 2105 1888 vivendum
2136 1832 2389 1899 suscitat,
2422 1849 2487 1898 eo
2535 1831 2603 1888 ad
2653 1833 2794 1890 bene
2841 1836 3116 1907 agendum
3163 1843 3216 1891 et
3246 1852 3409 1908 opera

106 1917 355 1992 supplicia
387 1917 632 1975 ducatur
675 1917 950 1990 ignorare.
1001 1920 1073 1974 Et
1116 1920 1248 1993 quia
1275 1921 1463 1978 Iudaea
1492 1924 1693 1982 erroris
1722 1933 1769 1993 B
1804 1921 2158 1994 praedicantis
2184 1920 2340 1993 ligat,
2362 1937 2431 1977 ne
2449 1928 2607 1977 extra
2636 1938 2947 1979 sermonem
2978 1924 3125 1980 actio
3147 1931 3406 1992 transeat,

104 2007 179 2062 sui
206 2006 409 2080 laqueis
440 2015 628 2080 capta,
676 2024 778 2079 pro
820 2007 1044 2065 Christo
1074 2008 1484 2068 Antichristum
1516 2029 1692 2087 expe-

105 2104 220 2165 ctat,
248 2096 384 2153 bene
414 2097 586 2154 Jacob
616 2096 809 2152 eodem
857 2097 980 2153 loco
1009 2107 1234 2171 repente
1280 2099 1340 2155 in
1381 2100 1688 2158 electorum

106 2201 222 2242 voce
239 2202 541 2243 conversus
557 2194 661 2255 est,
678 2186 870 2244 dicens
890 2205 901 2242 :
929 2189 1181 2245 Salutare
1194 2195 1341 2244 tuum
1362 2193 1688 2262 exspectabo,

104 2274 304 2331 Domine
329 2276 356 2345 (
365 2277 550 2332 Genes.
573 2293 731 2345 xmx,
754 2277 843 2351 18)
865 2296 879 2345 ;
923 2276 980 2334 id
1001 2286 1102 2346 est,
1124 2296 1236 2335 non
1267 2280 1411 2338 sicut
1439 2281 1690 2339 inﬁdeles

105 2364 518 2433 Antichristum,
537 2365 632 2421 sed
647 2382 769 2422 eum
792 2365 888 2440 qui
909 2367 965 2422 in
988 2368 1423 2441 redemptionem
1445 2380 1689 2427 nostram

104 2462 348 2511 venturus
373 2462 476 2523 est,
503 2455 523 2490 ⁴
553 2471 747 2511 verum
778 2456 942 2512 credo
967 2456 1207 2513 ﬁdeliter
1236 2459 1542 2518 Christum.

161 2542 297 2616 Equi
323 2546 553 2601 nomine
588 2545 913 2618 praeparatio
943 2554 1105 2603 rectae
1134 2548 1463 2607 intentionis
1491 2551 1689 2625 accipi-

102 2639 198 2701 tur,
215 2632 355 2690 sicut
382 2635 652 2707 scriptum
674 2641 784 2691 est:
816 2637 1007 2705 Equus
1030 2644 1269 2708 paratur
1295 2640 1354 2695 in
1381 2640 1517 2695 diem
1542 2641 1685 2707 belli,

103 2725 175 2778 sed
196 2724 455 2781 Dominus
502 2726 727 2780 salutem
772 2725 959 2780 tribuit
992 2726 1182 2798 (Prov.
1230 2744 1349 2796 χχι,
1396 2728 1511 2801 31),
1559 2730 1689 2803 quia

105 2822 268 2870 contra
293 2814 662 2870 tentationem
693 2814 917 2887 quidem
948 2832 1004 2871 se
1033 2817 1254 2873 animus
1281 2827 1574 2890 praeparat,
1592 2819 1687 2875 sed

105 2904 192 2960 nisi
217 2904 533 2978 adjuvetur,
566 2903 863 2959 salubriter
892 2920 1002 2960 non
1044 2904 1308 2962 decertat.

159 2996 296 3068 Equi
315 2993 546 3051 nomine
567 3001 787 3051 sanctus
803 2994 1035 3068 quisque
1054 2997 1382 3068 praedicator
1395 3002 1683 3074 accipitur,

106 3085 348 3159 propheta
376 3091 691 3151 attestante,
723 3084 819 3157 qui
857 3084 970 3140 ait:
1024 3086 1221 3142 Misisti
1250 3088 1308 3143 in
1336 3107 1483 3145 mare
1527 3109 1685 3163 equos

107 3180 220 3242 tuos,
239 3176 508 3231 turbantes
535 3190 705 3244 aquas
732 3175 931 3231 multas
946 3175 1177 3247 (Habac.
1213 3194 1296 3247 In,
1330 3180 1444 3251 15).
1474 3181 1683 3250 Quietae

104 3267 281 3359 quippe
320 3283 478 3341 aquae
512 3266 825 3339 jacuerunt,
860 3266 991 3359 quia
1023 3266 1283 3325 humanas
1326 3280 1536 3328 mentes
1584 3273 1683 3330 diu
1716 3298 1760 3359 α

104 3354 344 3413 vitiorum
371 3373 601 3413 suorum
630 3364 849 3428 torpore
871 3357 1063 3428 sopitae
1092 3365 1244 3415 sunt.
1275 3359 1380 3416 Sed
1402 3362 1560 3434 equis
1586 3364 1685 3420 Dei

104 3459 231 3501 mare
258 3446 539 3503 turbatum
565 3454 669 3515 est,
700 3446 831 3519 quia
851 3446 1035 3503 missis
1064 3447 1268 3504 sanctis
1297 3449 1686 3522 praedicatori-

102 3532 211 3604 bus,
240 3551 398 3592 omne
427 3552 527 3593 cor
555 3534 702 3610 quod
731 3535 993 3607 pestifera
1014 3537 1306 3594 securitate
1333 3541 1564 3613 torpuit,
1586 3541 1685 3597 im-

105 3626 248 3697 pulsu
272 3628 547 3685 salutiferi
566 3628 785 3686 timoris
806 3628 1051 3700 expavit.
1075 3629 1192 3686 Hoc
1213 3629 1397 3704 itaque
1413 3632 1537 3688 loco
1555 3631 1687 3705 equi

103 3721 304 3779 nomine
331 3731 557 3781 sanctus
584 3721 912 3797 praedicator
940 3722 1231 3795 accipitur,
1254 3740 1381 3780 cum
1402 3724 1563 3782 beato
1583 3726 1685 3783 Job

104 3804 317 3869 dicitur:
351 3811 493 3887 [Vet.
530 3812 682 3879 XIX,
702 3813 821 3868 Rec.
843 3809 971 3886 ΧΙ.]
998 3812 1255 3883 Nunquid
1268 3813 1527 3885 praebebis
1556 3832 1687 3886 equo

104 3896 464 3973 fortitudinem,
498 3908 598 3960 aut
624 3900 979 3958 circumdabis
1001 3902 1138 3958 collo
1166 3902 1282 3973 ejus
1308 3902 1571 3959 hinnitum
1587 3906 1616 3961 Ῠ

163 4043 242 4102 lli.
269 4047 602 4108 Prwdicator
632 4055 885 4122 tanquam
903 4065 1066 4121 equus
1093 4049 1282 4107 habeat
1316 4068 1352 4107 a
1379 4051 1488 4107 Deo
1516 4050 1688 4121 forti-

108 4133 332 4207 tudinem,
360 4145 420 4196 ut
440 4146 581 4196 recte
607 4145 770 4212 agat;
797 4145 847 4195 et
873 4140 1160 4208 hinnitum,
1191 4147 1250 4196 ut
1276 4142 1466 4213 optime
1485 4141 1683 4198 doceat.

106 4251 164 4265 -
188 4226 285 4285 Sed
316 4230 448 4303 quid
475 4236 567 4288 est
594 4231 743 4305 quod
772 4231 905 4288 huic
942 4248 1084 4306 equo
1132 4234 1405 4290 Dominus
1446 4250 1503 4290 se
1532 4234 1687 4306 prius

106 4310 218 4373 dare
236 4316 642 4390 fortitudinem,
660 4330 716 4379 et
729 4322 1080 4393 postmodum
1102 4323 1245 4381 collo
1264 4323 1382 4397 ejus
1402 4324 1685 4381 hinnitum

107 4401 419 4467 circumdare
436 4410 638 4469 asserit
656 4411 684 4469 7
704 4411 943 4469 Hinnitu
961 4413 1111 4469 enim
1144 4430 1257 4471 vox
1277 4413 1687 4485 praedicationis

109 4494 431 4565 exprimitur.
480 4498 664 4557 Verus
710 4492 915 4557 autem
944 4503 1177 4577 quisque
1206 4502 1533 4576 praedicator
1561 4512 1688 4561 ante

110 4577 483 4661 fortitudinem,
522 4596 576 4646 et
596 4591 947 4663 postmodum
983 4592 1271 4649 hinnitum
1298 4594 1522 4666 accipit,
1556 4594 1687 4667 quia

1800 2028 1869 2067 ne
1892 2011 2013 2067 voci
2038 2011 2152 2068 vita
2173 2010 2534 2068 contradicat.
2554 2011 2711 2069 Collo
2734 2029 2861 2085 ergo
2882 2013 3008 2085 equi
3031 2012 3284 2069 hinnitus
3305 2013 3407 2069 cir-

1801 2099 2180 2169 cumducitur,
2205 2100 2335 2174 quia
2362 2117 2433 2157 ne
2460 2100 2527 2156 ad
2558 2117 2816 2173 perversa
2836 2118 3001 2175 opera
3024 2102 3272 2175 prodeat,
3295 2103 3409 2159 suis

1800 2192 2032 2250 vocibus
2059 2194 2227 2250 etiam
2263 2192 2379 2249 vita
2408 2193 2760 2266 praedicantis
2802 2194 3108 2251 obsidetur.
3154 2195 3298 2251 Hinc
3328 2203 3409 2252 est

1801 2284 1949 2341 enim
1968 2282 2116 2357 quod
2145 2290 2400 2357 potenter
2417 2281 2817 2340 dimicantibus
2843 2285 2902 2340 in
2928 2301 3156 2341 munere
3186 2291 3410 2357 torques

1799 2372 1982 2441 datur,
2002 2382 2064 2429 ut
2081 2374 2210 2447 quia
2225 2374 2381 2447 signa
2402 2373 2675 2431 virtutum
2696 2382 2930 2446 gestant,
2954 2373 3164 2447 majora
3193 2391 3409 2447 semper

1803 2470 2115 2531 exerceant,
2161 2470 2216 2519 et
2249 2462 2558 2519 debilitatis
2586 2464 2797 2520 crimen
2828 2464 3107 2521 incurrere
3134 2472 3405 2532 metuant,

1799 2552 1932 2611 dum
1965 2553 2023 2610 in
2063 2553 2376 2626 semetipsis
2413 2551 2527 2625 jam
2576 2552 2925 2609 fortitudinis
2966 2561 3047 2610 est
3088 2553 3402 2626 premium,

1801 2643 1823 2678 ⁵
1854 2643 2003 2717 quod
2036 2650 2334 2700 ostentant.
2369 2642 2524 2700 Unde
2553 2650 2700 2698 recte
2729 2642 2791 2698 in
2820 2642 2979 2700 laude
3010 2643 3292 2717 sapientiae
3314 2659 3405 2699 au-

1796 2732 1965 2789 ditori
2012 2733 2243 2790 cuilibet
2282 2750 2380 2806 per
2435 2734 2782 2790 Salomonem
2830 2731 3081 2791 dicitur:
3140 2734 3407 2789 Coronam

1794 2822 2097 2892 gratiarum
2124 2823 2346 2892 accipies
2377 2822 2539 2893 capiti
2560 2829 2669 2886 tuo,
2687 2828 2735 2877 et
2764 2828 3001 2893 torquem
3028 2840 3248 2880 auream
3269 2823 3404 2879 collo

1797 2915 1885 2965 tuo
1903 2912 2096 2984 (Prov.
2126 2929 2163 2979 ι,
2196 2911 2277 2982 9).
2311 2910 2607 2983 Sequitur:

2188 3026 2420 3085 CAPUT
2459 3026 2620 3085 xxv
2662 3025 2807 3100 meo.
2849 3027 3010 3104 x11].

1868 3147 2039 3203 Vens.
2054 3144 2221 3202 20.—
2233 3145 2491 3217 Nunquid
2514 3145 2791 3201 suscitabis
2811 3161 2926 3201 eum
2947 3145 3104 3216 quasi
3131 3146 3356 3203 locustas
3377 3150 3404 3203 ?

1864 3233 1954 3291 45.
1989 3236 2096 3291 Per
2128 3237 2356 3291 locustae
2382 3251 2500 3305 qua:
2528 3234 2744 3289 debeant
2766 3235 3012 3305 intelligi.
3039 3235 3295 3291 Iudaicus
3308 3253 3404 3308 po-

1790 3329 1971 3399 pulus.
2000 3326 2181 3383 Saltus
2205 3325 2465 3396 quosdam
2489 3324 2651 3388 dedit,
2682 3329 2729 3378 et
2767 3324 2822 3378 in
2853 3325 3258 3380 terram‘statim
3278 3326 3401 3381 ceci-

1796 3416 1897 3471 dit.
1920 3446 1990 3457 —
2019 3415 2379 3471 Locustarum
2411 3413 2639 3469 nomine
2669 3412 2971 3485 aliquando
2998 3413 3260 3470 Iudaicus
3293 3430 3403 3486 po-

1797 3507 1979 3579 pulus,
2043 3505 2342 3579 aliquando
2406 3520 2675 3562 conversa
2730 3504 3047 3577 gentilitas,
3104 3506 3405 3580 aliquando

1796 3596 2143 3653 adulantium
2170 3596 2377 3668 lingua,
2409 3593 2708 3668 aliquando
2732 3609 2865 3650 vero
2903 3610 2999 3666 per
3018 3595 3407 3666 comparatio-

1798 3702 1921 3743 nem
1953 3684 2280 3742 resurrectio
2326 3684 2627 3754 domiuica,
2670 3683 2756 3739 vel
2805 3682 3230 3756 praedicatorum
3281 3680 3397 3741 vita

1796 3776 2066 3849 signatur.

1867 3866 2010 3933 Quia
2027 3865 2175 3922 enim
2195 3864 2511 3921 Iudaeorum
2532 3861 2799 3936 populum
2822 3862 3047 3919 locustae
3067 3862 3403 3935 exprimant,

1796 3955 1913 4011 vita
1941 3955 2168 4011 Joannis
2196 3954 2397 4025 signat,
2446 3952 2514 4009 de
2546 3966 2655 4023 quo
2687 3951 2955 4023 scripturn
2986 3957 3103 4006 est:
3149 3952 3403 4007 Locustas

1796 4052 1844 4100 et
1870 4046 1970 4100 mel
2000 4045 2235 4099 silvestre
2265 4043 2445 4097 edebat
2476 4042 2690 4111 (Matth.
2724 4057 2810 4108 In,
2832 4039 2914 4110 4).
2943 4041 3181 4097 Joannes
3200 4040 3402 4114 quippe

1797 4150 1920 4191 eum
1954 4149 2117 4208 quem
2148 4132 2451 4205 prophetia:
2482 4130 2814 4187 auctoritate
2843 4130 3189 4201 pronuntiat,
3233 4131 3400 4186 etiam

1796 4223 1974 4295 specie
2003 4222 2256 4279 ciborum
2295 4222 2513 4277 clamat.
2545 4223 2606 4277 In
2640 4218 2936 4291 semetipso
2971 4217 3120 4273 enim
3153 4218 3401 4291 designa-

1796 4314 1880 4368 vit
1902 4312 2220 4380 Dominum,
2254 4328 2415 4385 quem
2446 4309 2731 4384 praevenit.
2765 4309 2873 4376 Qui
2903 4308 3174 4364 nimirum
3217 4309 3276 4364 in
3307 4325 3403 4365 re—

1797 4403 2173 4475 demptionem
2196 4410 2441 4458 nostram
2470 4400 2721 4468 veniens,
2741 4398 2873 4472 quia
2892 4397 3252 4454 infructuosae
3272 4415 3404 4471 gen-

1796 4493 2018 4550 tilitatis
2061 4492 2413 4551 dulcedinem
2462 4491 2719 4564 sumpsit,
2750 4492 2771 4526 ⁷
2809 4489 2915 4547 mel
2963 4488 3215 4544 silvestre
3266 4488 3399 4545 edit.

1797 4582 1937 4652 Quia
1964 4598 2097 4639 vero
2115 4582 2433 4639 Iudaeorum
2455 4581 2669 4654 plebem
2700 4581 2760 4636 in
2786 4596 2889 4636 suo
2907 4594 3137 4651 corpore
3157 4595 3227 4634 ex
3248 4586 3402 4652 parte

111 4684 220 4729 cum
237 4673 290 4733 in
314 4692 370 4735 se
389 4679 546 4752 prius
573 4679 712 4736 vitia
737 4681 1091 4750 exstinxerit,
1106 4689 1242 4738 tunc
1261 4683 1283 4717 ις
1305 4697 1404 4753 pro
1433 4666 1686 4738 emdien.
1711 4666 1761 4726 D
1796 4673 2091 4741 convertit,
2124 4672 2183 4729 in
2211 4673 2336 4730 cibo
2367 4673 2602 4729 locustas
2629 4670 2860 4744 accepit.
2890 4670 3043 4741 Ipsos
3058 4684 3299 4741 namque
3314 4670 3403 4725 lo-

113 4757 185 4818 dis
227 4764 344 4824 aliis
371 4768 439 4826 ad
469 4786 667 4827 vocem
699 4769 1110 4843 praedicationis
1139 4770 1312 4828 venit.
1355 4773 1547 4845 Equus
1576 4772 1678 4828 iste

112 4846 258 4911 habet
283 4856 686 4930 fortitudinem,
719 4861 850 4935 quia
876 4860 1107 4918 adversa
1121 4869 1438 4919 constanter
1455 4862 1674 4918 tolerat.

115 4937 267 5001 Habet
297 4944 595 5019 hinnitum,
626 4950 759 5025 quia
800 4950 872 5008 ad
907 4967 1143 5024 superna
1176 4949 1469 5007 blandiens
1496 4957 1679 5008 vocat.

115 5027 239 5091 Huic
264 5052 398 5112 equo
424 5041 695 5099 Dominus
725 5050 780 5098 et
804 5039 1195 5098 fortitudinem
1224 5047 1281 5096 et
1308 5039 1595 5096 hinnitum
1625 5055 1683 5096 se

116 5116 227 5181 dare
250 5133 494 5202 testatur,
515 5132 645 5206 quia
673 5131 735 5188 in
760 5130 1116 5205 praedicatore
1148 5128 1266 5201 ejus
1288 5128 1396 5185 nisi
1417 5136 1472 5185 et
1495 5128 1607 5185 vita
1630 5134 1685 5183 et

181 5329 341 5409 ‘Ed.,
371 5335 427 5391 in
468 5336 844 5409 persecutionis
864 5337 1149 5409 languore.
1195 5333 1407 5409 Quibus
1437 5333 1693 5409 praetuli-

122 5412 229 5473 ΨΜ
267 5405 388 5463 Mss.
438 5404 655 5468 n'ostros
704 5408 928 5465 Ebroic.
972 5404 1224 5473 aliosque
1277 5404 1493 5473 Norat,
1552 5404 1691 5462 duos

121 5468 306 5554 Germ,
336 5478 593 5554 Vindoc.,
639 5482 763 5554 γει.
813 5478 923 5554 CL,
967 5487 1072 5554 etc_.
1098 5468 1505 5554 Sanefurente
1534 5477 1693 5554 Anti-

121 5538 309 5627 Chfisto
328 5565 435 5627 non
461 5538 880 5627 lang'uebit,_s_ed
900 5538 1137 5627 fervebit
1158 5550 1341 5627 potius
1361 5548 1689 5627 persecutio.

184 5614 613 5702 ibitis-Anglic.
664 5614 985 5702 et_'Norni.,
1029 5614 1269 5702 feriendo
1311 5614 1691 5702 cohstriﬁgﬁ’f?’

122 5680 296 5768 delius
324 5680 906 5768 videttir,vcontingere,
938 5680 1088 5768 quod
1118 5694 1176 5749 in
1224 5692 1486 5750 omnibus
1514 5680 1696 5748 Evditis

120 5761 263 5815 etiam
293 5771 399 5822 vet.
432 5761 680 5825 habetur.

182 5829 202 5907 ξ’
230 5831 346 5907 Kal.
379 5836 461 5893 Cl.
492 5848 545 5895 et
573 5841 683 5897 duo
714 5841 925 5907 Germ.,
958 5837 1211 5893 decidere.

183 5900 202 5937 ‘
231 5902 348 5963 Vet.
370 5907 472 5967 Ed.
503 5910 675 5970 Paris.
706 5919 760 5969 et
803 5900 995 5979 Basil.,
1027 5908 1257 5982 aliaeque
1285 5908 1566 5980 deinceps,
1599 5923 1699 5963 ve-

1798 4772 1967 4822 custae
1995 4762 2307 4836 signiﬁcant
2336 4762 2546 4819 subitos
2575 4760 2746 4817 saltus
2770 4760 2982 4827 dantes,
3000 4757 3096 4814 sed
3127 4758 3391 4830 protinus

1795 4854 1864 4911 ad
1894 4861 2099 4911 terram
2132 4852 2407 4910 cadentes.
2427 4852 2608 4908 Saltus
2637 4852 2791 4907 enim
2833 4849 3040 4906 dabant
3066 4865 3189 4904 cum
3210 4862 3405 4919 praece-

1796 4953 1892 5019 pta
1919 4943 2147 5001 Domini
2177 4958 2235 4999 se
2281 4942 2513 5013 implere
2543 4940 2975 5013 promitterent;
3019 4936 3114 4992 sed
3142 4935 3305 4993 citius
3333 4934 3405 4990 ad

1799 5043 1999 5092 terram
2023 5031 2316 5097 cadebant,
2336 5046 2462 5086 cum
2479 5046 2576 5103 per
2592 5045 2764 5101 prava
2790 5043 2958 5099 opera
2977 5025 3095 5081 haec
3107 5040 3163 5080 se
3179 5022 3399 5080 audisse

1800 5123 2153 5195 denegarent.
2184 5119 2493 5178 Videamus
2526 5118 2582 5173 in
2615 5117 2696 5172 eis
2731 5115 2886 5188 quasi
2916 5112 3207 5187 quemdam
3239 5111 3403 5166 locu-

1802 5348 1925 5387 rum
1958 5328 2233 5385 credendo.
2267 5326 2453 5382 Lectio
2482 5330 2671 5380 nostra.
2698 5329 2779 5379 est
2801 5321 3161 5388 Mss.Norm.,
3192 5319 3400 5389 Laud.,

1802 5402 1927 5461 Val.
1957 5400 2040 5458 Cl.
2072 5407 2126 5455 et
2152 5398 2310 5454 duor.
2346 5398 2531 5454 Germ.

1881 5476 1901 5508 ⁵
1933 5473 2163 5539 Turon.,
2186 5487 2288 5539 pro
2315 5469 2579 5524 emendis.

1877 5548 1899 5581 ⁶
1941 5534 2159 5611 Germ,
2186 5534 2449 5608 Vindoc.,
2497 5539 2719 5597 Ebroic.
2770 5534 2974 5609 aliique
3021 5535 3235 5605 Norm.,
3266 5536 3408 5606 quod

1807 5617 2103 5674 ostendant.
2136 5610 2229 5670 Sic
2256 5614 2420 5669 etiam
2453 5611 2615 5671 Corb.
2649 5610 2859 5676 Germ.,
2891 5616 3185 5681 antequam
3210 5623 3408 5665 emen-

1810 5690 2035 5746 daretur
2065 5694 2117 5743 et
2147 5685 2498 5761 scriberetur,
2523 5688 2811 5761 _ost_e_nta_n_t.
2870 5750 2881 5761 .

1880 5763 1900 5796 ⁷
1934 5758 2405 5832 Turon.,ﬂGermq,
2438 5756 2561 5832 val.
2590 5751 2938 5832 Cl.,ij3bro.ic.
2958 5751 3166 5832 aiiique
3186 5752 3399 5832 Noun,

1809 5832 1974 5889 edidit
2001 5848 2098 5904 pro
2127 5821 2250 5886 edit.
2275 5821 2437 5904 Co_rb_.
2474 5828 2659 5904 Germ.
2684 5821 2773 5884 Vsic
2802 5823 2967 5879 etiam
2989 5821 3225 5879 habebat
3252 5827 3400 5877 ante-

1810 5920 1975 5980 quam
2002 5900 2252 5961 delerent
2275 5901 2544 5977 syllabam
2571 5900 2648 5957 di.
