3936 6388
546 380 652 442 599

1759 395 2012 453 SANCTI
2072 399 2410 461 GREGORII
2445 407 2672 468 MAGNI

3779 429 3880 485 600

545 514 754 562 starum
771 507 1003 564 saltum:
1032 511 1224 567 Omnia
1244 514 1402 570 verba
1421 531 1538 586 qua:
1559 518 1762 574 locutus
1781 522 2148 591 estDominus,
2179 527 2226 587 Α
2257 538 2400 598 rant,
2430 535 2649 606 quando
2676 537 2832 594 vanis
2861 538 3118 598 laudibus
3145 547 3518 617 quorumdam
3556 549 3682 624 iam
3717 553 3876 626 quasi

546 600 590 626 ,ι
620 593 872 626 ρηηὶμη...
902 602 950 626 ..ι
976 598 1252 626 ι...,,1;-.....-
1284 602 1468 626 In--.)
1523 621 1658 626 ____-,
1718 607 1769 626 σῃ
1836 608 1903 626 π·
1927 609 1943 626 ι
2259 621 2275 626 -
2367 622 2377 626 -

544 600 592 648 et
615 593 872 664 faciemus
899 602 950 650 et
972 598 1252 655 audiemus
1283 602 1486 672 (Exod.
1523 621 1683 674 xxiv,
1715 607 1796 679 3).
1836 608 2138 668 Videamus

542 689 727 739 autem
769 684 1047 756 quomodo
1089 688 1254 744 citius
1298 689 1363 746 ad
1413 699 1613 749 terram
1664 705 1873 752 ruunt:
1929 699 2143 756 Utinam

546 773 742 830 mortui
768 791 992 831 essemus
1019 777 1077 832 in
1104 779 1359 850 Egi/pta,
1380 787 1430 835 et
1453 799 1557 836 non
1578 784 1634 838 in
1661 786 1756 840 hac
1778 794 1931 844 vasta
1959 790 2140 846 solitu-

543 862 699 918 dine!
735 863 945 920 Utinam
980 882 1278 935 pereamus,
1310 875 1360 922 et
1384 886 1492 924 non
1522 871 1740 928 inducat
1766 891 1861 930 nos
1886 877 2144 935 Dominus

545 951 600 1004 in
627 958 825 1008 terram
851 952 1008 1008 istam
1035 956 1226 1024 (Num.
1260 973 1380 1026 XIV,
1403 959 1460 1030 3)
1488 960 1500 1014 l
1534 961 1783 1019 Locustae
1815 981 1942 1038 ergo
1963 976 2142 1036 erant,

541 1041 672 1112 quia
716 1039 993 1098 habebant
1038 1044 1239 1100 saltum
1284 1061 1380 1118 per
1425 1064 1640 1119 vocem,
1700 1060 1756 1108 et
1809 1071 1996 1113 casum
2051 1074 2148 1130 per

541 1131 835 1186 actionem.

615 1215 753 1292 [Vet.
785 1217 934 1293 ΧΧ.]
964 1218 1054 1278 46.
1093 1222 1321 1279 Gentiles
1350 1226 1564 1284 locustis
1593 1229 1898 1303 signiﬁcati,
1929 1239 1976 1288 et
2000 1233 2149 1288 adu-

544 1308 767 1363 lantium
785 1308 1104 1380 lingucequa:
1119 1311 1375 1368 bonorum
1391 1317 1652 1388 operumf
1650 1326 1831 1374 ructus
1851 1321 2144 1379 devastant.

539 1428 610 1440 —-
627 1397 987 1454 Locustarum
1005 1415 1220 1474 quoque
1249 1404 1474 1461 nomine
1501 1407 1778 1478 gentilitas
1805 1410 2144 1483 designatur,

542 1487 833 1545 Salomone
879 1491 1330 1572 attestantehqui
1373 1493 1478 1550 ait:
1525 1495 1763 1552 Florebit
1806 1499 2142 1570 amygdalus,

541 1577 958 1650 impinguabitur
989 1579 1208 1648 locusta,
1236 1581 1253 1615 ¹
1285 1581 1638 1655 dissipabitur
1663 1587 1912 1658 capparis
1937 1589 2146 1658 (Eccle.

539 1684 642 1736 xu,
673 1667 752 1740 5).
790 1667 1132 1740 Amygdalus
1155 1671 1357 1743 quippe
1391 1672 1580 1732 ﬂorem
1619 1676 1773 1748 prius
1803 1679 2023 1735 cunctis
2051 1695 2151 1734 ar-

538 1755 767 1812 boribus
786 1756 1046 1813 ostendit.
1063 1759 1134 1813 Et
1148 1759 1282 1830 quid
1299 1759 1358 1816 in
1375 1762 1507 1820 ﬂore
1523 1780 1608 1820 am
1617 1765 1924 1838 ygdalinisi
1947 1775 2149 1824 sanctae

539 1845 800 1902 Ecclesiae
826 1845 1129 1917 primordia
1147 1847 1509 1921 designantur
1526 1855 1554 1910 ?
1585 1871 1706 1927 quae
1737 1855 1795 1911 in
1824 1855 2143 1927 praedicato-

540 1932 694 1990 ribus
729 1933 846 1991 suis
884 1935 1200 2006 primitivos
1226 1939 1501 1998 virtutum
1532 1941 1694 2000 ﬂores
1723 1947 1960 2017 aperuit,
1991 1955 2045 2003 et
2074 1948 2142 2004 ad

540 2023 826 2080 inferenda
853 2041 1016 2096 poma
1041 2025 1312 2083 bonorum
1342 2046 1592 2102 operum,
1617 2041 1879 2090 venturos
1903 2043 2140 2105 sanctos,

539 2113 694 2186 quasi
715 2112 937 2170 arbusta
957 2117 1243 2188 sequentia
1264 2119 1551 2188 praevenit.
1571 2121 1633 2177 In
1649 2139 1757 2194 qua
1778 2141 1910 2178 mox
1931 2124 2142 2181 locusta

471 2213 480 2222 '
539 2201 883 2276 impinguata
910 2213 1012 2273 est,
1043 2207 1175 2278 quia
1207 2207 1352 2264 sicca
1382 2211 1707 2280 gentilitatis
1732 2213 1994 2270 sterilitas
2021 2215 2141 2287 pin-

539 2291 772 2364 guedine
800 2301 880 2349 est
907 2295 1093 2366 gratiae
1124 2297 1362 2353 cmlestis
1390 2299 1594 2357 infusa.
1629 2301 1890 2374 Capparis
1913 2304 2140 2378 dissipa-

537 2387 650 2449 tur,
677 2381 806 2454 quia
833 2399 959 2439 cum
990 2385 1223 2456 gratiam
1254 2385 1383 2442 ﬁdei
1413 2399 1606 2446 vocata
1627 2391 1906 2464 gentilitas
1934 2394 2137 2466 attigit,

536 2469 744 2540 Iudaea,
776 2471 834 2527 in
864 2489 962 2529 sua
989 2473 1280 2532 sterilitate
1306 2492 1618 2548 remanens,
1640 2479 1778 2536 bene
1797 2481 2026 2538 vivendi
2056 2499 2140 2538 or-

537 2558 725 2616 dinem
751 2563 958 2620 amisit.
978 2563 1125 2620 Hinc
1151 2581 1371 2621 rursum
1398 2583 1495 2639 per
1517 2569 1772 2626 eumdem
1790 2571 2138 2628 Salomonem

537 2648 776 2706 dicitur:
807 2654 996 2724 Regem
1029 2659 1220 2717 1018
1252 2656 1454 2713 locusta
1475 2674 1578 2714 non
1607 2661 1777 2727 habet,
1801 2667 1850 2717 et
1873 2663 2140 2734 egreditur

504 2813 512 2821 ο
537 2744 786 2801 universa
793 2763 894 2818 per
922 2753 1125 2805 turmas
1153 2767 1280 2806 suas
1311 2751 1498 2823 (Prov.
1531 2772 1669 2826 xxx,
1692 2759 1808 2829 27),
1832 2760 1961 2832 quia
1989 2761 2138 2817 vide-

538 2832 666 2889 licet
693 2832 955 2893 derelicta
983 2839 1262 2910 gentilitas
1282 2842 1462 2898 aliena
1489 2843 1698 2901 dudum
1720 2863 1752 2902 a
1781 2846 1975 2904 divino
1996 2849 2137 2922 regi-

536 2921 686 2978 mine
717 2925 953 2992 exstitit,
969 2926 1065 2983 sed
1091 2935 1274 2984 tamen
1295 2930 1546 2988 ordinata
1576 2936 1926 3006 postmodum
1947 2921 2138 2994 contra

535 3013 884 3073 adversantes
915 3019 1146 3090 spiritus
1173 3020 1242 3076 ad
1271 3021 1402 3078 ﬁdei
1429 3023 1635 3081 bellum
1671 3029 1956 3099 processit.

604 3101 692 3159 47.
721 3105 971 3164 Locustae
989 3108 1258 3166 vocabulo
1274 3110 1462 3183 lingua
1480 3113 1759 3172 adulantis
1779 3117 2132 3190 exprimitur:

533 3192 681 3264 quod
728 3193 992 3251 exhibita
1041 3197 1262 3254 coalitus
1307 3201 1583 3274 [Egyptiae
1638 3205 1795 3278 plaga
1840 3213 2129 3275 testantur,

533 3297 655 3352 quae
691 3281 1038 3354 exigentibus
1085 3287 1300 3342 meritis
1343 3291 1703 3362 corporaliter
1749 3297 1917 3351 semel
1963 3296 2132 3354 illatae

543 3375 706 3434 sunt;
739 3369 834 3426 sed
858 3387 978 3443 quae
1003 3372 1147 3428 mala
1174 3391 1368 3445 pravas
1400 3387 1610 3436 mentes
1637 3383 1886 3454 quotidie
1914 3383 2132 3456 feriant,

531 3453 856 3528 Spiritaliter
926 3459 1302 3532 signaverunt.
1377 3453 1669 3540 Scriptum,
1725 3487 1964 3546 namque
2011 3453 2129 3532 esti

539 3546 728 3604 Ventus
757 3563 914 3603 urens
935 3549 956 3584 ³
979 3549 1182 3606 levabat
1203 3553 1450 3624 locustas,
1473 3574 1590 3628 qua,
1607 3561 1952 3618 ascenderunt
1976 3581 2136 3636 super

531 3634 832 3692 universam
879 3643 1080 3694 terram
1105 3641 1350 3714 rEgypti,
1381 3654 1800 3720 operueruntque
1832 3652 2133 3710 universam

527 3724 720 3795 faciem
759 3733 932 3798 terra,
978 3736 1244 3786 vastantes
1291 3733 1489 3789 omnia.
1539 3735 1810 3794 Devorata
1850 3748 1926 3798 est
1969 3744 2134 3816 igitur

527 3815 690 3872 herba
719 3822 893 3886 terrae,
925 3824 974 3874 et
1018 3819 1280 3890 quidquid
1301 3837 1586 3892 pomorum
1621 3825 1677 3880 in
1712 3828 1996 3889 arboribus
2025 3832 2135 3903 fuit

526 3904 738 3974 (Exod.
772 3923 830 3976 x,
866 3907 1075 3981 l3-l5).
1111 3909 1208 3966 His
1237 3909 1386 3967 enim
1414 3913 1691 3988 Egyptus
1737 3919 1908 3992 plagis
1941 3922 2134 3980 aﬂ‘ecta

527 4003 629 4063 est,
661 3995 721 4051 in
751 3996 977 4070 quibus,
1025 3999 1288 4056 exteriori
1317 4005 1669 4073 percussione
1700 4019 1994 4080 commota,
2022 4011 2132 4068 do-

528 4085 774 4158 lensque,
799 4088 1157 4160 perpenderet
1177 4106 1300 4162 quae
1323 4090 1722 4152 devastationis
1749 4097 1952 4156 damna
1979 4102 2130 4159 inte-

525 4173 642 4229 rius
671 4176 956 4249 negligens
983 4179 1262 4250 toleraret,
1286 4189 1349 4236 ut
1369 4181 1504 4238 dum
1524 4183 1660 4240 foris
1680 4187 1859 4256 perire
1875 4190 2126 4262 minima,

526 4262 622 4317 sed
647 4265 891 4336 amplius
912 4265 1113 4324 dilecta
1132 4277 1402 4337 cerneret,
1425 4287 1521 4342 per
1539 4287 1728 4329 eorum
1751 4277 1987 4348 speciem
2009 4295 2129 4354 quae

527 4349 679 4406 intus
704 4354 1005 4424 pertulerat
1052 4357 1306 4428 graviora
1351 4358 1600 4416 sentiret.
1641 4362 1788 4428 Quid
1827 4373 2006 4423 autem
2024 4349 2130 4440 per

525 4439 986 4513 signiﬁcationem
1016 4443 1241 4500 locustae
1272 4446 1629 4517 portendunt,
1661 4467 1782 4523 quae
1813 4453 1934 4526 plus
1963 4439 2126 4530 quam

525 4535 719 4584 cetera
738 4529 972 4586 minima
995 4547 1223 4605 quaeque
1255 4534 1559 4592 animantia
1589 4536 1850 4598 humanis
1877 4529 2129 4618 frugibus

525 4625 750 4685 nocent,
801 4619 909 4675 nisi
956 4619 1171 4692 linguas
1213 4623 1580 4695 adulantium,
1615 4647 1735 4703 quae
1782 4639 2125 4696 terrenarum

523 4707 816 4766 hominum
861 4717 1094 4780 mentes,
1127 4713 1173 4769 si
1215 4715 1436 4788 quando
1483 4717 1627 4776 bona
1655 4721 1842 4797 aliqua
1880 4727 2124 4798 proferre

521 4802 897 4876 conspiciunt,
930 4803 1047 4862 haec
1089 4805 1510 4867 immoderatius
1558 4812 1834 4872 laudando
1863 4835 2123 4877 corrum-

518 4893 700 4966 punt?
730 4895 962 4952 Fructus
993 4897 1198 4972 quippe
1227 4901 1623 4974 ngyptiorum
1653 4913 1734 4961 est
1762 4911 2010 4980 operatio
2037 4928 2120 4968 ce-

517 4982 868 5042 nodoxorum
920 4987 977 5054 3;
1026 5003 1191 5060 quam
1250 4989 1477 5047 locustae
1533 4995 1928 5066 exterminant,
1985 4999 2118 5057 dum

515 5071 802 5132 adulantes
846 5074 1051 5148 lingua;
1083 5075 1152 5132 ad
1190 5077 1522 5150 appetendas
1551 5081 1739 5139 laudes
1777 5087 2120 5146 transitorias

515 5177 609 5216 cor
633 5163 914 5234 operantis
942 5164 1239 5222 inclinant.
1271 5166 1509 5224 Herbam
1533 5186 1663 5226 vero
1685 5171 1910 5230 locusta:
1939 5193 2116 5234 come-

515 5247 675 5316 dunt,
707 5253 928 5322 quando
974 5253 1287 5310 adulatores
1316 5257 1522 5330 quique
1568 5259 1736 5317 verba
1766 5261 2112 5336 loquentium

517 5335 800 5395 favoribus
832 5342 1128 5400 extollunt.
1175 5344 1343 5400 Poma
1381 5363 1598 5422 quoque
1644 5335 1905 5408 arborum
1935 5354 2114 5412 devo-

589 5547 607 5626 ξ
639 5545 834 5626 grate];
867 5555 920 5603 et
951 5550 1132 5626 al.,_et
1158 5553 1526 5626 dissipabitur.

584 5615 608 5696 ξ
640 5617 760 5696 Quo
789 5615 1356 5696 Germ.,_Vindoc.'et
1383 5627 1504 5681 Val.
1540 5627 1648 5696 CL,
1683 5631 1894 5686 levavit.

585 5687 605 5719 ³
636 5687 694 5742 ld
723 5695 825 5773 est,
869 5687 1049 5773 inapis
1078 5692 1262 5763 gloriae
1299 5687 1651 5767 cupidorum,
1696 5717 1728 5756 a
1767 5719 1942 5773 graeca
1977 5721 2108 5762 voce

512 5779 632 5819 com
677 5766 818 5820 osita
844 5765 1114 5830 κενόδοξος.

583 5837 602 5869 ⁵
631 5783 827 5893 Band"
860 5837 984 5893 dum
1013 5858 1114 5893 per;

676 5855 827 5906 auu.,
860 5855 984 5893 aum
1009 5857 1278 5912 perversa.

2253 621 2476 680 fortium
2507 632 2562 680 et
2597 641 2764 698 opera
2791 637 3082 686 enervant.

2321 711 2408 769 48.
2443 715 2668 771 Locusta
2693 718 2956 791 signth
2983 721 3140 778 etiam
3171 723 3373 782 Christi
3399 734 3878 803 resurrectionem,

2250 805 2300 856 et
2331 804 2730 876 praedicatores,
2763 809 2858 878 qui
2897 811 3050 866 modo
3083 813 3156 868 ad
3185 820 3668 889 contemplativam
3714 824 3878 880 vitam

2251 891 2472 960 saliunt,
2502 895 2661 949 modo
2692 897 2960 955 resiliunt.
2981 930 3054 942 —
3073 895 3325 960 Locusta:
3349 907 3583 966 nomine
3603 926 3709 982 per
3734 929 3880 969 como

2253 981 2590 1052 perationem
2624 985 3005 1059 Redemptoris
3033 992 3212 1048 nostri
3236 998 3577 1055 resurrectio
3605 981 3877 1074 designa-

2253 1067 2364 1161 tur.
2401 1067 2542 1142 [Vet.
2574 1071 2754 1148 XXI.]
2789 1073 2941 1131 Unde
2971 1083 3026 1131 et
3056 1093 3190 1135 voce
3238 1079 3359 1153 ejus
3409 1101 3508 1156 per
3533 1067 3872 1161 Prophetam

2252 1154 2460 1214 dicitur
2484 1176 2496 1214 :
2529 1161 2804 1218 Excussus
2829 1180 2949 1220 sum
2977 1166 3114 1222 sicut
3135 1169 3336 1226 locusta
3353 1154 3538 1243 (Psal.
3564 1154 3734 1246 cvin,
3755 1179 3869 1252 23).

2255 1243 2449 1301 Teucri
2481 1247 2632 1304 enim
2658 1267 2715 1306 se
2743 1267 2775 1306 a
2805 1254 3250 1324 persecutoribus
3289 1275 3468 1334 usque
3512 1265 3584 1322 ad
3631 1243 3868 1324 mortem

2257 1335 2522 1404 pertulit;
2572 1338 2666 1394 sed
2701 1340 2844 1429 sicut
2896 1343 3112 1401 locusta
3153 1363 3418 1407 excussus
3462 1361 3566 1422 est,
3615 1356 3754 1429 quia
3806 1359 3872 1413 ab

2255 1440 2446 1483 eorum
2475 1429 2732 1487 manibus
2761 1423 2904 1490 saltu
2920 1434 3118 1492 subitae
3141 1443 3569 1502 resurrectionis
3598 1423 3867 1505 evolavit.

2327 1514 2415 1571 49.
2450 1517 2610 1586 Quod
2633 1519 2826 1576 referri
2856 1538 3074 1598 quoque
3102 1526 3172 1582 ad
3201 1529 3629 1600 praedicatorum
3661 1553 3872 1595 nume-

2256 1619 2378 1660 rum
2410 1614 2606 1678 potest.
2647 1610 2709 1666 In
2739 1609 2876 1682 ipsis
2923 1613 3127 1686 quippe
3173 1617 3319 1674 sicut
3353 1621 3567 1681 locusta
3595 1642 3870 1684 excussus

2257 1700 2358 1761 est,
2382 1695 2510 1767 quia
2534 1697 2725 1754 Iudaea
2751 1699 2811 1755 in
2838 1717 2936 1757 sua
2965 1707 3344 1775 persecutione
3371 1713 3659 1784 saeviente,
3685 1718 3708 1751 ‘
3735 1717 3866 1774 dum

2257 1797 2353 1854 per
2391 1783 2610 1842 diversa
2638 1787 2881 1861 fugiunt,
2911 1793 3066 1864 quasi
3096 1796 3364 1868 quosdam
3392 1803 3726 1862 recessionis
3757 1824 3867 1862 suae.

2175 1882 2222 1942 Β
2257 1871 2428 1928 saltus
2457 1873 2748 1933 dederunt.
2779 1878 2920 1945 Quia
2949 1897 3081 1938 vero
3110 1883 3204 1940 ille
3233 1888 3564 1958 praedicator
3591 1894 3664 1950 ad
3693 1897 3866 1968 perfe-

2252 1961 2454 2018 ctionis
2483 1966 2702 2022 culmen
2728 1967 2980 2040 erigitur,
3014 1972 3110 2044 qui
3131 1990 3241 2031 non
3271 1979 3455 2036 activa
3485 1961 3862 2052 solummodo,

2252 2051 2344 2106 sed
2384 2054 2546 2110 etiam
2592 2059 3026 2131 contemplativa
3068 2063 3183 2120 vita
3227 2067 3519 2140 solidatur,
3565 2083 3718 2132 recte
3748 2076 3865 2150 ipsa

2251 2141 2672 2212 praedicatorum
2727 2149 2992 2219 perfectio
3048 2151 3281 2212 locustis
3335 2163 3699 2234 exprimitur,
3743 2141 3862 2238 quae

2251 2235 2468 2307 quoties
2509 2253 2566 2292 se
2608 2236 2666 2292 in
2699 2255 2828 2294 aera
2866 2242 3119 2299 attollere
3166 2259 3462 2320 conantur,
3513 2235 3777 2326 primum
3807 2275 3860 2313 se

2250 2323 2503 2381 cruribus
2534 2326 2878 2399 impellentes
2917 2331 3228 2405 sublevant,
3261 2345 3318 2394 et
3360 2323 3720 2413 postmodum
3760 2349 3861 2403 alis

2249 2415 2458 2470 volant.
2483 2417 2564 2472 Ita
2584 2417 2850 2474 nimirum
2880 2429 3009 2478 sunt
3036 2427 3213 2482 sancti
3241 2428 3374 2499 viri,
3393 2433 3490 2505 qui
3508 2433 3645 2491 dum
3675 2454 3860 2511 super-

2249 2521 2320 2561 na
2348 2514 2633 2578 appetunt,
2650 2507 2892 2580 primum
2918 2512 3142 2584 quidem
3164 2518 3361 2575 activa:
3381 2522 3510 2579 vita:
3540 2523 3707 2583 bonis
3721 2507 3859 2597 ope-

2249 2593 2401 2651 ribus
2431 2596 2772 2666 innituntur,
2803 2607 2858 2655 et
2886 2607 3018 2660 tunc
3045 2603 3274 2664 demum
3305 2626 3362 2666 se
3379 2611 3450 2668 ad
3478 2613 3746 2673 sublimia
3764 2593 3859 2690 per

2249 2687 2738 2760 contemplationis
2766 2691 2968 2748 saltum
3002 2695 3242 2754 volando
3282 2703 3652 2774 suspendunt.
3686 2687 3856 2765 Crura

2247 2776 2446 2848 ﬁgunt,
2477 2783 2530 2831 et
2557 2777 2672 2832 alas
2700 2788 2953 2848 exerunt,
2985 2782 3006 2816 ⁵
3031 2785 3162 2856 quia
3190 2795 3337 2846 recte
3357 2791 3571 2862 agendo
3600 2811 3658 2850 se
3689 2797 3854 2852 stabi-

2247 2863 2412 2932 liunt,
2431 2873 2484 2921 et
2503 2863 2572 2920 ad
2601 2866 2711 2923 alta
2731 2867 2972 2926 vivendo
2992 2873 3377 2936 sublevantur.
3402 2880 3511 2948 Qui
3533 2881 3589 2938 in
3613 2883 3720 2942 hac
3740 2887 3852 2941 vita

2247 2954 2436 3024 positi,
2481 2953 2578 3010 diu
2621 2955 2681 3011 in
2719 2956 2914 3015 divina
2958 2968 3428 3039 contemplatione
3473 2988 3700 3030 manere
3743 2992 3850 3033 non

2247 3051 2495 3114 possunt,
2529 3043 2642 3112 sed,
2677 3047 2835 3118 quasi
2873 3049 3214 3110 locustarum
3245 3073 3418 3127 more,
3449 3077 3482 3115 a
3511 3062 3659 3118 saltu
3687 3080 3847 3138 quem

2245 3132 2509 3189 dederant
2550 3135 2608 3190 in
2657 3136 2889 3206 pedibus
2926 3141 3041 3196 suis
3089 3159 3145 3199 se
3197 3147 3508 3219 excipiunt,
3551 3132 3849 3227 dum—post

2247 3224 2774 3295 contemplationum
2796 3228 3057 3287 sublimia
3085 3233 3158 3290 ad
3181 3238 3489 3294 necessaria
3507 3241 3708 3300 activae
3725 3224 3849 3300 vita:

2246 3328 2410 3384 opera
2439 3320 2812 3384 revertuntur,
2845 3334 2948 3375 nec
2976 3328 3159 3379 tamen
3193 3325 3253 3380 in
3282 3326 3473 3384 eadem
3510 3330 3630 3387 vita
3667 3335 3849 3390 activa

2245 3417 2526 3458 remanere
2556 3405 2802 3460 contenti
2827 3415 2976 3464 sunt.
3010 3411 3115 3468 Sed
3145 3411 3278 3470 dum
3307 3415 3378 3472 ad
3407 3421 3849 3493 contemplatio-

2244 3507 2368 3546 nem
2392 3491 2772 3551 desideranter
2795 3498 3088 3566 exsiliunt,
3111 3505 3266 3575 quasi
3286 3523 3476 3564 rursus
3502 3491 3848 3569 aera—volan-

2242 3587 2324 3636 tes
2373 3587 2564 3646 1019
2611 3591 2840 3656 petunt;
2895 3589 3178 3664 vitamque
3221 3611 3376 3653 suam
3425 3598 3583 3670 quasi
3626 3601 3847 3660 locustae

2241 3680 2599 3737 ascendentes
2653 3681 3155 3761 descendentesque
3211 3703 3500 3765 peragunt,
3533 3695 3672 3754 dum
3733 3699 3848 3755 sine

2241 3769 2543 3826 cessatione
2590 3786 2804 3842 semper
2847 3781 2902 3830 et
2949 3791 3168 3835 summa
3194 3781 3216 3816 ⁵
3249 3781 3438 3840 videre
3483 3784 3769 3856 ambiunt,
3800 3796 3848 3844 et

2241 3858 2310 3914 ad
2338 3861 2658 3934 semetipsos
2688 3870 2898 3922 natura
2939 3869 3320 3942 corruptibilis
3366 3873 3614 3946 pondere
3653 3880 3847 3935 revol-

2241 3957 2469 4007 vuntur.

2310 4038 2399 4094 50.
2432 4040 2499 4095 In
2521 4057 2650 4111 pace
2667 4043 2917 4099 Ecclesia:
2942 4044 3186 4116 humiles,
3208 4048 3267 4104 in
3291 4053 3657 4122 persecutione
3684 4055 3847 4126 fortes

2239 4131 2287 4181 et
2313 4127 2485 4184 erecti.
2516 4158 2588 4171 —
2631 4130 2730 4185 Est
2765 4130 2948 4190 adhuc
2993 4134 3148 4192 aliud
3186 4137 3334 4210 quod
3383 4139 3612 4199 locusta
3665 4145 3844 4202 simile

2239 4217 2444 4273 sanctis
2472 4218 2924 4290 praedicatoribus
2944 4231 3158 4294 gerunt.
3178 4225 3467 4286 Matutinis
3487 4247 3734 4306 namque
3756 4234 3843 4290 ho-

2239 4303 2335 4371 ris,
2368 4303 2426 4360 id
2453 4313 2537 4362 est
2565 4307 2771 4378 teporis
2801 4314 3048 4381 tempore
3076 4313 3174 4369 vix
3205 4331 3238 4370 a
3263 4321 3411 4372 terra
3438 4334 3497 4374 se
3521 4303 3840 4385 sublevant;

2237 4408 2364 4448 cum
2395 4409 2528 4450 vero
2557 4403 2721 4453 aestus
2749 4399 3036 4468 exarserit,
3072 4408 3226 4459 tanto
3263 4405 3452 4476 altius,
3482 4418 3700 4481 quanto
3727 4413 3844 4468 ala-

2237 4481 2384 4536 crius
2426 4481 2636 4538 volant.
2692 4483 2926 4542 Sanctus
2982 4496 3165 4545 autem
3222 4491 3458 4566 quisque
3514 4497 3844 4567 praedicator

2155 4608 2204 4667 D
2234 4567 2368 4625 dum
2399 4570 2591 4667 quieta
2613 4571 2744 4667 fidei
2775 4581 3026 4667 tempora
3052 4580 3347 4652 conspicit,
3380 4581 3620 4644 humilis
3649 4605 3720 4647 ac
3747 4589 3842 4647 de-

2233 4667 2450 4730 spectus
2477 4661 2762 4732 aspicitur,
2793 4671 2848 4719 et
2878 4664 3103 4724 locusta:
3133 4685 3287 4727 more
3319 4673 3477 4744 quasi
3507 4675 3612 4732 vix
3641 4695 3680 4734 a
3705 4686 3841 4736 terra

2230 4746 2569 4806 sublevatur.
2603 4751 2662 4808 Si
2689 4760 2876 4808 autem
2907 4759 3308 4827 persecutionis
3333 4761 3500 4818 ardor
3531 4766 3552 4799 ⁷
3585 4767 3838 4835 incaleat,

2229 4837 2393 4895 corde
2427 4840 2741 4899 coelestibus
2771 4842 3070 4916 inberens,
3089 4864 3220 4905 mox
3244 4863 3465 4924 quantas
3495 4855 3573 4911 sit
3591 4857 3838 4916 sublimi-

2229 4927 2356 4983 tatis
2386 4928 2662 4997 ostendit;
2695 4938 2750 4987 et
2778 4933 3026 5005 pulsatus
3053 4936 3158 4992 alis
3186 4939 3244 4994 in
3271 4941 3448 4998 altum
3474 4944 3725 5016 rapitur,
3751 4946 3836 5020 qui

2228 5017 2448 5090 quietus
2468 5019 2526 5075 in
2544 5019 2672 5078 imis
2691 5023 2964 5094 torpuisse
2982 5024 3293 5084 videbatur.
3307 5030 3386 5087 De
3403 5030 3510 5090 hoc
3527 5049 3664 5107 ergo
3680 5017 3834 5110 equo,

2228 5106 2286 5162 id
2315 5115 2397 5163 est
2426 5108 2784 5180 praedicatore
2826 5129 2948 5181 suo,
2995 5113 3158 5170 beato
3201 5116 3306 5173 Job
3347 5106 3626 5179 Dominus
3666 5106 3831 5181 dicit:

2227 5197 2483 5270 Nunquid
2516 5199 2792 5257 suscitabis
2819 5219 2937 5258 eum
2970 5204 3131 5276 quasi
3161 5206 3388 5262 locustas
3410 5211 3438 5265 ?
3473 5209 3756 5270 Subaudis
3783 5219 3835 5267 ut

2229 5302 2347 5358 ego,
2378 5287 2474 5360 qui
2503 5303 2567 5343 eo
2592 5287 2753 5344 illum
2783 5288 2854 5346 ad
2877 5291 3080 5348 altiora
3115 5295 3412 5354 excitando
3442 5299 3704 5370 sublevo,
3733 5318 3832 5375 quo

2227 5375 2478 5446 graviore
2505 5377 2903 5448 persecutionis
2931 5388 3068 5438 aestu
3097 5384 3410 5442 excruciari
3449 5389 3752 5460 permitto,
3778 5396 3830 5445 ut

2297 5577 2316 5654 ξ
2351 5576 2527 5654 genu,
2558 5580 2687 5654 quia
2715 5588 2857 5638 recta
2883 5585 3080 5654 agendo
3113 5585 3482 5644 stabiltuntur.

2297 5649 2318 5729 ξ
2348 5649 2523 5729 Editi,
2549 5650 2726 5729 videre
2747 5649 3016 5724 appetunt.
3041 5656 3169 5714 Mss.
3192 5673 3410 5716 summa
3437 5664 3826 5729 consensione,

2225 5718 2398 5774 videre
2415 5721 2672 5778 ambiunt.

2293 5791 2314 5823 ⁷
2345 5790 2496 5848 Editi
2527 5809 2654 5866 cum
2703 5794 2866 5852 Corb.
2898 5797 3106 5866 σίνται,
3141 5799 3296 5857 nullo
3323 5816 3397 5858 ex
3435 5810 3565 5861 cant.
3621 5806 3822 5865 nostris

2220 5861 2349 5920 Mss.
2377 5864 2779 5938 consentiente,
2805 5861 3102 5927 incandeat;
