3936 6382
235 398 343 459 601

984 403 1360 465 MORALIUM
1395 406 1530 465 LIB.
1572 408 1781 468 XXXI.
1820 440 1894 455 —
1930 413 2003 473 IN
2037 416 2266 477 CAPUT
2304 422 2548 481 XXXIX
2588 426 2649 482 Β.
2690 428 2833 486 JOB.

3454 436 3561 496 602

236 524 1332 639 Egcjjlciygf’fufgofﬂEL":fight:
1360 549 1486 590 cum
1506 550 1563 591 εθ
1581 536 1632 591 θί
1652 536 1849 595 arden-
1880 542 1931 602 A
1959 544 2231 639 patriam,
2252 550 2493 639 persolvi
2516 552 2685 622 justis
2731 555 2956 626 prmmia
3000 561 3227 633 appetit,
3275 563 3433 639 quasi
3461 581 3560 639 per

236 615 353 673 tior
382 614 699 672 inﬁdelium
730 616 1029 676 crudelitas
1057 619 1249 676 illidit.

313 703 421 761 Sed
449 720 577 762 cum
606 705 786 762 multa
812 707 1058 765 exterius
1086 717 1309 767 sanctus
1337 711 1667 784 praedicator
1696 718 1849 789 pati-

234 800 352 862 tur,
406 809 535 851 cum
566 792 692 850 dira
724 798 1169 869 persequentium
1213 802 1507 859 vexatione
1553 806 1851 877 cruciatur,
1880 794 1885 799 ’

232 882 366 957 quis
397 882 602 939 intueri
633 883 783 940 valet
811 885 945 958 quid
975 894 1059 942 est
1088 887 1235 961 quod
1258 890 1408 946 intus
1436 894 1730 965 conspicit,
1757 897 1852 968 qui

231 978 324 1029 tot
341 987 446 1028 sua
463 972 713 1029 exterius
740 972 941 1030 damna
962 991 1078 1032 non
1108 979 1277 1034 sentit
1307 979 1336 1035 ?
1362 980 1482 1036 Nisi
1503 982 1650 1038 enim
1673 993 1853 1041 essent

232 1060 384 1117 mira
414 1076 536 1134 qua
564 1061 861 1119 salubriter
875 1063 1028 1120 intus
1043 1074 1431 1138 pascerent,ea
1456 1074 1647 1143 procul
1678 1074 1850 1131 dubio

232 1166 362 1222 qua;
416 1149 786 1208 admoventur
817 1155 1065 1210 exterius
1107 1172 1280 1230 usque
1326 1158 1395 1214 ad
1443 1176 1539 1216 cor
1580 1169 1852 1220 tormenta

234 1239 616 1310 pervenirent.
648 1240 758 1297 Sed
791 1242 850 1298 in
872 1259 995 1301 arce
1021 1245 1136 1317 spei
1166 1262 1222 1302 se
1252 1247 1471 1305 animus
1496 1251 1764 1321 sublevat,
1798 1262 1852 1311 et

237 1328 459 1386 idcirco
492 1331 508 1364 ¹
542 1330 770 1403 objecta:
785 1332 1098 1391 obsidionis
1110 1334 1297 1407 jacula
1317 1339 1548 1395 minime
1564 1341 1845 1400 formidat.

243 1417 405 1473 Unde
433 1426 489 1473 et
517 1418 624 1475 hoc
653 1421 775 1477 loco
803 1423 1097 1493 Dominus,
1144 1434 1207 1482 ut
1236 1428 1489 1485 ostendat
1530 1446 1703 1503 equus
1746 1434 1848 1489 iste

234 1523 410 1580 quam
432 1509 625 1565 suavia
645 1508 760 1581 jam
791 1511 858 1568 de
894 1513 1129 1571 internis
1174 1515 1456 1586 odoretur,
1486 1535 1611 1575 cum
1642 1528 1724 1576 tot
1751 1521 1847 1578 ad-

232 1613 395 1654 versa
423 1597 484 1654 in
511 1600 884 1658 exterioribus
916 1604 1146 1676 patitur,
1180 1614 1325 1662 recte
1357 1606 1648 1681 subjungit
1685 1627 1697 1666 :

807 1726 1036 1785 CAPUT
1077 1731 1233 1788 XXI.

303 1822 444 1879 Iam.
477 1852 549 1863 —
584 1823 776 1880 Gloria
804 1827 1021 1881 narium
1049 1829 1164 1899 ejus
1195 1836 1388 1887 terror.

1961 647 2120 690 nares
2150 634 2408 708 spiritum
2435 638 2503 696 de
2532 640 2738 697 futuris
2764 643 2957 700 trahit.

2030 724 2120 780 52.
2159 726 2302 782 Unde
2316 730 2585 800 gloriatur
2602 730 2806 800 justus,
2838 739 3066 790 terretur
3084 745 3346 808 peccator.
3363 772 3436 785 —
3453 743 3559 801 Sed

1963 812 2136 884 gloria
2154 816 2371 873 narium
2393 817 2512 890 ejus
2530 827 2709 876 terror
2732 828 2833 889 est,
2866 823 2996 896 quia
3026 824 3296 883 visionem
3318 828 3559 890 districti

1956 900 2181 973 judicis,
2214 919 2374 976 quam
2402 904 2587 978 justus
2607 909 2966 967 vehementer
2994 922 3296 985 exspectat,
3318 916 3560 989 injustus

1960 993 2151 1047 venire
2176 994 2457 1051 formidat.
2494 998 2598 1054 Iste
2626 1014 2862 1072 namque
2892 1000 3106 1059 labores
3135 1019 3266 1061 suos
3294 1007 3559 1065 conside-

1960 1097 2107 1151 rans,
2140 1085 2445 1141 mercedem
2475 1086 2860 1146 retributionis
2888 1092 3125 1163 quaerit;
3158 1100 3212 1149 et
3241 1110 3418 1152 causae
3447 1115 3558 1155 suae

1960 1174 2217 1229 meritum
2240 1175 2439 1244 sciens,
2461 1179 2807 1247 praesentiam
2833 1178 3042 1251 judicis
3060 1184 3291 1254 expetit,
3324 1200 3558 1260 eumque

1959 1268 2021 1316 ut
2052 1262 2233 1319 veniat
2257 1263 2314 1318 in
2342 1263 2565 1320 ﬂamma
2594 1266 2758 1338 ignis,
2780 1266 2917 1325 dans
2945 1269 3252 1327 vindictam
3274 1272 3483 1344 impiis,
3504 1281 3558 1331 et

1958 1356 2440 1427 contemplationis
2467 1374 2578 1414 sum
2606 1359 2844 1430 speciem
2877 1363 2899 1397 ⁴
2928 1360 2987 1417 in
3013 1363 3437 1420 retributionem
3467 1365 3556 1421 de-

1957 1442 2137 1500 ferens
2167 1445 2291 1515 piis,
2321 1462 2541 1501 summo
2568 1447 2763 1505 ardore
2781 1451 3145 1523 concupiscit.
3170 1452 3271 1508 Ille
3301 1469 3431 1509 vero
3460 1454 3556 1526 qui

1956 1532 2245 1604 injustitiae
2269 1552 2381 1591 suae
2409 1537 2683 1605 meminit,
2716 1539 2907 1595 venire
2937 1540 2996 1595 in
3021 1538 3300 1611 judicium
3332 1540 3557 1614 perhor-

1956 1622 2139 1692 rescit,
2163 1632 2423 1699 actusque
2443 1642 2571 1683 suos
2585 1627 2891 1684 examinari
2914 1629 3133 1698 metuit,
3155 1630 3284 1702 quia
3304 1629 3555 1686 damnari

1955 1728 2035 1780 se,
2066 1713 2112 1768 si
2141 1714 2549 1783 examinentur,
2585 1717 2760 1772 novit.
2795 1717 2983 1774 Gloria
3029 1733 3157 1790 ergo
3186 1719 3405 1775 narium
3436 1719 3556 1792 ejus

1955 1808 2133 1857 terror
2159 1811 2260 1871 est,
2291 1804 2421 1876 quia
2435 1802 2619 1875 justus
2648 1804 2777 1860 inde
2806 1805 3096 1876 gloriatur,
3126 1806 3275 1862 unde
3304 1818 3557 1879 peccator

302 1912 394 1968 51.
431 1911 565 1967 Cum
596 1918 670 1968 tot
695 1914 929 1970 exterius
957 1891 1185 1973 adversa
1207 1919 1517 1990 patiuntur,
1547 1919 1688 1974 mira
1720 1918 1843 1974 inte-
1875 1904 1923 1965 Β
1958 1892 1979 1926 ⁵
2001 1891 2305 1990 fddmimr‘
2342 1892 2645 1990 Yideflmns
2677 1908 2881 1966 equum
2909 1894 3189 1990 q“°_"‘_°d°
3216 1895 3285 1951 de
3315 1896 3406 1990 Pis
3435 1914 3556 1990 (ΙΨ

228 2001 353 2057 rius
401 2002 464 2057 de
510 2009 712 2058 (eterna
761 2004 1082 2062 beatitudine
1122 2008 1443 2065 odorantur.
1474 2038 1545 2050 —
1585 2009 1647 2063 In
1694 2008 1843 2065 Scri-

228 2099 397 2164 ptura
442 2109 597 2149 sacra
663 2094 935 2152 vocabulo
979 2097 1198 2154 narium
1256 2098 1555 2171 aliquando
1596 2097 1842 2166 fatuitas,

228 2182 536 2256 aliquando
557 2185 778 2257 antiqui
809 2184 986 2242 hostis
1030 2187 1337 2260 instigatio,
1386 2187 1683 2261 aliquando
1713 2203 1845 2243 vero

230 2272 585 2344 praescientia
630 2274 773 2330 solet
816 2274 1075 2350 intelligi.
1115 2276 1353 2334 Naribus
1400 2292 1638 2350 namque
1665 2276 1845 2332 fatui-

225 2369 317 2418 tas
371 2360 720 2435 designatur,
797 2366 945 2423 sicut
1003 2366 1025 2401 ²
1076 2366 1191 2440 jam
1247 2367 1502 2440 superius
1552 2367 1844 2424 Salomone

225 2459 525 2509 attestante
549 2453 845 2512 docuimus
866 2457 960 2530 qui
982 2457 1091 2514 ait:
1123 2459 1371 2516 Circulus
1396 2475 1593 2514 aureus
1610 2459 1669 2513 in
1694 2457 1842 2513 uari-

225 2541 328 2597 bus
342 2542 453 2597 suis
467 2543 664 2599 mulier
673 2546 904 2616 pulchra
924 2554 972 2601 et
989 2546 1147 2617 fatua
1170 2547 1356 2618 (Prov.
1376 2564 1457 2615 xi,
1480 2547 1594 2620 22).
1614 2546 1841 2604 Narium

226 2632 464 2688 nomine
487 2632 813 2691 exhalantes
842 2636 1060 2692 insidiae
1108 2644 1271 2708 atque
1315 2636 1599 2709 instigatio
1628 2636 1841 2710 antiqui

226 2722 412 2779 hostis
436 2722 732 2795 accipitur,
764 2724 911 2796 quod
929 2725 985 2780 in
1009 2724 1116 2782 hoc
1140 2725 1332 2781 eodem
1356 2724 1499 2781 libro
1523 2725 1591 2781 de
1611 2726 1710 2781 illo
1736 2728 1839 2782 Do-

221 2810 423 2866 minus
466 2818 775 2880 attestatur,
808 2812 999 2869 dicens
1032 2831 1043 2868 :
1078 2814 1156 2870 De
1195 2814 1419 2869 naribus
1453 2813 1566 2883 ejus
1607 2815 1844 2885 procedit

224 2899 419 2969 fumus
444 2898 565 2971 (Job
592 2916 708 2969 xu,
737 2901 849 2971 11).
882 2901 965 2958 Ac
989 2901 1036 2957 si
1079 2901 1227 2958 dicat
1260 2920 1272 2958 :
1302 2904 1381 2958 De
1402 2918 1658 2974 perversa
1686 2900 1840 2958 insti-

222 2988 453 3061 gatione
483 2988 637 3045 illius
660 2988 718 3044 in
739 2989 1001 3047 humanis
1018 2991 1281 3047 cordibus
1297 2990 1476 3063 caligo
1492 2991 1841 3064 nequissima)

222 3076 589 3150 cogitationis
615 3080 812 3152 surgit,
849 3096 947 3152 per
976 3097 1142 3155 quam
1173 3080 1485 3137 videntium
1516 3082 1662 3138 oculi
1694 3090 1840 3139 tene-

226 3169 515 3226 brescunt.
572 3169 813 3226 Naribus
865 3187 1083 3245 quoque
1132 3171 1476 3244 praescientia
1503 3171 1839 3244 designatur,

1953 1980 2135 2038 adhuc
2163 1998 2274 2037 non
2302 1981 2456 2037 videt
2479 1980 2594 2053 jam
2624 1998 2722 2054 per
2752 1998 2910 2039 nares
2943 1984 3201 2056 spiritum
3226 1986 3421 2055 trahit,
3456 1987 3556 2042 vi-

1953 2069 2178 2126 deamus
2224 2078 2429 2143 quanta
2471 2070 2647 2141 gloria
2695 2071 2977 2128 attollitur
3018 2088 3146 2128 cum
3170 2070 3286 2145 jam
3324 2081 3559 2129 ventura

1954 2160 2321 2232 praastolatur.
2362 2161 2506 2217 Ecce
2552 2159 2767 2216 labores
2797 2178 2927 2217 suos
2975 2160 3197 2218 intuens
3226 2162 3555 2234 praedicator

1953 2251 2201 2322 egregius
2220 2250 2357 2307 dicit
2387 2268 2399 2305 :
2432 2252 2548 2322 Ego
2562 2249 2681 2320 jam
2710 2251 2932 2320 delibor,
2964 2258 3012 2306 et
3042 2259 3241 2324 tempus
3267 2269 3394 2308 uteie
3420 2269 3559 2309 reso-

1955 2339 2172 2395 lutionis
2200 2339 2380 2395 instat.
2413 2340 2623 2396 Bonum
2650 2346 2909 2397 certamen
2928 2342 3147 2407 certavi,
3177 2358 3388 2397 cursum
3426 2358 3562 2398 con-

1950 2428 2233 2497 summavi,
2261 2429 2415 2500 ﬁdem
2445 2429 2673 2485 servavi.
2704 2431 2784 2486 De
2819 2431 3028 2500 reliquo
3065 2430 3298 2501 reposita
3327 2437 3405 2487 est
3428 2430 3561 2486 mihi

1952 2534 2149 2574 corona
2164 2516 2392 2587 justitice
2418 2534 2580 2589 quam
2608 2518 2791 2573 reddet
2814 2519 2946 2573 mihi
2972 2519 3233 2575 Dominus
3260 2519 3320 2574 in
3347 2520 3448 2576 illa
3475 2520 3560 2575 die

1942 2606 2125 2677 justus
2146 2607 2426 2679 judea:(II
2449 2606 2582 2663 Tim.
2619 2623 2697 2675 iv,
2727 2606 2781 2674 6,
2814 2608 2867 2676 7,
2892 2607 2973 2679 8).
2998 2606 3102 2663 Ubi
3119 2615 3172 2664 et
3187 2615 3310 2680 apte
3326 2606 3556 2679 subjun-

1952 2699 2031 2771 git
2064 2715 2075 2753 :
2114 2699 2236 2755 Non
2266 2700 2439 2755 solum
2467 2706 2643 2756 autem
2682 2701 2833 2769 mihi,
2878 2700 2967 2755 sed
3000 2706 3048 2755 et
3076 2700 3157 2756 his
3193 2701 3288 2773 qui
3330 2700 3560 2772 diligunt

1950 2789 2231 2844 adventum
2254 2789 2367 2859 ejus
2391 2791 2577 2862 (Ibid,
2599 2792 2635 2848 8
2638 2795 2683 2863 ).
2705 2795 2788 2849 Ac
2807 2793 2852 2849 si
2875 2792 3023 2850 dicat
3053 2810 3065 2849 :
3098 2792 3203 2850 Sed
3223 2800 3277 2848 et
3297 2792 3555 2850 omnibus

1952 2877 2048 2948 qui
2077 2876 2183 2933 sibi
2213 2876 2281 2933 de
2300 2878 2445 2934 bona
2472 2880 2788 2951 operatione
2808 2889 2941 2937 sunt
2972 2881 3202 2937 conscii.
3236 2882 3551 2938 Adventum

1954 2965 2102 3021 enim
2136 2963 2344 3037 judicis
2373 2983 2485 3022 non
2527 2967 2792 3040 diligunt,
2826 2969 2933 3025 nisi
2963 2970 3058 3042 qui
3089 2970 3150 3025 in
3177 2986 3339 3026 causa
3365 2986 3465 3026 sua
3496 2986 3553 3025 se

1952 3052 2153 3109 habere
2186 3053 2419 3126 justitias
2459 3055 2718 3111 meritum
2761 3056 2964 3113 sciunt.
3014 3058 3156 3124 Quia
3199 3057 3367 3129 igitur
3406 3056 3553 3114 unde

1951 3142 2218 3216 gloriatur
2231 3141 2434 3215 justus,
2454 3144 2582 3201 inde
2603 3152 2840 3201 terretur
2858 3145 3119 3218 injustus,
3136 3146 3354 3202 dicatur
3365 3153 3512 3202 recte
3536 3163 3547 3201 :

223 3260 378 3316 sicut
407 3274 505 3332 per
545 3231 899 3331 prophetam.
918 3231 1151 3317 diditur.
1180 3278 1193 3316 :
1240 3260 1494 3328 Quiescite
1520 3260 1585 3315 ab
1615 3231 1842 3331 nomine,
1873 3270 1917 3331 ί]
1956 3231 2145 3332 Gloria
2171 3232 2389 3332 "arium
2419 3232 2530 3301 eius
2551 3239 2744 3332 “in.
2778 3233 2882 3289 Sed
2912 3242 3134 3332 an?“
3161 3233 3264 3332 ίδξθ
3297 3233 3554 3332 Ρηθδίξδθ’

223 3349 382 3419 cujus
406 3349 631 3420 sptritus
652 3355 726 3404 est
743 3349 801 3404 in
827 3350 1050 3405 naribus
1077 3348 1211 3419 ejus,
1227 3350 1357 3419 quia
1384 3351 1616 3405 excelsus
1632 3356 1840 3422 reputa-

228 3446 318 3494 tus
364 3443 438 3493 est
483 3438 593 3510 ipse
618 3440 645 3510 (
650 3439 784 3495 1εαὶ.
807 3456 870 3509 ιι,
893 3440 1007 3513 22).
1034 3440 1186 3513 Saepe
1211 3440 1361 3497 enim
1383 3440 1439 3497 id
1460 3440 1607 3513 quod
1628 3457 1738 3497 non
1758 3440 1841 3497 vi-

226 3529 428 3585 demus
456 3527 624 3584 odore
658 3527 1202 3601 comprehendimus,
1232 3528 1311 3586 ita
1354 3535 1417 3585 ut
1444 3530 1725 3586 nonnullae
1754 3546 1840 3587 res

226 3618 398 3676 etiam
428 3634 555 3675 cum
587 3618 747 3690 longe
768 3616 988 3691 jaceant
1018 3620 1038 3654 ³
1069 3617 1371 3690 fragrantia
1391 3618 1552 3674 nobis
1571 3636 1681 3675 suae
1705 3635 1839 3692 qua-

230 3707 405 3763 litatis
443 3706 815 3776 innotescant,
834 3706 1077 3780 dumque
1097 3722 1192 3779 per
1224 3723 1381 3763 nares
1413 3708 1669 3779 spiritum
1686 3707 1840 3766 duci-

230 3813 378 3865 mus,
402 3798 727 3870 plerumque
747 3796 935 3870 aliqua
959 3803 1013 3852 et
1039 3796 1220 3852 invisa
1240 3795 1580 3869 praescimus.
1604 3796 1833 3854 Redem-

229 3885 409 3959 ptoris
437 3902 564 3958 ergo
595 3886 770 3943 nostri
798 3884 1028 3959 spiritus
1061 3900 1177 3943 esse
1206 3885 1265 3940 in
1290 3883 1409 3957 ejus
1438 3884 1667 3942 naribus
1688 3886 1839 3944 dici-

230 3983 348 4043 tur,
380 3981 441 4031 ut
484 3974 745 4032 videlicet
786 3973 1017 4032 scientia
1063 3972 1217 4031 illius
1261 3974 1466 4030 essein
1497 3974 1842 4046 praescientia

229 4065 575 4138 designetur,
606 4066 739 4139 quia
769 4080 1111 4138 quaecunque
1141 4080 1197 4121 se
1231 4064 1371 4121 scire
1401 4063 1461 4121 in
1496 4072 1693 4121 natura
1722 4064 1839 4121 hu-

232 4155 518 4212 manitatis
565 4154 831 4222 innotuit,
876 4154 995 4211 haec
1041 4153 1305 4210 nimirum
1360 4162 1487 4210 ante
1533 4155 1733 4211 saecula
1770 4172 1840 4211 ex

230 4243 533 4301 divinitate
566 4244 863 4316 praascivit.
893 4243 1000 4311 Qui
1042 4242 1190 4300 unde
1237 4241 1496 4315 spiritum
1529 4242 1587 4298 in
1614 4243 1841 4300 naribus

235 4336 431 4395 1020
460 4340 739 4409 habuerit,
768 4356 901 4396 mox
930 4355 1027 4412 per
1060 4338 1385 4412 prophetam
1415 4338 1727 4412 subjunxit,
1760 4340 1843 4396 di-

229 4447 365 4487 cens
397 4448 409 4486 :
446 4431 584 4498 Quia
613 4430 849 4486 excelsus
886 4434 1163 4501 reputatus
1190 4435 1265 4483 est
1292 4430 1403 4501 ipse
1435 4429 1592 4501 (Isai.
1626 4446 1688 4498 II,
1720 4429 1838 4501 22).

231 4523 320 4579 Ac
348 4520 393 4577 si
424 4520 632 4578 diceret
665 4537 677 4574 :
711 4520 774 4575 In
805 4517 1163 4575 inferioribus
1188 4525 1425 4574 ventura
1453 4517 1688 4592 desuper
1707 4535 1839 4591 prrs-

1951 3328 2056 3389 tor,
2086 3321 2216 3377 dum
2239 3330 2529 3379 venturam
2550 3321 2780 3395 gloriam
2803 3323 3167 3395 praestolatur,
3199 3321 3333 3378 dum
3363 3323 3553 3379 venire

1948 3418 2074 3468 ante
2094 3410 2289 3468 faciem
2314 3411 2521 3484 judicis
2546 3411 2766 3478 nititur,
2796 3410 3041 3484 dumque
3066 3428 3099 3466 a
3128 3411 3330 3468 laboris
3351 3412 3436 3468 sui
3457 3411 3549 3468 ad-

1948 3498 2060 3556 huc
2079 3499 2324 3557 mercede
2372 3500 2646 3569 differtur,
2690 3501 2750 3557 in
2790 3500 2895 3557 hac
2924 3501 3041 3558 vita
3076 3502 3302 3559 interim
3342 3502 3555 3575 positus

1948 3588 2084 3663 quid
2111 3597 2234 3663 agat
2259 3590 2569 3647 audiamus.
2602 3590 2863 3664 Sequitur
2895 3607 2907 3645 :

2303 3707 2533 3767 CAPUT
2559 3708 2771 3766 xxvu
2814 3706 2957 3783 [ηερ.
2990 3705 3181 3782 XIII].

2019 3798 2189 3855 Vens.
2233 3797 2322 3855 21.
2358 3829 2431 3841 -
2468 3801 2690 3857 Terram
2717 3799 2920 3870 ungula
2948 3796 3106 3869 fodit.

2017 3888 2104 3946 53.
2138 3888 2517 3945 Praedicatoris
2558 3888 2784 3962 ofﬁcium
2829 3893 2923 3956 est,
2959 3886 3018 3942 in
3056 3886 3391 3943 auditoribus
3419 3892 3467 3942 et
3496 3887 3552 3943 in

1946 3977 2142 4049 scripto
2165 3983 2401 4033 terrenas
2428 3977 2761 4048 cogitationes
2780 3976 3022 4047 eﬁodere.
3052 4005 3124 4016 —
3151 3975 3302 4033 Solet
3334 3975 3393 4031 in
3422 3975 3549 4049 equi

1948 4066 2154 4138 ungula
2183 4064 2385 4121 laboris
2404 4063 2675 4121 fortitudo
2702 4064 2977 4136 cognosci.
3009 4061 3154 4131 Quid
3185 4077 3313 4135 ergo
3342 4078 3441 4137 per
3454 4078 3553 4119 un-

1950 4155 2130 4229 gulam
2163 4154 2272 4210 nisi
2306 4155 2364 4210 in
2391 4153 2748 4227 praedicatore
2777 4160 2966 4209 sancto
2994 4152 3266 4208 virtutum
3290 4151 3552 4224 perfectio

1950 4245 1972 4280 ⁶
1993 4244 2310 4315 designatur
2325 4245 2353 4300 εἰ
2378 4244 2497 4313 Qua
2512 4242 2772 4300 videlicet
2790 4242 2999 4315 ungula
3025 4249 3228 4298 terram
3246 4240 3408 4311 fodit,
3426 4258 3552 4299 cum

1949 4332 2017 4390 de
2046 4330 2209 4389 corde
2238 4331 2577 4388 rudientium
2600 4332 2856 4405 exemplo
2886 4346 3113 4388 suorum
3134 4347 3364 4404 operum
3385 4336 3553 4387 terre~

1949 4440 2048 4481 nas
2075 4422 2435 4497 cogitationes
2463 4420 2509 4494 ej
2519 4421 2634 4477 icit.
2660 4421 2875 4494 Ungula
2891 4428 3095 4477 terram
3109 4420 3274 4490 fodit,
3294 4420 3424 4495 quia
3443 4436 3553 4475 au-

1949 4512 2194 4569 ditorum
2238 4510 2405 4569 corda
2449 4526 2482 4566 a
2530 4509 2885 4567 secularibus
2939 4509 3090 4567 curis
3133 4516 3383 4578 evacuat,
3426 4525 3552 4567 cum

229 4610 422 4678 scivit,
439 4610 571 4683 quia
598 4608 668 4667 ad
700 4609 810 4665 ima
833 4609 901 4665 de
931 4607 1241 4664 caelestibus
1260 4608 1436 4664 venit.
1468 4607 1655 4665 Sancti
1675 4608 1841 4664 etiam
1872 4631 1922 4691 ι)
1952 4598 2145 4691 doctor
2164 4596 2343 4691 b9“?
2364 4595 2646 4653 οοῑιῐθωηί
2675 4595 2941 4691 δωῦιξξυω
2970 4609 3133 4691 ῼΡθΐεξ
3165 4599 3423 4651 οεῑθηῐόῖ·
3458 4593 3554 4651 Vi'

236 4698 370 4768 viri,
403 4698 531 4773 quia
556 4698 741 4755 abillo
769 4696 959 4754 audita
982 4696 1358 4765 crediderunt,
1377 4697 1481 4769 ipsi
1497 4714 1715 4771 quoque
1724 4697 1840 4769 jam

233 4806 257 4842 κ
274 4796 471 4845 entura
496 4788 795 4860 praescium
825 4805 838 4854 ;
875 4787 1118 4860 dumque
1146 4785 1265 4858 ejus
1292 4785 1530 4843 ﬁdeliter
1558 4786 1842 4860 praeceptis

232 4876 572 4944 inserviunt,
604 4875 906 4932 adventum
936 4874 1091 4930 illius
1118 4889 1213 4945 spe
1255 4881 1403 4930 certa
1433 4874 1837 4948 praestolamur.

235 4967 393 5025 Unde
422 4976 478 5025 et
506 4967 613 5026 hoc
642 4968 764 5025 loco
791 4967 921 5040 equi
970 4964 1140 5037 hujus
1186 4964 1431 5034 naribus,
1465 4964 1842 5038 praedicatoris

230 5057 412 5114 sancti
442 5056 787 5130 praescientia
835 5072 899 5113 ac
946 5054 1282 5129 praestolatio
1309 5053 1646 5126 designatur.
1696 5057 1838 5112 Dum

231 5149 385 5205 enim
417 5149 606 5207 venire
636 5156 950 5206 extremum
972 5145 1278 5219 judicium,
1317 5143 1536 5203 ostendi
1563 5145 1839 5203 caelestem

310 5376 327 5410 ¹
367 5372 823 5445 Excusi,objecfw
849 5370 1141 5445 seditionis.
1171 5367 1605 5445 Emendavimus
1623 5386 1693 5445 ex
1706 5370 1834 5426 Mss.

230 5444 404 5522 duob.
437 5446 645 5522 Germ”
672 5441 1214 5522 Norm.,_Vin_doc.,A
1241 5442 1481 5522 'Ijuron,
1503 5441 1699 5522 Laud.,
1730 5450 1835 5498 etc.

310 5519 331 5552 ²
362 5516 585 5594 Scilicet
606 5516 773 5594 hujus
788 5517 918 5594 libri
939 5534 988 5594 c.
1022 5517 1077 5584 2,
1108 5531 1164 5569 n.
1183 5514 1234 5570 2.
1262 5513 1486 5594 Vulgati
1506 5520 1711 5594 auiem,
1740 5531 1839 5586 pro

231 5589 529 5656 docuimus,
559 5584 762 5645 habent
790 5589 1094 5657 didicimus,
1122 5584 1556 5658 repugnantibus
1585 5586 1711 5640 Mss.
1742 5584 1838 5641 i10-

231 5661 367 5716 stris
387 5660 553 5717 Corb.
589 5661 797 5730 Germ.,
830 5660 1090 5715 diximus.

307 5733 548 5814 ἥϐᾳ-ω.
581 5739 635 5787 et
651 5727 993 5814 ιρι-ΝΟΜ),
1025 5728 1455 5812 fragrantiam...
1490 5727 1838 5793 innotescunt,

236 5803 407 5876 modo
427 5803 692 5876 loquendi
721 5804 882 5876 plane
901 5803 1268 5876 Gregoriauo.

310 5877 332 5912 ‘
362 5875 427 5931 In
456 5871 626 5932 duob.
657 5871 866 5943 Germ.,
896 5874 953 5930 in
987 5871 1181 5943 Gilot.,
1228 5874 1411 5933 Vatic.
1457 5879 1512 5930 et
1551 5871 1840 5930 nonnullis

1952 4688 2177 4746 deamus
2207 4687 2440 4743 Paulum
2460 4693 2663 4742 terram
2688 4684 2875 4742 cordis
2888 4683 3233 4741 audientium
3250 4700 3359 4757 qua
3378 4690 3555 4739 osten-

1953 4794 2025 4835 sae
2059 4776 2284 4834 virtutis
2320 4775 2530 4848 ungula
2576 4773 2769 4831 fodiat.
2815 4774 2936 4846 Ipse
2983 4788 3221 4846 namque
3267 4770 3555 4843 discipulis

1950 4865 2088 4922 dicit
2119 4883 2130 4921 :
2164 4866 2286 4922 Huic
2314 4864 2552 4936 cogitate,
2581 4879 2699 4935 qua:
2728 4868 2776 4917 et
2826 4861 3086 4918 didicistis
3121 4867 3170 4917 et
3200 4859 3469 4931 accepistis
3509 4866 3556 4912 et

1948 4956 2174 5012 audistis
2204 4962 2251 5011 et
2274 4954 2482 5011 vidistis
2510 4953 2569 5009 in
2596 4969 2698 5019 me,
2722 4953 2827 5007 haec
2850 4952 3009 5023 agite,
3038 4956 3087 5005 et
3112 4950 3254 5006 Deus
3276 4948 3428 5022 pacis
3455 4948 3556 5003 erit

1948 5047 2214 5103 vobiscum
2245 5046 2473 5119 (Philip.
2505 5060 2585 5113 ιγ,
2616 5043 2671 5113 8,
2704 5043 2737 5100 9
2768 5042 2812 5115 ).
2858 5042 2930 5097 Et
2958 5056 3176 5098 rursum
3209 5057 3221 5097 :
3255 5039 3555 5097 Imitatores

1948 5137 2049 5193 mei
2076 5143 2251 5203 estote,
2280 5135 2499 5208 fratres,
2536 5135 2672 5190 sicut
2696 5140 2745 5190 et
2772 5149 2860 5205 ego
2894 5132 3094 5191 Christi
3117 5131 3175 5205 (Ι
3202 5131 3328 5190 Cor.
3361 5146 3441 5199 χι,
3476 5130 3554 5202 1).

1947 5369 2070 5425 aliis
2100 5368 2229 5435 Ed.,
2258 5364 2675 5438 corruptissime
2718 5362 2934 5438 legitur
2965 5359 3365 5438 retributionem
3410 5359 3557 5438 dese-

1946 5457 2092 5505 rens,
2126 5430 2365 5512 piissimo
2402 5430 2607 5512 ardore
2642 5430 2993 5512 concupiscit-
3020 5430 3559 5512 Il_est_itutps_est_hic

1947 5502 2099 5569 locus
2118 5502 2188 5566 ex
2216 5512 2345 5567 Mss.
2379 5508 2621 5581 Anglic.,
2653 5502 2843 5564 Norni.
2874 5515 2927 5563 et
2947 5506 3019 5562 al.
3052 5506 3115 5561 In
3136 5502 3308 5560 Laud.
3335 5502 3554 5574 legitur,

1943 5585 2185 5656 piissimo
2215 5583 2411 5656 ardore
2438 5581 2708 5656 conspicit.

2020 5658 2039 5689 ⁵
2081 5655 2254 5722 Editi,
2292 5670 2458 5725 paena:
2493 5649 2781 5725 addicitur.
2810 5649 3106 5725 Bedundat
3128 5664 3319 5725 paenae,
3348 5662 3451 5725 nec
3475 5650 3559 5700 est

1948 5728 2007 5783 in
2036 5728 2163 5783 Mss.
2192 5716 2269 5783 De
2292 5716 2468 5781 verbo
2486 5723 2757 5796 addicitur
2776 5720 2822 5794 ej
2831 5739 3003 5796 usque
3023 5716 3189 5778 sensu
3202 5719 3317 5791 jam
3337 5716 3549 5772 dictum

1948 5806 2048 5867 est,
2083 5799 2121 5855 l.
2154 5815 2215 5866 ιι,
2247 5814 2305 5853 n.
2350 5797 2435 5865 15,
2468 5796 2526 5852 in
2558 5794 2725 5850 notis.

2021 5873 2044 5907 ⁶
2073 5869 2265 5945 Aliqui
2298 5870 2451 5939 Mss,
2483 5868 2901 5925 demonstratur.
