3936 6386
409 394 517 460 603

1623 396 1872 454 SANCTI
1907 395 2245 454 GBEGORII
2281 395 2512 453 MAGNI

3629 397 3743 455 604

409 527 518 596 Qui
537 527 708 600 igitur
723 525 977 599 exemplo
997 525 1084 582 sui
1098 525 1280 600 operis
1306 526 1444 583 alios
1462 525 1708 596 corrigit,
1730 522 2018 579 nimirum-
2045 521 2098 582 Α
2123 521 2470 594 semetipsam
2497 527 2654 578 tanto
2680 520 2858 578 tutius
2883 526 3092 594 quanto
3119 527 3174 576 et
3201 518 3478 578 humilius
3502 519 3739 580 abscon-

411 625 614 698 ungula
647 620 832 678 1021
865 633 1069 681 terram
1100 624 1262 681 fodit.
1311 623 1450 698 [νει.
1500 621 1709 696 ΧΧΙΙ.]
1743 621 2018 678 Habemus

407 712 561 769 aliud
591 712 740 786 quod
769 712 954 771 adhuc
999 713 1262 771 subtilius
1293 713 1361 769 de
1391 712 1559 784 hujus
1598 710 1817 782 ungula:
1847 712 2020 766 effos-

407 802 564 859 sione
591 810 913 860 tractemus.
946 803 1132 860 Sancti
1180 802 1330 858 enim
1381 802 1486 857 viri
1517 799 1774 874 quamvis
1803 800 2018 856 intento

409 891 613 948 mentis
641 891 802 947 oculo
831 890 890 946 in
920 907 1160 964 superna
1185 873 1470 962 evigilent,
1521 873 1776 964 quamvis
1819 898 2018 948 cuncta

409 996 531 1055 quae
551 981 610 1037 in
641 982 754 1038 ima
781 981 1162 1054 praterﬂuunt
1189 981 1324 1054 pede
1345 980 1511 1052 rigidi
1542 988 1891 1054 contemptus
1911 981 2016 1038 cal-

408 1082 536 1132 cent
561 1091 576 1141 ;
609 1090 680 1131 ex
709 1075 1067 1146 corruptione
1097 1082 1282 1130 tamen
1310 1081 1542 1131 terrenae
1572 1073 1772 1143 carnis,
1806 1074 1896 1132 cui
1926 1073 2017 1130 ad-

409 1162 520 1220 huc
542 1161 738 1236 illigati
769 1171 916 1231 sunt,
953 1165 1276 1238 plerumque
1305 1165 1702 1237 cogitationum
1735 1165 2016 1237 pulverem

409 1253 468 1310 in
500 1253 666 1310 corde
697 1253 1006 1326 patiuntur.
1039 1255 1287 1328 Cumque
1314 1255 1449 1312 foris
1475 1255 1598 1311 aliis
1628 1256 1695 1312 ad
1716 1255 2018 1329 appetenda

411 1343 658 1400 caelestia
688 1344 1040 1416 persuadent,
1079 1345 1400 1418 semetipsos
1441 1361 1654 1419 semper
1683 1347 2017 1404 intrinsecus

409 1433 602 1491 subtili
634 1435 998 1508 inquisitione
1022 1435 1351 1508 discutiunt,
1381 1453 1450 1494 ne
1477 1453 1584 1511 qua
1603 1439 1937 1494 immorante
1957 1437 2014 1493 in

407 1541 466 1581 se
495 1524 594 1582 diu
621 1525 814 1584 infima
841 1527 1174 1601 cogitatione
1203 1529 1540 1601 polluantur.
1563 1529 1753 1602 Equus
1768 1544 1896 1601 ergo
1914 1529 2015 1584 iste

409 1615 617 1688 ungula
645 1623 844 1678 terram
867 1617 1013 1674 fodit
1038 1635 1164 1675 cum
1184 1619 1515 1692 pradicator
1529 1619 1763 1692 quisque
1785 1618 2013 1692 inquisi-

410 1703 563 1761 tione
592 1703 724 1761 forti
745 1713 988 1762 terrenas
1009 1707 1067 1763 in
1087 1723 1144 1762 se
1171 1706 1534 1780 cogitationes
1553 1709 1803 1766 discutit.
1823 1709 2014 1781 Equus

413 1793 619 1864 ungula
639 1801 838 1850 terram
854 1795 997 1852 fodit
1024 1796 1246 1868 quando
1276 1797 1323 1853 is
1342 1798 1432 1853 cui
1449 1796 1566 1870 jam
1585 1798 1858 1854 Dominus
1879 1814 2014 1870 prae-

2127 610 2307 668 datur.
2341 611 2484 668 Hinc
2527 610 2826 668 Israelitico
2858 611 3058 682 populo
3091 609 3270 682 (Deut.
3306 627 3475 679 xmr,
3509 611 3602 683 12)
3637 627 3740 684 per

2125 703 2353 776 Moysen
2383 721 2416 760 a
2443 701 2684 760 Domino
2708 701 2954 774 jubetur,
2986 708 3048 757 ut
3070 716 3197 759 cum
3228 702 3512 772 egreditur
3539 701 3610 758 ad
3643 719 3747 758 re-

2127 792 2332 866 quisita
2361 799 2590 860 naturae,
2634 792 2820 847 mittat
2863 790 3133 862 paxillum
3167 789 3224 846 in
3253 789 3456 858 balteo,
3506 798 3563 846 et
3593 790 3748 848 fossa

2127 880 2300 938 humo
2327 881 2628 938 abscondat
2667 897 2788 954 quae
2830 888 3012 952 egesta
3060 880 3288 936 fuerint.
3332 881 3557 938 Naturae
3589 881 3744 938 enim

2126 977 2503 1048 corruptibilis
2523 975 2764 1048 pondere
2793 975 3024 1046 gravati,
3056 991 3088 1031 a
3117 973 3320 1030 mentis
3349 981 3554 1031 nostra!
3580 981 3744 1030 utero

2128 1067 2149 1100 ³
2170 1065 2418 1138 quaedam
2447 1065 2844 1138 cogitationum
2879 1063 3156 1137 superﬂua
3185 1063 3340 1138 quasi
3378 1063 3594 1119 ventris
3624 1078 3745 1135 gra-

2127 1160 2348 1216 vamina
2375 1165 2692 1232 erumpunt.
2727 1155 2833 1214 Sed
2863 1163 3081 1229 portare
3109 1156 3381 1228 paxillum
3411 1154 3519 1211 sub
3549 1154 3742 1211 balteo

2126 1247 2408 1316 debemus,
2427 1257 2489 1304 ut
2503 1248 2763 1306 videlicet
2779 1245 2846 1302 ad
2869 1245 3350 1318 reprehendendos
3367 1246 3743 1318 nosmetipsos

2125 1363 2342 1421 semper
2369 1350 2626 1419 accincti,
2662 1345 2853 1405 1022
2881 1356 3107 1406 acutum
3136 1347 3283 1403 circa
3308 1361 3409 1400 nos
3442 1343 3739 1400 stimulum

2125 1442 2567 1512 compunctionis
2631 1441 2950 1509 habeamus,
2995 1439 3089 1513 qul
3138 1438 3474 1494 incessanter
3519 1442 3742 1490 terram

2125 1531 2326 1586 mentis
2353 1538 2552 1588 nostrae
2583 1531 2920 1604 paenitentiae
2969 1529 3158 1586 dolore
3195 1523 3500 1594 confodiat,
3533 1532 3588 1581 et
3631 1523 3743 1582 hoc

2124 1619 2272 1693 quod
2313 1637 2346 1676 a
2384 1620 2823 1685 nobis,fetidum
2866 1619 3106 1692 erumpit
3151 1614 3472 1672 abscondat.
3508 1613 3740 1671 Ventris

2123 1707 2323 1782 quippe
2343 1711 2548 1782 egestio
2575 1711 2720 1766 fossa
2740 1709 2911 1766 humo
2935 1724 3030 1781 per
3058 1705 3330 1779 paxillum
3357 1703 3588 1775 tegitur,
3606 1720 3738 1762 cum

2122 1799 2322 1855 mentis
2355 1808 2553 1856 nostra:
2583 1800 2934 1873 superﬂuitas
2964 1796 3155 1855 subtili
3187 1794 3578 1866 redargutione
3608 1793 3741 1849 dis-

414 1881 562 1939 sidet
582 1899 702 1956 quae
716 1883 823 1941 sibi
846 1886 1020 1942 moles
1035 1885 1350 1958 congeritur
1367 1903 1437 1944 ex
1452 1895 1667 1944 vetusta
1681 1888 2012 1960 cogitatione
2044 1896 2090 1956 Β
2122 1905 2299 1958 cussa,
2330 1897 2458 1947 ante
2484 1891 2584 1948 Dei
2613 1892 2823 1959 oculos,
2874 1907 2971 1963 per
3000 1884 3449 1961 compunctionis
3476 1902 3591 1942 suae
3623 1886 3739 1941 sti-

413 1971 744 2040 considerat,
770 1989 935 2046 seque
962 1975 1032 2031 ab
1061 1975 1158 2031 illa
1185 1975 1368 2032 ﬂendo
1396 1992 1660 2034 evacuare
1687 1994 1796 2034 non
1819 1986 2011 2036 cessat.

417 2060 569 2118 Unde
598 2061 738 2119 bene
767 2071 823 2120 et
851 2064 1003 2121 Isaac
1029 2064 1176 2138 apud
1209 2065 1446 2123 alienam
1475 2075 1688 2140 gentem
1717 2075 1910 2140 puteos
1936 2068 2012 2124 fo-

415 2150 560 2208 disse
577 2150 912 2209 describitur
942 2152 1363 2226 (Genes.xxv1).
1395 2155 1516 2224 Quo
1543 2156 1802 2214 videlicet
1831 2173 2013 2214 exem-

413 2241 506 2313 plo
517 2241 783 2298 discimus
804 2250 866 2300 ut
884 2243 943 2299 in
963 2243 1068 2301 bac
1089 2245 1547 2318 peregrinationis
1561 2261 1805 2302 aerumna
1825 2247 2012 2318 positi,

411 2330 813 2404 cogitationum
853 2341 1167 2390 nostrarum
1213 2335 1486 2408 profunda
1519 2344 1866 2408 penetremus
1897 2354 1910 2402 ;
1961 2345 2014 2393 et

411 2438 699 2497 quousque
727 2424 888 2482 nobis
914 2441 1056 2482 verae
1086 2425 1467 2500 intelligentia;
1497 2443 1639 2502 aqua
1666 2426 2010 2500 respondeat,

411 2527 753 2587 nequaquam
797 2522 998 2572 nostrai
1045 2515 1426 2590 inquisitionis
1467 2534 1662 2575 manus
1708 2517 1778 2574 ab
1807 2517 2012 2574 exhau-

411 2603 602 2662 rienda
633 2605 816 2663 cordis
861 2614 1007 2664 terra
1051 2613 1344 2680 torpescat.
1388 2609 1537 2678 Quos
1586 2615 1771 2665 tamen
1819 2616 2013 2681 puteos

412 2698 682 2773 allophyli
712 2699 1040 2758 insidiantes
1067 2703 1281 2776 replent
1326 2700 1488 2775 (Ibid.
1498 2703 1546 2774 ),
1581 2703 1711 2776 quia
1745 2702 2010 2759 nimirum

416 2786 693 2847 immundi
722 2789 951 2865 spiritus
977 2808 1103 2849 cum
1135 2808 1236 2850 nos
1263 2791 1506 2850 studiose
1535 2808 1631 2850 cor
1667 2792 1853 2848 fodere
1883 2807 2010 2848 con-

408 2878 674 2950 spiciunt,
729 2889 1012 2954 congestas
1041 2882 1200 2940 nobis
1243 2883 1612 2940 tentationum
1651 2883 2012 2955 cogitationes

412 2967 428 3002 ¹
461 2967 740 3040 ingerunt.
765 2971 918 3028 Unde
946 2989 1160 3047 semper
1189 2989 1341 3030 mens
1363 2972 1680 3031 evacuanda
1706 2981 1809 3041 est,
1837 2972 2008 3028 inces-

408 3065 701 3131 santerque
745 3059 1007 3119 fodienda
1055 3081 1068 3120 :
1118 3079 1187 3121 ne
1229 3063 1275 3119 si
1319 3063 1626 3120 indiscussa
1654 3061 2007 3135 relinquitur,

411 3163 584 3224 usque
611 3150 684 3207 ad
709 3159 983 3210 tumorem
1015 3170 1398 3227 perversorum
1429 3171 1680 3228 operum,
1711 3153 2012 3227 cogitatio-

2123 1979 2337 2035 mulum
2369 1980 2596 2036 celatur.
2635 1980 2777 2048 Quia
2817 1979 2986 2052 igitur
3027 1977 3202 2034 sancti
3242 1975 3352 2031 viri
3382 1989 3737 2048 quaecunque

2123 2068 2346 2126 inutilia
2375 2071 2618 2143 cogitant
2637 2068 3037 2142 reprehendere
3057 2084 3121 2124 ac
3150 2064 3456 2138 dijudicare
3477 2079 3591 2119 non
3622 2080 3736 2121 ces-

2121 2165 2265 2227 sant,
2289 2157 2356 2214 de
2375 2174 2516 2232 equo
2545 2175 2645 2214 suo
2673 2158 2944 2216 Dominus
2964 2155 3148 2213 dicat:
3191 2155 3412 2212 Terram
3431 2154 3638 2225 ungula
3654 2153 3736 2224 fo-

2123 2247 2220 2316 dit,
2255 2247 2312 2303 id
2340 2256 2422 2304 est
2451 2247 2722 2322 quidquid
2751 2246 2810 2303 in
2841 2252 3025 2302 mente
3069 2260 3166 2301 sua
3208 2251 3490 2299 terrenum
3523 2243 3736 2299 versari

2121 2336 2411 2408 conspicit,
2430 2336 2535 2394 hoc
2556 2336 2823 2393 nimirum
2844 2333 3188 2407 superdch
3212 2331 3555 2404 paenitentiae
3575 2331 3738 2388 duris

2123 2427 2570 2499 percussionibus
2598 2429 2827 2500 rumpit.
2857 2425 2998 2484 Cum
3027 2441 3161 2481 vero
3189 2441 3248 2481 se
3276 2423 3512 2480 interius
3537 2421 3736 2478 distri-

2121 2524 2208 2574 cta
2234 2516 2539 2574 subtilitate
2559 2517 2637 2590 dij
2647 2517 2894 2586 udicant,
2909 2515 3024 2589 jam
3047 2515 3193 2572 nihil
3213 2523 3297 2571 est
3313 2511 3464 2588 quod
3482 2512 3735 2568 exterius

2121 2609 2527 2680 pertimescant.
2560 2609 2733 2665 Tanto
2768 2607 2920 2664 enim
2950 2607 3135 2662 minus
3163 2605 3234 2662 ad
3264 2605 3408 2662 mala
3435 2605 3734 2678 praesentia

2122 2697 2417 2770 trepidant,
2448 2707 2656 2772 quanto
2683 2698 3007 2770 semetipsos
3034 2696 3253 2770 plenius
3281 2695 3446 2753 bonis
3475 2694 3734 2752 venturis

2119 2795 2331 2860 parant.
2362 2788 2516 2846 Unde
2545 2796 2600 2845 et
2627 2789 2884 2845 subditur
2909 2805 2922 2843 :

2297 2887 2525 2945 CAPUT
2544 2889 2783 2947 XXVIII
2815 2887 2954 2962 [Vet.
2977 2888 3190 2956 XXIII,
3213 2887 3334 2945 Rec.
3366 2886 3452 2944 XI
3457 2885 3546 2959 η.

2180 2985 2932 3056 Iam.—E.csultataudacter,
2947 2986 3004 3041 in
3013 2983 3709 3057 occursumpergitarmatis
3719 3026 3732 3038 .

2189 3077 2279 3134 55.
2311 3079 2562 3135 Sanctum
2589 3079 2767 3135 uirum
2796 3097 2886 3135 nec
2910 3079 3136 3136 adversa
3165 3077 3435 3148 dejiciunt,
3467 3093 3561 3131 nec
3592 3092 3732 3148 pro-

2118 3183 2274 3239 spera
2301 3175 2667 3241 corrumpunt.
2691 3171 3074 3242 Apostolarum
3093 3169 3233 3224 inter
3259 3168 3470 3240 ﬂagella
3491 3169 3732 3223 exsulta-

405 3252 539 3332 ῐξξιφ
569 3255 860 3332 impelli?!
889 3250 1034 3332 ἴθι·ΐέ
1057 3245 1388 3332 οιᾏῐηιιιθῐιιΐο
1410 3245 1551 3300 Hinc
1571 3243 1640 3300 ad
1665 3244 2008 3300 EleChielem
2043 3267 2088 3330 ο
2119 3258 2212 3326 tio,
2239 3258 2294 3312 in
2316 3261 2513 3331 primis
2543 3261 2724 3316 Pauli.
2756 3260 3005 3316 eretici
3036 3265 3351 3332 potestatum
3384 3257 3732 3313 saecularium

406 3325 612 3383 dicitur
641 3345 653 3383 :
688 3329 797 3385 Fili
817 3330 1064 3399 hominis,
1085 3331 1206 3402 fode
1229 3334 1486 3404 parietem
1509 3334 1727 3406 (Ezech.
1748 3351 1874 3404 VIII,
1903 3335 1960 3406 8)
1989 3353 2002 3402 ;

408 3411 466 3470 id
491 3421 594 3482 est,
627 3417 809 3473 cordis
829 3417 1093 3474 duritiam
1121 3419 1330 3476 crebris
1357 3423 1855 3494 perscrutationum
1886 3422 2007 3478 icti-

405 3501 510 3559 bus
529 3519 742 3575 rumpe.
767 3503 911 3562 Hinc
931 3507 1000 3562 ad
1017 3507 1210 3563 Isaiam
1234 3510 1504 3566 Dominus
1519 3509 1658 3566 dicit
1679 3527 1692 3566 :
1728 3511 2009 3582 Ingredere

405 3591 463 3648 in
475 3597 706 3665 petram,
734 3593 1049 3651 abscondere
1077 3595 1224 3666 [ossa
1250 3599 1428 3666 humo,
1453 3617 1487 3654 a
1507 3597 1644 3668 facie
1674 3599 1882 3655 timoris
1901 3600 2007 3656 Do-

404 3680 556 3748 mini,
587 3687 636 3737 et
661 3699 696 3738 a
721 3682 898 3753 gloria
925 3683 1222 3756 majestatis
1236 3683 1350 3755 ejus
1372 3683 1528 3758 (Isai.
1563 3701 1626 3754 ιι,
1651 3685 1767 3756 10).
1791 3687 2006 3742 Petram

403 3771 605 3844 quippe
633 3771 996 3844 ingredimur,
1029 3789 1158 3832 cum
1179 3775 1201 3810 ³
1223 3773 1407 3831 cordis
1435 3773 1611 3831 nostri
1631 3773 1895 3831 duritiam
1917 3791 2006 3848 pe-

404 3865 721 3930 netramus;
753 3869 918 3936 atque
945 3879 978 3918 a
1002 3863 1143 3920 facie
1171 3863 1392 3920 timoris
1411 3863 1636 3920 Domini
1665 3863 1812 3920 fossa
1835 3863 2006 3921 humo

402 3951 813 4022 abscondimur,
857 3953 905 4010 si
953 3961 1194 4011 terrenas
1242 3954 1603 4028 cogitationes
1629 3963 1908 4030 egerentes
1936 3955 2004 4013 ab

401 4040 484 4098 ira
511 4041 749 4102 districti
772 4042 982 4117 judicis
1013 4045 1073 4101 in
1109 4043 1426 4103 humilitate
1456 4053 1660 4103 nostra:
1687 4046 1892 4103 mentis
1920 4062 2004 4102 ce-

401 4130 600 4189 lamur.
631 4132 752 4200 Quo
781 4134 930 4191 enim
959 4134 1088 4208 plus
1114 4143 1261 4192 terra
1305 4134 1568 4193 fodiendo
1598 4133 1908 4208 projicitur,
1939 4151 2003 4192 eo

400 4221 780 4295 pavimentum
809 4238 1024 4296 semper
1045 4224 1281 4281 inferius
1309 4224 1737 4282 demonstratur.
1772 4225 1926 4282 Unde
1949 4232 2004 4280 et

399 4325 503 4366 nos
531 4309 579 4368 si
609 4326 643 4366 a
666 4309 828 4367 nobis
852 4311 1156 4369 studiosius
1190 4321 1434 4369 terrenas
1460 4313 1823 4386 cogitationes
1852 4313 2001 4386 ejici-

400 4415 544 4468 mus,
576 4415 686 4474 quo
717 4400 862 4473 apud
883 4402 1251 4475 nosmetipsos
1279 4401 1706 4474 abscondamur,
1731 4403 2002 4463 humilius

401 4503 738 4548 Invenimus.

2109 3348 2468 3420 patrocinium
2499 3348 2756 3405 ambiunt.
2786 3349 3042 3421 Infractw
3068 3349 3283 3404 virtutis
3312 3352 3386 3402 est
3413 3363 3598 3402 rerum
3629 3353 3731 3402 ter-

2115 3455 2374 3496 renarum
2409 3445 2750 3514 contemptus.
2786 3471 2858 3483 —
2885 3441 3146 3497 Ex'sultat
3175 3439 3455 3508 audacter,
3487 3438 3623 3512 quia
3649 3439 3732 3500 sic

2116 3528 2362 3586 adversis
2383 3546 2494 3586 non
2516 3531 2807 3604 frangitur,
2841 3532 2986 3588 sicut
3012 3546 3114 3588 nec
3144 3528 3418 3602 prosperis
3449 3529 3728 3584 elevatur.

2116 3618 2362 3676 Adversa
2392 3637 2629 3696 namque
2645 3637 2756 3677 non
2776 3621 3067 3694 dejiciunt,
3085 3636 3250 3694 quem
3279 3633 3540 3693 prospera
3571 3618 3731 3674 nulla

2115 3719 2498 3784 corrumpunt.
2529 3713 2721 3786 Equus
2741 3713 2924 3788 itaque
2955 3713 3056 3770 iste
3085 3719 3136 3768 et
3161 3711 3323 3768 fortis
3349 3716 3403 3767 et
3431 3707 3534 3764 sub
3557 3707 3723 3764 freno

2113 3807 2212 3858 est.
2245 3801 2323 3858 Ne
2357 3817 2484 3876 ergo
2515 3811 2795 3876 prematur
2835 3801 3102 3870 adversis,
3143 3798 3310 3856 habet
3343 3797 3458 3853 vim
3489 3795 3732 3854 fortitu-

2114 3888 2262 3946 dinis
2288 3909 2302 3960 ;
2337 3908 2405 3948 ne
2433 3893 2680 3949 elevetur
2708 3891 3006 3966 prosperis,
3038 3888 3206 3946 habet
3234 3886 3452 3963 pondus
3479 3886 3729 3960 desuper

2112 3981 2424 4039 insidentis.
2459 3986 2772 4041 Decurrunt
2817 3985 3018 4058 quippe
3056 3989 3322 4054 tempora,
3370 3978 3466 4036 sed
3507 3977 3725 4035 idcirco

2105 4070 2320 4145 justum
2350 4073 2570 4130 trahere
2591 4088 2702 4130 non
2725 4073 2932 4141 valent,
2955 4071 3086 4146 quia
3114 4072 3298 4127 levare
3326 4085 3438 4125 non
3461 4075 3719 4142 possunt.

2110 4163 2240 4219 Illos
2268 4161 2536 4218 nimirum
2559 4162 2808 4231 trahunt,
2830 4179 2969 4236 quos
2989 4162 3177 4218 levant
3202 4177 3216 4228 ;
3249 4159 3389 4216 irata
3417 4157 3719 4231 dejiciunt,

2111 4268 2248 4326 quos
2275 4253 2476 4310 blanda
2503 4253 2822 4310 sustollunt.
2857 4252 2960 4308 Vir
2991 4259 3176 4308 autem
3205 4249 3344 4307 bene
3372 4251 3486 4307 Deo
3515 4249 3726 4306 subdi-

2109 4349 2198 4397 tus
2228 4343 2332 4398 scit
2361 4343 2506 4399 inter
2533 4341 2878 4400 transeuntia
2905 4350 3068 4408 stare,
3100 4341 3205 4398 scit
3233 4340 3381 4396 inter
3409 4339 3596 4412 lapsus
3630 4339 3724 4395 de-

2109 4431 2449 4488 currentium
2497 4439 2809 4506 temporum
2857 4430 3059 4486 mentis
3101 4445 3346 4502 gressum
3392 4427 3579 4500 ﬁgere,
3615 4431 3725 4486 scit

2108 4536 2210 4576 nec
2237 4520 2307 4578 ad
2336 4519 2580 4593 subjecta
2609 4538 2664 4579 se
2692 4521 2921 4594 erigere,
2953 4537 3054 4578 nec
3075 4520 3144 4578 ad
3172 4518 3387 4591 objecta
3415 4516 3720 4590 trepidare.

471 4605 560 4663 54.
593 4607 672 4664 De
699 4607 998 4665 imminente
1015 4609 1214 4680 judicii
1240 4611 1325 4667 die
1363 4612 1418 4668 S.
1456 4612 1698 4684 Gregorii
1724 4613 1994 4669 sententia.
2027 4631 2077 4691 ι)
2107 4610 2436 4684 Plerumque
2464 4617 2647 4667 autem
2675 4611 2804 4685 quia
2832 4610 3077 4668 exerceri
3108 4627 3166 4665 se
3194 4609 3391 4666 utilius
3413 4607 3724 4666 contritio-

403 4728 473 4739 —
498 4697 642 4755 Ecce
662 4697 810 4754 enim
835 4701 963 4773 quia
986 4698 1166 4756 divini
1187 4699 1387 4774 judicii
1405 4701 1522 4758 dies
1544 4702 1822 4772 imminet,
1847 4705 2003 4776 quasi

397 4787 514 4861 ipsa
535 4785 648 4860 jam
681 4789 902 4846 timoris
931 4788 1048 4862 ejus
1069 4790 1234 4849 facies
1255 4799 1478 4865 apparet
1502 4809 1516 4859 ;
1546 4799 1810 4865 tantoque
1829 4791 2004 4864 magis

394 4893 612 4936 necesse
641 4887 722 4935 est
751 4886 815 4935 ut
844 4881 1224 4955 unusquisque
1253 4882 1413 4939 illum
1451 4881 1759 4939 terribilius
1789 4881 1997 4950 timeat,

393 4976 598 5041 quanto
623 4968 737 5042 jam
761 4970 934 5042 gloria
953 4971 1254 5044 majestatis
1269 4971 1387 5045 ejus
1408 4972 1831 5046 appropinquat.
1856 4972 2002 5040 Quid

393 5074 520 5130 ergo
549 5060 820 5134 agendum
842 5068 941 5130 est,
962 5077 1142 5135 quove
1161 5061 1483 5134 fugiendum
1506 5061 1534 5118 ?
1556 5063 1676 5130 Quo
1705 5061 1853 5116 enim
1877 5062 2000 5134 quis

393 5149 560 5206 latere
589 5158 768 5223 potest
799 5167 926 5210 eum
967 5152 1062 5226 qui
1092 5152 1301 5226 ubique
1330 5160 1411 5208 est
1439 5153 1466 5208 ‘I
1495 5151 1600 5208 Sed
1631 5167 1756 5208 ecce
1785 5158 1994 5224 petram

394 5235 628 5311 ingredi,
653 5241 800 5297 fossa
821 5240 994 5298 humo
1012 5242 1281 5299 occultari
1312 5241 1685 5315 praecipimur,
1719 5247 1780 5297 ut
1799 5240 1998 5296 videli-

394 5335 481 5385 cet
507 5327 692 5384 cordis
720 5331 899 5388 nostri
927 5331 1195 5389 duritiam
1225 5332 1628 5407 dirumpentes,
1655 5347 1719 5388 eo
1747 5332 1886 5388 iram
1917 5331 1998 5386 iu-

395 5415 680 5473 visibilem
709 5417 1072 5489 declinemus,
1109 5439 1219 5496 quo
1249 5422 1318 5480 ab
1360 5439 1546 5481 amore
1574 5439 1757 5480 rerum
1787 5412 1994 5478 visibi-

395 5502 535 5564 lium
577 5505 724 5578 apud
765 5510 1132 5583 nosmetipsos
1180 5513 1236 5569 in
1279 5513 1443 5571 corde
1488 5510 1886 5579 subtrahimur,
1933 5517 1994 5565 ut

395 5613 522 5654 cum
572 5613 754 5671 pravae
801 5599 1151 5671 cogitationis
1184 5611 1329 5660 terra
1371 5603 1613 5677 ejicitur,
1661 5619 1816 5660 mens
1849 5600 1993 5676 apud

468 5827 482 5860 ¹
514 5827 634 5900 Nqn
663 5825 820 5900 pauci
841 5826 1310 5900 Mss.,_emergunt.
1345 5828 1514 5885 Laud.
1548 5837 1603 5886 et
1628 5831 1812 5887 Germ.
1822 5871 1838 5900 ,
1860 5845 1994 5885 mer-

391 5904 537 5964 gunt.
570 5897 733 5956 Corb.
757 5897 966 5966 Germ.,
998 5897 1333 5972 immergunt.

2113 4701 2201 4756 nis
2226 4717 2337 4758 suae
2367 4700 2648 4757 laboribus
2677 4700 2853 4768 novit,
2887 4699 2946 4756 in
2979 4699 3226 4756 adversis
3254 4698 3562 4768 hilarescit,
3592 4715 3720 4772 qua:

2112 4789 2244 4846 dum
2273 4796 2589 4847 constanter
2617 4805 2716 4862 pro
2741 4789 2971 4845 veritate
2991 4789 3220 4860 patitur,
3248 4787 3436 4860 augeri
3467 4786 3575 4843 sibi
3604 4788 3722 4843 vir-

2111 4880 2246 4936 tutis
2275 4881 2537 4937 meritum
2565 4881 2802 4938 laetatur.
2835 4879 2977 4936 Hinc
3005 4887 3089 4935 est
3116 4878 3264 4952 quod
3283 4886 3421 4935 tunc
3437 4879 3722 4951 apostolos

2109 4972 2413 5028 exsultasse
2441 4971 2693 5042 legimus,
2743 4987 2871 5028 cum
2915 4987 3015 5042 pro
3057 4967 3282 5028 Christo
3317 4967 3444 5025 illos
3479 4967 3722 5041 contigit

2110 5062 2322 5134 ﬂagella
2342 5062 2618 5128 tolerasse,
2638 5061 2784 5119 sicut
2805 5059 3071 5133 scriptum
3090 5067 3176 5117 est
3209 5077 3220 5116 :
3251 5059 3409 5117 Ibant
3430 5059 3721 5130 gaudentes

2108 5170 2142 5207 a
2170 5157 2442 5224 conspectu
2487 5152 2718 5217 concilii,
2753 5150 3008 5222 quoniam
3055 5149 3206 5222 digni
3252 5148 3420 5206 habiti
3461 5151 3591 5204 sum
3611 5165 3720 5220 pro

2107 5241 2315 5298 nomine
2341 5243 2464 5298 Jesu
2491 5241 2856 5297 contumeliam
2882 5239 3001 5312 pati
3019 5239 3162 5311 (Act.
3182 5256 3240 5308 v,
3261 5238 3378 5312 41).
3413 5237 3557 5295 Hinc
3578 5239 3720 5295 Pau-

2109 5333 2195 5389 lus
2223 5348 2350 5389 cum
2381 5331 2534 5388 duris
2565 5331 2624 5386 in
2649 5329 2972 5388 Macedonia
2998 5329 3197 5387 fuisset
3231 5327 3718 5402 persecutionibns

2104 5437 2344 5494 pressus,
2375 5419 2433 5476 in
2463 5435 2527 5476 eo
2555 5417 2703 5493 quod
2733 5435 2788 5475 se
2817 5417 3084 5475 afﬂictum
3113 5416 3380 5487 insinuat,
3414 5417 3584 5474 etiam
3607 5417 3720 5490 ju-

2103 5510 2404 5568 cundatum
2434 5508 2793 5576 demonstrat,
2819 5507 3010 5564 dicens
3041 5525 3054 5563 :
3089 5509 3230 5565 Nam
3248 5525 3366 5564 cum
3393 5508 3718 5564 venissemus

2101 5599 2486 5668 Macedoniam,
2548 5599 2756 5654 nullam
2825 5599 3057 5670 requiem
3115 5598 3298 5654 habuit
3343 5615 3470 5654 caro
3523 5605 3716 5654 nostra

2175 5828 2196 5862 ²
2225 5827 2456 5893 Turon.,
2485 5823 2596 5880 duo
2625 5825 2807 5881 Germ.
2839 5840 2902 5879 ac
2931 5824 3145 5890 Norm.,
3180 5822 3412 5894 torpor-is
3440 5821 3634 5878 nostri.

2174 5901 2194 5934 ³
2224 5898 2452 5966 Turon.,
2486 5902 2656 5963 utero,
2677 5895 2995 5969 paenitentia:
3023 5896 3223 5963 dolore,
3254 5895 3520 5966 quaedam.
