3936 6374
173 370 280 428 605

901 372 1275 430 MORALIUM
1314 372 1452 431 LIB.
1492 373 1705 432 XXXI.
1746 404 1818 419 —-
1854 377 1927 434 IN
1965 377 2193 436 CAPUT
2228 380 2474 437 XXXIX
2512 382 2575 437 B.
2615 383 2774 454 JO_B.

3391 386 3499 446 606

178 502 269 574 (ΙΙ
293 504 424 561 Cor.
456 518 561 570 vn,
590 502 671 575 5).
691 503 772 559 Ac
794 501 843 558 si
870 508 1055 575 aperte
1072 501 1281 559 diceret
1295 501 1427 577 quia
1445 502 1676 575 spiritus
1695 518 1795 559 re-
1820 510 1873 570 Α
1899 510 2326 565 exclamaverunt
2354 508 2575 565 dicentes
2600 526 2611 565 :
2645 510 2841 582 Magna
2892 512 3071 570 Diana
3100 513 3498 596 Ephesiorum;

176 603 367 677 quiem
398 601 599 659 habuit
626 599 759 656 dum
800 615 896 673 per
940 600 1249 673 profectum
1288 600 1489 658 animas
1526 618 1796 674 persecu-

175 694 399 751 tionum
428 690 703 764 supplicia
729 705 858 745 caro
886 689 1166 746 toleravit.
1188 688 1391 747 Contra
1422 689 1576 747 hunc
1606 691 1793 764 itaque

176 799 384 859 equum
406 783 476 839 ab
490 780 824 839 adversariis
842 788 1041 838 sanctae
1061 780 1323 837 Ecclesiae
1342 789 1607 854 parantur
1622 781 1793 855 gladii

176 873 248 931 de
277 872 471 929 dolore
488 887 798 944 poenarum,
820 878 1084 943 parantur
1104 887 1257 927 arma
1274 871 1341 927 de
1360 871 1679 943 patrociniis
1700 883 1795 927 sai“

175 964 455 1024 cularium
476 969 836 1036 potestatum.
862 962 1054 1019 Solent
1073 978 1312 1036 namque
1333 963 1583 1021 haeretici
1606 971 1795 1037 poten-

178 1065 303 1115 tum
333 1054 533 1111 mundi
563 1053 1004 1122 defensionibus,
1041 1053 1200 1128 quasi
1242 1053 1575 1127 quibusdam
1605 1054 1792 1122 armis,

178 1163 239 1205 se
288 1154 507 1219 tegere;
553 1145 735 1200 solent
789 1159 981 1200 omnes
1036 1144 1289 1201 inﬁdeles
1345 1144 1797 1217 praedicationem

178 1235 317 1293 ﬁdei
346 1233 604 1292 excitatis
632 1233 798 1290 etiam
828 1234 1018 1290 saeculi
1046 1232 1414 1306 potestatibus
1443 1234 1792 1306 impugnare.

180 1324 290 1382 Sed
322 1340 499 1398 equus
527 1324 629 1381 Dei
658 1323 903 1380 exsultat
936 1322 1215 1393 audacter,
1248 1331 1303 1380 et
1344 1324 1628 1397 exteriora
1672 1330 1798 1379 tor-

182 1420 376 1471 menta
391 1429 504 1469 non
519 1412 738 1481 metuit,
761 1412 893 1485 quia
908 1412 1179 1468 internam
1196 1411 1616 1468 delectationem
1639 1427 1799 1484 qum-

183 1505 285 1575 rit,
308 1510 642 1578 potestatum
664 1500 861 1557 mundi
884 1500 1227 1558 iracundiam
1250 1518 1362 1558 non
1380 1500 1801 1575 formidat,quia

184 1595 366 1670 ipsius
392 1608 608 1667 quoque
635 1592 763 1648 vitae
794 1592 1079 1663 praisentis
1098 1591 1438 1648 desiderium
1468 1607 1565 1664 per
1593 1592 1798 1648 mentis
1826 1626 1833 1631 ο

182 1699 477 1740 excessum
506 1681 699 1738 calcat.
728 1679 872 1737 Hinc
897 1697 994 1753 per
1022 1681 1373 1759 Salomonem
1404 1680 1646 1739 dicitur:
1674 1680 1798 1738 Non

183 1770 525 1827 contristabit
533 1769 743 1840 justum
763 1768 1027 1841 quidquid
1046 1770 1094 1824 ei
1106 1770 1360 1826 acciderit
1376 1768 1795 1842 (Prov.xn,2l).

1901 606 1949 654 et
1974 600 2190 672 impleta
2218 606 2292 655 est
2309 601 2495 656 civitas
2521 599 2847 671 confusione,
2878 609 2926 657 et
2966 603 3218 676 impetum
3268 604 3506 677 fecerunt

1902 706 2008 744 uno
2033 690 2213 745 animo
2236 691 2295 745 in
2312 692 2592 757 theatrum,
2613 692 2634 726 ⁵
2652 698 2810 763 rapto
2836 691 2966 748 Caio
2986 700 3034 749 et
3052 695 3370 753 Aristarcho
3388 698 3503 754 Ma-

1901 781 2199 846 cedonibus,
2229 780 2499 835 comitibus
2543 780 2707 837 Pauli
2742 780 2885 853 (Act.
2910 798 3034 851 xxx,
3055 783 3145 851 28,
3175 785 3292 857 29).
3326 788 3507 860 Atque

1903 886 2035 925 mox
2063 870 2321 926 subditur
2340 888 2351 926 :
2368 871 2542 926 Paulo
2568 877 2744 927 autem
2762 873 2962 928 volente
2991 872 3210 929 intrare
3244 874 3301 928 in
3324 891 3509 948 popu—

1908 960 2037 1026 lum,
2067 977 2174 1015 non
2195 962 2552 1032 permiserunt
2597 962 2864 1034 discipuli.
2896 963 3128 1030 Quidam
3164 970 3341 1019 autem
3370 973 3418 1021 et
3443 968 3507 1023 de

1905 1049 2050 1105 Asiae
2068 1049 2417 1122 principibus,
2450 1051 2543 1121 qui
2579 1058 2736 1107 erant
2773 1053 2933 1108 amici
2974 1052 3107 1123 ejus,
3157 1055 3417 1111 miserunt
3439 1058 3512 1112 ad

1906 1157 2040 1209 eum,
2071 1148 2316 1212 rogantes
2346 1158 2410 1197 ne
2436 1158 2489 1196 se
2517 1142 2670 1197 daret
2705 1142 2763 1197 in
2786 1143 3046 1199 theatrum
3064 1144 3252 1216 (Ibid.,
3277 1146 3369 1214 30,
3390 1146 3507 1219 31).

1905 1232 1967 1289 In
2016 1232 2218 1305 quibus
2257 1232 2504 1305 profecto
2544 1233 2728 1290 verbis
2780 1236 3129 1308 agnoscimus
3159 1253 3269 1312 quo
3300 1238 3511 1310 impetu

1906 1329 2099 1379 contra
2136 1338 2341 1379 cuneos
2390 1323 2747 1381 adversantes
2796 1324 3053 1392 irrueret,
3101 1328 3210 1385 nisi
3257 1344 3384 1385 eum
3415 1344 3511 1401 per

1907 1413 2114 1470 amicos
2147 1421 2201 1471 et
2229 1413 2534 1487 discipulos
2565 1415 2853 1473 cbaritatis
2882 1416 3041 1474 frena
3068 1417 3397 1477 tenuissent.

1976 1502 2457 1560 58.Declinandum
2488 1511 2659 1561 tamen
2696 1505 2988 1577 aliquando
3021 1508 3314 1579 prudenter
3352 1509 3514 1581 peri-

1906 1592 2101 1661 culum,
2133 1592 2182 1647 si
2199 1610 2263 1648 ea:
2290 1593 2387 1649 illo
2403 1594 2643 1665 periculo
2669 1595 2907 1651 modicus
2938 1601 3141 1652 tantum
3165 1595 3375 1667 fructus
3404 1615 3512 1670 spe-

1906 1687 2075 1738 retur.
2098 1683 2207 1738 Hoc
2227 1683 2433 1739 Paulus
2463 1685 2698 1756 exemplo
2728 1684 2922 1741 docuit.
2964 1716 3035 1727 —
3063 1684 3168 1742 Sed
3197 1687 3243 1741 si
3289 1684 3515 1742 obviare

1908 1772 2180 1841 hostibus,
2212 1774 2259 1829 si
2306 1774 2455 1829 ultro
2501 1790 2739 1846 pugnam
2791 1782 2994 1846 petere,
3048 1775 3094 1830 si
3144 1775 3512 1848 nosmetipsos

188 1860 340 1917 Hinc
371 1860 428 1915 in
459 1876 524 1915 eo
554 1874 775 1915 rursum
823 1858 1090 1931 scriptum
1141 1867 1222 1915 est
1257 1877 1269 1916 :
1302 1860 1488 1916 Justus
1526 1860 1683 1931 quasi
1723 1859 1799 1915 leo
1834 1878 1881 1939 Β
1908 1877 2123 1935 semper
2145 1863 2455 1936 relinquere
2476 1862 2534 1918 in
2561 1879 2725 1919 cursu
2761 1864 2940 1920 nostri
2973 1863 3210 1921 fervoris
3225 1864 3513 1933 debemus,

183 1950 458 2023 conﬁdens
481 1948 673 2019 absque
704 1954 906 2003 terrore
934 1949 1037 2004 erit
1058 1949 1245 2022 (Prov.
1281 1965 1485 2017 xxvm,
1512 1949 1586 2022 l).
1619 1950 1681 2005 In
1703 1964 1798 2005 oc-

184 2056 359 2097 cursu
386 2039 687 2096 bestiarum
705 2038 913 2096 idcirco
944 2039 1028 2095 leo
1062 2056 1173 2095 non
1206 2039 1465 2112 trepidat,
1505 2039 1636 2113 quia
1665 2055 1800 2112 pra:-

184 2132 379 2188 valere
408 2146 465 2188 se
495 2128 756 2186 omnibus
781 2145 893 2184 non
915 2129 1150 2202 ignorat.
1171 2129 1328 2187 Unde
1351 2127 1493 2202 justi
1511 2128 1619 2185 viri
1649 2144 1803 2186 secu-

186 2221 329 2277 ritas
372 2228 517 2278 recte
560 2218 707 2276 leoni
752 2227 1124 2292 comparatur,
1156 2218 1286 2292 quia
1329 2225 1522 2276 contra
1568 2234 1626 2275 se
1670 2232 1798 2274 cum

185 2309 473 2385 quoslibet
501 2310 783 2383 insurgere
811 2310 1107 2384 conspicit,
1138 2308 1209 2366 ad
1238 2309 1441 2365 mentis
1470 2324 1583 2365 sua;
1613 2306 1802 2365 conti-

185 2400 440 2459 dentiam
471 2399 653 2468 redit;
695 2405 885 2463 1023
917 2407 972 2456 et
1000 2400 1105 2457 scit
1154 2399 1286 2473 quia
1320 2406 1549 2458 cunctos
1596 2397 1804 2454 adver-

183 2509 378 2560 santes
398 2508 639 2574 superat,
655 2499 785 2574 quia
805 2498 963 2555 illum
982 2498 1164 2555 solum
1180 2496 1384 2570 diligit,
1404 2512 1570 2570 quem
1588 2495 1802 2553 invitus

184 2594 354 2652 nullo
367 2592 533 2650 modo
552 2592 790 2649 amittat.
813 2589 1075 2662 Quisquis
1093 2588 1240 2644 enim
1263 2587 1563 2656 exteriora,
1596 2603 1717 2660 quae
1749 2592 1804 2642 et

184 2682 412 2742 nolenti
431 2680 857 2746 subtrahuntur,
873 2677 1083 2751 appetit
1101 2692 1199 2733 sua
1226 2692 1283 2732 se
1314 2683 1508 2749 sponte
1538 2682 1804 2733 extraneo

186 2773 392 2831 timori
421 2769 742 2829 substernit.
760 2769 999 2825 Infracta
1016 2773 1199 2824 autem
1224 2765 1404 2822 virtus
1430 2767 1445 2799 ¹
1478 2773 1561 2821 est
1587 2779 1805 2821 concu-

189 2860 490 2938 piscentia
517 2865 748 2916 terrenae
777 2864 1147 2929 contemptus,
1178 2854 1311 2929 quia
1336 2863 1392 2910 et
1420 2853 1480 2910 in
1507 2854 1621 2909 alto
1649 2868 1806 2908 mens

190 2953 453 3029 ponitur,
478 2966 606 3007 cum
636 2967 670 3007 a
696 2949 861 3006 rebus
889 2947 1098 3004 inﬁmis
1112 2946 1229 3020 spei
1244 2962 1356 3002 sua)
1379 2943 1596 3018 judicio
1623 2943 1804 3000 suble-

189 3054 386 3113 vatur,
418 3050 583 3115 atque
635 3056 668 3096 a
712 3038 927 3096 cunctis
967 3035 1388 3094 adversantibus
1434 3041 1589 3091 tanto
1620 3033 1806 3090 minus

186 3134 493 3208 attingitur
517 3137 723 3206 quanto
751 3129 811 3185 in
840 3128 1094 3200 supernis
1123 3127 1228 3183 sita
1258 3125 1430 3182 tutius
1458 3124 1730 3180 munitur.

1909 1952 2042 2026 quid
2071 1959 2155 2007 est
2182 1951 2328 2026 quod
2361 1952 2505 2009 idem
2538 1952 2864 2025 praedicator
2890 1955 3143 2028 egregius
3191 1953 3259 2011 de
3304 1963 3519 2012 semet—

1910 2041 2030 2115 ipso
2050 2042 2270 2111 fatetur,
2294 2042 2515 2099 dicens:
2541 2043 2793 2099 Damasci
2806 2046 3129 2116 prapositus
3147 2045 3313 2116 gentis
3342 2045 3520 2103 Aretce

1908 2132 2049 2204 regis
2077 2131 2396 2188 custodiebat
2422 2132 2684 2189 civitatem
2698 2134 3174 2204 Damascenorum,
3192 2141 3252 2190 ut
3279 2151 3357 2191 me
3370 2153 3520 2191 com—

1910 2225 2270 2297 prehenderet,
2298 2231 2346 2281 et
2371 2243 2471 2298 per
2498 2224 2789 2296 fenestram
2818 2226 2875 2281 in
2902 2232 3090 2298 sporta
3118 2227 3377 2283 demissus
3403 2244 3521 2284 sum

1905 2333 2006 2389 per
2030 2332 2266 2385 murum,
2297 2322 2346 2372 et
2371 2317 2448 2372 sic
2473 2317 2631 2388 effugi
2660 2332 2849 2371 manus
2880 2316 2994 2387 ejus
3027 2316 3115 2388 (II
3154 2317 3280 2376 Cor.
3315 2333 3396 2387 xx,
3428 2317 3519 2384 32,

1911 2405 2038 2479 33)?
2058 2405 2203 2475 Quid
2233 2414 2316 2463 est
2339 2406 2485 2479 quod
2517 2421 2691 2479 equus
2721 2407 2824 2463 iste
2852 2405 3018 2463 modo
3046 2413 3241 2478 sponte
3269 2414 3521 2464 armato-

1912 2511 2036 2551 rum
2066 2511 2270 2552 cuneos
2298 2495 2534 2568 impetit,
2554 2504 2609 2552 et
2637 2494 2802 2552 modo
2831 2512 2888 2552 se
2915 2494 2985 2550 ab
3014 2496 3244 2553 armatis
3269 2495 3522 2554 hostibus

1912 2585 2068 2659 quasi
2097 2584 2348 2658 trepidus
2376 2585 2689 2653 abscondit,
2712 2586 2821 2643 nisi
2852 2585 2978 2655 hoc,
3010 2586 3160 2660 quod
3190 2601 3412 2644 necesse
3440 2595 3523 2643 est

1912 2676 2054 2733 utin
2082 2675 2201 2747 ejus
2219 2674 2517 2732 artiﬁciosa
2543 2674 2751 2732 virtute
2772 2675 3051 2732 discamus
3070 2674 3515 2732 adversariorum

1913 2779 2154 2836 pugnam
2185 2772 2241 2819 et
2267 2771 2586 2820 constanter
2635 2763 2936 2837 aliquando
2982 2770 3257 2837 appetere,
3289 2771 3344 2820 et
3381 2780 3523 2836 pru-

1914 2852 2110 2910 denter
2136 2851 2438 2926 aliquando
2485 2852 2809 2909 declinem?
2850 2852 2991 2927 [Vet.
3015 2851 3244 2926 XXIV.]
3293 2854 3523 2910 Necesse

1914 2942 2119 3016 quippe
2147 2950 2228 2999 est
2258 2949 2320 2997 ut
2349 2957 2446 3013 per
2472 2956 2636 2997 omne
2665 2940 2814 3015 quod
2840 2943 3055 3013 agimus
3079 2943 3139 2999 in
3173 2942 3375 2999 mentis
3409 2952 3522 3000 tru.

1914 3032 2034 3089 tina
2060 3031 2302 3103 positum
2327 3030 2460 3086 hinc
2477 3029 2713 3102 pondus,
2736 3030 2895 3087 illinc
2909 3030 3156 3088 fructum
3176 3032 3353 3089 nostri
3374 3032 3525 3088 labo-

1914 3122 1992 3179 ris
2020 3122 2356 3190 znstinemus,
2390 3128 2445 3177 et
2481 3137 2607 3178 cum
2637 3119 2853 3194 pondus
2882 3121 3148 3188 fructum;
3182 3129 3422 3194 superat,
3446 3122 3522 3177 la-

268 3221 962 3286 56.1ustusadversantibus
976 3218 1274 3291 intrepidus
1288 3215 1809 3287 occurrit.—Equus
1840 3246 1885 3307 ο
1913 3211 2103 3268 borem
2122 3212 2353 3286 quisque
2380 3213 2610 3269 innoxie
2630 3213 2889 3281 declinet,
2913 3212 3221 3269 dummodo
3244 3229 3300 3270 se
3320 3214 3379 3270 in
3399 3212 3525 3271 aliis

194 3314 396 3390 itaque
424 3314 527 3372 iste
552 3328 665 3369 non
694 3311 873 3368 solum
907 3310 929 3346 ³
958 3318 1151 3367 contra
1178 3324 1235 3364 se
1266 3306 1549 3363 venientes
1575 3304 1808 3359 minime

195 3404 424 3473 metuit,
456 3402 552 3459 sed
580 3401 660 3458 eis
679 3402 845 3458 etiam
867 3399 925 3456 in
955 3414 1248 3457 occursum
1269 3396 1464 3470 pergit.
1485 3395 1638 3452 Unde
1667 3394 1809 3451 bene

194 3497 296 3555 hic
324 3493 548 3551 additur
580 3510 592 3549 :
630 3492 697 3548 In
743 3505 1014 3547 occursum
1057 3487 1233 3561 pergit
1267 3485 1515 3542 armatis.
1549 3484 1809 3540 Plerum-

193 3603 310 3661 que
359 3584 510 3642 enim
558 3581 733 3656 quieti
773 3590 935 3654 atque
981 3576 1294 3636 inconcussi
1340 3568 1730 3649 relinquimur,
1759 3573 1807 3629 si

193 3676 434 3734 obviare
464 3674 649 3747 pravis
680 3674 701 3707 ³
734 3689 832 3745 pro
854 3669 1074 3742 justitia
1102 3685 1215 3725 non
1240 3682 1516 3725 curamus.
1536 3663 1643 3722 Sed
1658 3664 1707 3720 si
1736 3662 1807 3720 ad

193 3776 422 3825 aeterna:
448 3765 578 3821 vita
606 3761 938 3820 desiderium
971 3760 1192 3817 animus
1219 3756 1446 3824 exarsit,
1479 3756 1527 3813 si
1552 3754 1665 3828 jam
1698 3770 1806 3810 ve-

196 3874 330 3916 rum
371 3856 561 3912 lumen
605 3852 939 3910 intrinsecus
985 3850 1229 3923 respicit,
1261 3847 1310 3905 si
1355 3847 1413 3903 in
1443 3862 1500 3903 se
1529 3845 1807 3902 ﬂammam

196 3947 383 4006 sancti
402 3944 635 4004 fervoris
662 3941 933 4010 accendit,
966 3941 1025 3997 in
1055 3947 1323 4014 quantum
1356 3937 1509 3993 locus
1537 3933 1805 4001 admittit,

197 4040 264 4097 in
294 4043 564 4112 quantum
593 4050 756 4091 causa
802 4031 997 4104 exigit,
1038 4028 1300 4086 debemus
1346 4043 1446 4100 pro
1488 4024 1809 4082 defensione

193 4128 434 4205 iustitiae
462 4124 829 4197 nosmetipsos
846 4121 1105 4195 objicere,
1136 4127 1191 4177 et
1213 4117 1486 4192 perversis
1505 4117 1573 4173 ad
1605 4115 1811 4205 injusta

198 4203 647 4291 erumpentibus,
669 4213 846 4272 "etiam
876 4228 1002 4270 cum
1033 4210 1103 4267 ab
1130 4209 1211 4266 eis
1238 4225 1351 4265 non
1371 4207 1695 4280 quaerimur,
1716 4203 1809 4260 ob-

200 4314 381 4370 viare.
412 4311 548 4367 Nam
599 4322 726 4364 cum
774 4303 1073 4378 justitiam,
1107 4317 1273 4375 quam
1321 4315 1421 4356 nos
1451 4315 1718 4366 amamus,
1752 4300 1812 4355 in

199 4402 334 4462 aliis
346 4400 575 4467 feriunt,
594 4414 694 4454 nos
713 4392 1083 4452 nihilominus
1098 4407 1196 4449 sua
1214 4392 1235 4426 ‘
1255 4388 1607 4462 percussione
1623 4387 1813 4445 confo-

200 4492 394 4559 diunt,
426 4489 592 4548 etiam
620 4487 667 4545 si
706 4482 959 4543 venerari
1004 4480 1320 4537 videantur.
1355 4478 1498 4547 Quia
1546 4494 1678 4551 ergo
1724 4478 1815 4533 vir

1917 3311 2188 3370 exerceat,
2227 3302 2286 3359 in
2316 3302 2518 3376 quibus
2547 3304 2703 3360 lucro
2732 3304 3015 3360 fructuum
3062 3303 3282 3375 pondus
3319 3303 3525 3360 laboris

1917 3392 2124 3450 vincat.
2159 3392 2297 3450 Cum
2345 3408 2478 3450 vero
2527 3392 2631 3449 sub
2683 3397 2876 3455 1024
2920 3393 3170 3467 sequenti
3221 3394 3526 3467 quantitate

1916 3491 2197 3549 fructuum
2230 3508 2487 3549 mensura
2507 3492 2711 3549 laboris
2740 3498 2834 3548 aut
2854 3499 3121 3567 aequatur,
3144 3498 3238 3548 aut
3258 3490 3525 3561 vincitur,

1920 3584 1941 3618 ⁶
1970 3581 2125 3639 labor
2153 3598 2265 3638 non
2287 3582 2405 3638 sine
2432 3581 2585 3655 gravi
2601 3582 2766 3654 culpa
2783 3581 3116 3638 declinatur.
3139 3581 3294 3639 Unde
3313 3581 3530 3655 praedi-

1918 3680 2072 3731 cator
2099 3680 2343 3741 sanctus,
2365 3688 2492 3730 cum
2518 3672 2771 3729 Damasci
2801 3671 2963 3727 valde
2978 3671 3285 3728 obstinatas
3315 3679 3527 3728 mentes

1916 3762 2364 3837 persequentium
2412 3770 2678 3829 cerneret,
2732 3776 2926 3817 eorum
2971 3759 3153 3817 noluit
3204 3760 3525 3817 adversitati

1920 3852 2235 3926 conﬂigere,
2270 3852 2401 3926 quia
2445 3858 2501 3906 et
2540 3851 2922 3923 semetipsum,
2957 3866 3121 3924 quem
3169 3850 3525 3924 profuturum

1918 3942 2110 3999 multis
2138 3947 2387 4009 noverat,
2406 3938 2550 3996 vidit
2581 3956 2738 4012 posse
2768 3939 3020 4008 deﬁcere,
3052 3947 3106 3996 et
3146 3948 3241 3996 aut
3269 3939 3441 3996 nullis
3469 3926 3542 4016 se

1919 4030 1998 4087 ibi
2028 4039 2123 4089 aut
2151 4030 2340 4103 paucis
2371 4028 2645 4101 prodesse.
2679 4029 2961 4085 Secessum
2992 4044 3121 4100 ergo
3149 4045 3180 4085 a
3227 4028 3527 4085 certamine

1921 4121 2098 4194 petiit,
2131 4128 2184 4177 et
2218 4125 2591 4192 pugnaturum
2608 4118 2828 4175 felicius
2857 4118 2927 4175 ad
2957 4119 3067 4175 alia
3094 4133 3153 4175 se
3180 4118 3331 4175 bella
3345 4135 3529 4175 serva-

1922 4211 2022 4266 vit.
2055 4210 2176 4265 Non
2206 4209 2355 4265 enim
2373 4209 2491 4266 loco
2521 4208 2718 4276 virtus,
2742 4207 2837 4264 sed
2852 4208 3008 4264 locus
3021 4208 3221 4264 virtuti
3243 4206 3453 4275 defuit;
3476 4214 3530 4264 et

1925 4301 2131 4358 idcirco
2161 4300 2497 4357 fortissimus
2526 4299 2686 4355 miles
2716 4299 2785 4356 ad
2813 4298 3123 4356 obsidionis
3143 4298 3398 4371 angustia
3416 4314 3530 4355 cer-

1924 4391 2152 4448 taminis
2182 4390 2437 4449 cambum
2491 4389 2766 4464 quaesivit.
2799 4388 2906 4447 Ubi
2952 4396 3137 4446 autem
3184 4387 3535 4461 subjuganda

1925 4480 2037 4553 regi
2068 4482 2292 4554 proprio
2322 4481 2498 4537 multa
2524 4479 2968 4537 adversariorum
3018 4479 3164 4537 colla
3218 4477 3530 4551 conspexit,

202 4589 434 4642 sanctus
480 4578 665 4654 pravis
711 4594 775 4636 ac
825 4576 967 4631 male
1012 4572 1300 4645 agentibus
1348 4588 1464 4629 sese
1492 4572 1658 4628 etiam
1686 4586 1812 4627 cum
1850 4608 1899 4667 Β
1924 4570 2113 4627 subire
2145 4570 2353 4628 bellum
2384 4569 2471 4626 vel
2499 4586 2628 4626 cum
2659 4575 2835 4626 morte
2856 4584 2969 4625 non
2990 4568 3212 4635 timuit;
3245 4568 3392 4626 sicut
3415 4567 3535 4640 ipse

202 4692 325 4734 non
352 4673 619 4750 quasritur
647 4669 897 4744 opponit,
929 4673 1072 4724 recte
1118 4664 1187 4721 de
1230 4679 1372 4737 equo
1411 4664 1512 4720 Dei
1558 4661 1765 4719 dicitur
1798 4678 1810 4717 :

206 4769 277 4825 In
302 4780 579 4822 occursum
602 4762 777 4834 pergit
803 4757 1053 4815 armatis.

281 4855 373 4913 57.
409 4855 466 4911 S.
496 4852 661 4910 Pauli
686 4850 1081 4921 exemplum—
1098 4844 1310 4903 Intueri
1340 4844 1476 4901 libet
1505 4844 1665 4900 illum
1696 4859 1821 4900 ses—

206 4943 355 5002 soris
399 4942 486 5000 sui
530 4939 835 4999 calcaribus
878 4936 1185 4994 excitatum
1215 4943 1411 4991 contra
1438 4939 1678 4990 armatos
1708 4931 1820 4987 ho-

206 5041 343 5101 stes,
366 5038 605 5106 quantus
622 5030 853 5088 Paulum
877 5027 1063 5084 fervor
1080 5025 1429 5092 accenderat,
1455 5022 1675 5097 quando
1691 5037 1817 5077 eum

206 5124 420 5199 Ephesi
450 5122 520 5181 ad
557 5120 940 5196 irrumpendas
970 5117 1171 5174 theatri
1224 5115 1414 5174 turbas
1454 5114 1558 5171 zeli
1599 5114 1819 5169 ﬂamma

208 5214 480 5289 rapiebat.
512 5213 790 5287 Scriptum
820 5211 1022 5287 quippe
1052 5215 1134 5266 est
1170 5225 1182 5263 :
1215 5205 1420 5279 Repleti
1463 5209 1586 5260 sunt
1632 5204 1742 5269 ira,
1772 5208 1821 5258 et

290 5394 305 5429 ¹
340 5393 612 5449 Gussanv.
635 5398 689 5447 et
718 5391 862 5464 plur.
884 5389 989 5446 Ed.
1009 5406 1136 5446 cum
1166 5390 1266 5446 Ms.
1292 5387 1500 5455 Germ.,
1532 5392 1607 5464 est
1633 5402 1819 5464 concu-

248 5465 468 5522 iscentia
498 5464 616 5519 vitce
644 5457 869 5519 tetérnce.
905 5467 1125 5517 terrenae
1165 5465 1502 5531 contemptus.
1555 5459 1679 5515 Vet.
1711 5457 1816 5514 Ed.

248 5485 468 5522 ῑδῧεηιια
498 5485 616 5519 vita}
644 5485 869 5519 wwrltw.
905 5485 1125 5517 terrch
1165 5485 1502 5531 συνιιθηψιιιδ.
1569 5485 1679 5515 γυι.
1711 5485 1816 5514 nu.

204 5485 390 5595 f’aris.
423 5544 478 5592 et
517 5536 682 5592 Basil°
720 5533 1075 5591 consentiunt
1122 5532 1249 5588 Mss.
1306 5530 1548 5598 Anglic,
1601 5531 1817 5597 Norm.,

212 5608 481 5689 Vindoc.,
528 5607 691 5665 Corb.
742 5607 953 5673 Germ.,
1004 5605 1235 5673 Turon.,
1268 5604 1463 5671 Laud.,

209 5696 525 5738 δθαωωιιτ.

322 5750 582 5818 Vindoc.,
611 5749 834 5806 Ebroic.
849 5747 1053 5819 aliique
1082 5747 1293 5814 Norm.,
1325 5752 1509 5819 contra
1530 5746 1813 5819 sweienles.

287 5825 312 5860 ³
342 5816 590 5943 νυιῖίδιῖ,
609 5838 716 5943 per
739 5816 1026 5903 justitiam.
1057 5819 1310 5875 Nostram
1332 5818 1456 5874 lect.
1480 5816 1818 5943 deprompsi-

287 5912 342 5943 ηε
361 5910 433 5943 ex
510 5910 583 5943 ss.
653 5908 865 5943 0mm)“
888 5890 1085 5943 Laud.
1110 5890 1340 5943 Turon..
1364 5889 1487 5943 Val.
1509 5888 1549 5943 C
1582 5931 1616 5943 ..
1641 5887 1810 5943 duob.

210 5912 342 5956 mus
361 5910 435 5950 ex
453 5887 583 5950 Mss.
608 5887 865 5966 Longip.,
888 5890 1085 5960 Laud,
1110 5890 1340 5958 Turon.,
1364 5889 1487 5947 Val.
1509 5887 1616 5957 CL,
1641 5887 1810 5944 duob.

1511 5609 1641 5670 etc.,
1678 5618 1814 5674 quos

1922 4677 2050 4719 cum
2078 4661 2480 4734 Jerosolymam
2510 4667 2781 4732 pergeret,
2814 4674 3053 4732 eumque
3080 4657 3365 4731 discipuli,
3400 4673 3535 4730 pas-

1928 4750 2081 4808 sione
2124 4750 2277 4808 illius
2322 4766 2419 4825 per
2464 4748 2813 4822 prophetiam
2843 4748 3115 4822 praescita,
3149 4746 3530 4821 prohiberent,

1890 4896 1903 4919 ν
1928 4840 2260 4913 sibimetipsi
2277 4847 2585 4908 attestatur,
2609 4837 2801 4895 dicens
2818 4855 2830 4893 :
2850 4839 2966 4910 Ego
2980 4852 3087 4893 non
3101 4837 3272 4893 solum
3288 4835 3535 4906 alligari,

1928 4933 2016 4989 sed
2039 4938 2088 4988 et
2122 4932 2264 4988 mori
2289 4932 2349 4987 in
2375 4932 2673 4987 Jerusalem
2699 4936 2927 5002 paratus
2942 4945 3060 4984 sum
3073 4943 3178 4999 pro
3201 4926 3413 4982 nomine
3427 4926 3535 4982 Do~

1928 5023 2062 5078 mini
2088 5022 2215 5078 Iesu
2235 5020 2379 5093 (Act.
2410 5036 2533 5088 χχι,
2566 5018 2679 5092 13).
2711 5019 2890 5089 Neque
2926 5016 3066 5073 enim
3111 5014 3255 5086 facio
3297 5014 3537 5070 animam

1926 5128 2095 5168 meam
2121 5110 2490 5183 pretiosiorem
2507 5126 2671 5180 quam
2696 5124 2777 5164 me
2809 5106 2999 5179 (Ibid.,
3030 5121 3132 5175 xx,
3163 5103 3280 5178 24).
3304 5103 3413 5172 Qui
3435 5103 3536 5177 igi-

1925 5208 2018 5257 tur
2047 5200 2142 5258 hic
2168 5199 2397 5256 hostiles
2423 5212 2630 5255 cuneos
2657 5195 2823 5253 etiam
2854 5193 3109 5268 praescita
3153 5192 3409 5268 passione
3438 5209 3538 5254 sua
3578 5194 3585 5201 “

1930 5382 2115 5439 Germ.
2148 5390 2201 5438 et
2231 5380 2365 5452 pler.
2398 5379 2587 5452 Norm.

2003 5456 2024 5489 ‘
2054 5446 2285 5518 Excusi,
2312 5450 2682 5524 persecutione.
2712 5448 3089 5524 Potiorlectio
3117 5448 3245 5506 Mss.
3268 5446 3534 5524 Vindoc,

1929 5528 2157 5595 Turon.,
2190 5519 2348 5582 duor.
2382 5523 2589 5591 Germ.,
2623 5522 2835 5591 Norm.,
2865 5522 2988 5579 Val.
3019 5519 3127 5589 CL,
3161 5537 3327 5595 quam
3356 5520 3535 5594 sequi-

1930 5616 2281 5747 mgr’ljurop.,
2313 5666 2638 5747 du_o_Gerr_n.
2672 5672 2726 5747 et
2747 5665 2874 5723 Val.
2910 5665 3019 5747 Cl.,
3050 5670 3210 5747 rapto
3230 5665 3405 5747 ‘Gaio.

2001 5745 2021 5777 ⁸
2070 5739 2332 5808 Vindoe.,
2380 5740 2532 5795 labor
2574 5738 2628 5793 in
2671 5738 2773 5810 ﬁne
2814 5738 2969 5810 gravi
3011 5735 3171 5808 culpa
3208 5735 3530 5793 declinatur.

1927 5812 2315 5880 Turon.,labor
2339 5812 2450 5867 sine
2475 5811 2629 5885 gravi
2656 5809 2811 5885 culpa
2841 5809 3157 5867 declinatur.
