3936 6434
417 407 521 464 607

1639 403 1890 460 SANCTl
1928 365 2267 459 GnEGonn
2302 402 2529 461 MAGNI

3637 407 3761 464 608

418 531 822 606 imperterritus
849 528 1029 604 petiit,
1049 528 1166 588 illic
1184 529 1252 588 de
1267 529 1676 604 dispensatione
1697 529 1864 587 fuisse
1883 528 2008 586 edo-
2043 529 2095 588 A
2124 535 2297 599 parat.
2316 529 2422 586 Sed
2451 529 2581 604 quia
2610 537 2722 588 tam
2755 529 3204 589 robustissimum
3227 539 3421 606 pectus
3449 533 3764 606 quomodo

417 620 554 690 cuit,
583 635 696 676 non
724 619 792 676 de
828 617 1028 676 timore
1056 618 1204 692 quod
1233 620 1396 693 fugit.

487 710 577 768 59.
613 709 918 768 Cavendum
945 726 1008 764 ne
1037 710 1222 766 timore
1235 710 1420 782 potius
1431 726 1593 780 quam
1621 715 1776 765 cauta
1801 709 2016 780 dispen-

417 799 618 856 satione
644 799 936 870 fugiamus.
965 828 1038 840 —
1073 799 1192 867 Qua
1228 799 1288 856 in
1327 815 1384 856 re
1412 797 1751 872 pensandum
1779 807 1860 855 est
1889 797 2019 870 quia

418 889 514 946 ille
561 890 774 947 labores
817 888 1088 962 quosdam
1137 905 1234 962 per
1273 887 1702 962 dispensationis
1741 887 2018 961 judicium

421 979 772 1036 laudabiliter
795 977 1058 1046 declinat,
1089 978 1185 1050 qui
1209 995 1310 1050 pro
1348 979 1461 1034 Deo
1492 977 1725 1050 majores
1744 978 1883 1034 alios
1911 978 2019 1034 for-

420 1070 550 1126 titer
576 1071 792 1126 tolerat.
824 1070 964 1126 Nam
991 1085 1132 1140 saepe
1157 1068 1225 1124 ab
1254 1068 1582 1126 hominibus
1615 1069 1781 1126 timor
1821 1067 2020 1125 debilis

419 1165 579 1218 cauta
607 1157 946 1232 dispensatio
976 1165 1238 1214 vocatur:
1272 1167 1326 1216 et
1355 1160 1508 1232 quasi
1532 1158 1829 1232 prudenter
1853 1157 2021 1229 impe-

423 1257 540 1306 tum
572 1248 878 1306 declinasse
893 1265 950 1305 se
979 1257 1250 1318 asserunt,
1269 1265 1395 1306 cum
1419 1249 1690 1322 fugientes
1705 1249 1939 1320 turpiter
1965 1247 2022 1302 in

423 1349 574 1414 terga
601 1339 896 1396 feriuntur.
932 1340 1087 1397 Unde
1116 1357 1336 1398 necesse
1388 1349 1470 1398 est
1516 1349 1578 1397 ut
1622 1341 1681 1396 in
1712 1356 1876 1397 causa
1901 1337 2020 1405 Dei,

422 1449 549 1490 cum
579 1449 665 1488 res
696 1431 1124 1504 dispensationis
1153 1431 1354 1504 agitur,
1377 1439 1556 1488 metus
1571 1430 1754 1488 cordis
1782 1429 2024 1486 subtilis-

423 1523 564 1579 sima
591 1521 889 1579 libratione
917 1529 1197 1594 pensetur,
1224 1537 1294 1577 ne
1319 1537 1416 1594 per
1444 1521 1826 1577 infirmitatem
1859 1518 2027 1575 timor

424 1610 702 1684 subrepat,
726 1618 782 1667 et
811 1627 926 1667 sese
956 1626 1052 1683 per
1071 1610 1498 1683 dispensationis
1529 1610 1824 1682 imaginem
1847 1607 2028 1663 ratio-

425 1715 552 1756 nem
601 1699 898 1772 contingat,
929 1716 998 1756 ne
1045 1700 1208 1772 culpa
1237 1715 1294 1755 se
1341 1698 1694 1771 prudentiam
1738 1696 2024 1762 nominet;

420 1787 646 1861 jamque
675 1804 776 1846 nec
805 1788 874 1844 ad
902 1786 1286 1861 panitentiam
1314 1787 1533 1843 animus
1561 1786 1767 1853 redeat,
1800 1783 2025 1859 quando

2122 635 2180 676 se
2193 618 2394 692 jaculis
2421 629 2660 695 opponat
2679 621 3019 690 audivimus,
3041 637 3197 680 nunc
3216 622 3352 697 quid
3376 621 3446 680 ab
3475 623 3764 681 adversa.

2123 709 2224 766 riis
2251 718 2442 782 agatur
2469 713 2776 768 audiamus.
2810 711 3074 785 Sequitur
3109 729 3122 768 :

2701 801 2930 859 CAPUT
2969 801 3154 860 XXX.

2198 900 2370 958 Vens.
2400 899 2488 958 23.
2511 930 2582 942 —
2609 901 2781 972 Super
2804 901 2980 974 ipsum
3007 899 3214 956 sonabit
3236 901 3518 972 pharetra.

2199 988 2288 1046 62.
2330 990 2460 1047 Victi
2487 991 2654 1045 hostes
2682 990 2754 1046 ad
2778 990 2945 1058 dolos,
2978 991 3067 1044 sed
3093 990 3354 1046 incassum
3402 989 3760 1061 confugiunt.

2129 1108 2200 1119 —
2227 1079 2288 1134 In
2333 1079 2615 1152 Scriptura
2655 1097 2808 1136 sacra
2852 1081 3124 1152 pharetra
3166 1081 3394 1136 nomine
3437 1078 3760 1154 aliquando

2125 1169 2337 1242 justum
2369 1172 2467 1228 Dei
2483 1173 2871 1246 occultumque
2893 1173 2907 1206 ¹
2931 1171 3254 1240 consilium,
3277 1171 3584 1244 aliquando
3611 1186 3760 1226 vero

2131 1261 2472 1317 clandestina
2515 1277 2808 1333 pravorum
2854 1259 3198 1316 machinatio
3244 1259 3590 1333 designatur.
3644 1259 3759 1315 Per

2134 1350 2445 1423 pharetram
2471 1350 2683 1423 justum
2731 1349 2833 1406 Dei
2884 1350 3275 1422 occultumque
3304 1349 3608 1406 consilium
3639 1367 3760 1406 ex-

2135 1440 2416 1511 primitur,
2441 1439 2586 1495 sicut
2616 1438 2761 1496 idem
2792 1438 2984 1495 beatus
3011 1439 3114 1495 Job
3144 1439 3425 1512 superiore
3467 1447 3626 1512 parte
3658 1447 3758 1496 te—

2135 1537 2330 1596 statur,
2349 1529 2538 1584 dicens
2563 1547 2574 1584 :
2599 1529 2920 1584 Pharetram
2939 1530 3076 1584 enim
3096 1547 3248 1584 suam
3279 1530 3512 1601 aperuit,
3528 1536 3578 1586 et
3598 1531 3759 1603 afﬂi-

2135 1619 2218 1674 xit
2245 1619 2462 1690 me(Job
2492 1635 2632 1684 xxx,
2669 1619 2782 1690 11).
2814 1618 2875 1674 Id
2903 1627 3005 1687 est,
3036 1619 3318 1675 occultum
3352 1633 3514 1674 suum
3551 1619 3759 1674 consi-

2137 1707 2274 1763 lium
2304 1707 2532 1775 detexit,
2566 1716 2619 1764 et
2647 1707 2870 1780 publica
2898 1725 2985 1764 me
3015 1709 3374 1780 percussione
3399 1709 3752 1766 vulneravit.

2138 1797 2292 1853 Sicut
2338 1797 2488 1852 enim
2529 1795 2586 1852 in
2643 1796 2903 1870 pharetra
2932 1798 3166 1869 sagitta,
3197 1798 3278 1855 sic
3306 1798 3364 1853 in
3396 1799 3616 1855 occulto
3646 1798 3752 1854 Dei

427 1877 535 1934 hoc
563 1877 710 1950 quod
740 1877 932 1950 inique
977 1882 1256 1948 perpetrat
1311 1874 1577 1931 virtutem
1631 1884 1810 1930 vocat.
1844 1874 2030 1930 Restat

2150 1887 2376 1945 consilio
2398 1887 2570 1942 latent
2586 1887 2872 1942 sententia
2893 1905 2905 1953 ;
2939 1896 2993 1943 et
3008 1888 3164 1961 quasi
3181 1904 3250 1944 ex
3271 1888 3528 1962 pharetra
3545 1889 3754 1959 sagitta

429 1965 599 2038 igitur
627 1973 689 2022 ut
717 1964 775 2020 in
805 1963 991 2022 dubiis
1021 1963 1251 2038 quisque
1279 1963 1672 2036 deprehensus,
1696 1979 1822 2019 cum
1844 1963 2030 2036 quali-

428 2051 521 2108 bet
547 2051 653 2108 sibi
683 2051 986 2108 adversitas
1013 2050 1288 2119 imminet,
1328 2051 1482 2122 prius
1503 2049 1649 2105 intra
1677 2048 2032 2122 semetipsum

429 2149 622 2198 contra
650 2141 1004 2198 formidinem
1033 2147 1088 2197 et
1117 2139 1614 2214 praecipitationem
1643 2146 1870 2212 pugnet,
1905 2154 2033 2212 qua-

431 2237 594 2288 tenus
621 2247 722 2288 nec
749 2229 1105 2288 formidolose
1133 2245 1190 2286 se
1217 2229 1527 2299 subtrahat,
1545 2245 1649 2286 nec
1673 2229 2035 2302 pracipitan-

435 2327 516 2376 ter
547 2327 806 2393 opponat.
839 2320 1012 2378 Valde
1039 2321 1185 2378 enim
1218 2336 1458 2396 praceps
1487 2327 1572 2375 est
1601 2318 1697 2391 qui
1727 2333 1942 2391 semper
1978 2333 2035 2373 se

433 2408 678 2467 adversis
707 2408 920 2483 objicit,
952 2418 1007 2468 et
1033 2410 1195 2469 valde
1234 2408 1470 2485 pavidus
1517 2407 1614 2483 qui
1658 2423 1873 2480 semper
1918 2406 2036 2464 abs-

434 2499 645 2557 condit.

505 2616 594 2674 60.
623 2616 838 2674 Peritus
864 2618 978 2674 dua:
1006 2619 1144 2674 hosti
1169 2618 1459 2675 exercitum
1484 2633 1576 2673 nec
1605 2632 1806 2688 semper
1841 2615 2038 2672 admo-

437 2709 539 2770 vet,
568 2720 876 2778 necsemper
901 2705 1160 2764 subducit.
1185 2737 1258 2749 —
1287 2705 1394 2764 Sed
1414 2705 1532 2763 hac
1561 2706 1760 2762 melius
1790 2703 1847 2761 in
1876 2704 2038 2761 bellis

439 2791 780 2866 spiritalibus
808 2793 1096 2864 discimus,
1121 2795 1168 2852 si
1197 2796 1431 2852 formam
1453 2794 1702 2852 exercitii
1719 2810 1751 2849 a
1769 2809 2038 2864 corpora-

440 2883 586 2947 libus
611 2884 774 2943 bellis
802 2885 1105 2942 trahamus.
1128 2887 1249 2942 Non
1282 2886 1428 2941 enim
1446 2886 1540 2942 ille
1563 2884 1680 2942 dux
1701 2884 1917 2957 sapiens
1933 2891 2035 2952 est,

441 2975 537 3048 qui
568 2992 785 3049 semper
817 2983 1009 3034 contra
1037 2976 1267 3032 hostiles
1309 2991 1514 3032 cuneos
1553 2975 1859 3031 exercitum
1904 2990 2038 3046 pra-

435 3081 562 3137 ceps
575 3065 834 3122 admovet
856 3083 870 3133 ;
895 3081 1072 3139 neque
1093 3065 1188 3121 ille
1203 3065 1320 3121 dux
1334 3065 1517 3133 fortis,
1539 3065 1634 3138 qui
1651 3080 1867 3136 semper
1887 3062 2040 3120 hunc

435 3155 504 3212 ab
533 3155 709 3214 hostis
735 3157 876 3214 facie
903 3157 1148 3214 cavendo
1175 3155 1458 3214 subducit.
1484 3155 1635 3212 Scire
1651 3170 1890 3228 namque
1923 3153 2038 3210 dux

435 3245 596 3303 debet
623 3247 787 3304 modo
811 3246 880 3303 ab
907 3247 1098 3304 hostili
1129 3246 1340 3319 impetu
1359 3245 1665 3302 exercitum
1693 3252 1852 3301 caute
1897 3244 2040 3300 sub-

437 3334 672 3402 trahere,
686 3335 848 3391 modo
861 3335 1073 3390 hostem
1091 3333 1442 3390 circumfusis
1459 3333 1722 3390 cornibus
1736 3339 2032 3390 coarctare.

437 3423 597 3490 Quod
623 3423 893 3478 nimirum
921 3421 1157 3479 sollicite
1188 3421 1415 3494 perfecti
1446 3421 1835 3494 pradicatores
1864 3421 2036 3478 exhi-

437 3510 588 3578 bent,
619 3527 746 3566 cum
779 3510 943 3567 modo
972 3509 1370 3582 persecutionis
1415 3509 1626 3566 rabiem
1673 3509 2035 3579 declinantes,

441 3607 715 3656 noverunt
735 3599 1010 3672 sapienter
1037 3599 1132 3656 sed
1160 3615 1274 3655 non
1302 3598 1580 3655 enerviter
1607 3598 1838 3666 cedere;
1873 3600 2038 3656 modo

439 3697 618 3745 autem
649 3688 1046 3762 persecutionis
1073 3689 1344 3762 impetum
1385 3695 1820 3757 contemnentes,
1856 3706 2040 3746 nove-

441 3785 571 3834 runt
597 3777 647 3835 ei
673 3778 916 3847 fortiter,
935 3777 1031 3836 sed
1058 3794 1170 3836 non
1191 3777 1601 3852 pracipitanter
1619 3777 1868 3836 obviare.
1893 3779 2039 3847 Quia

438 3875 618 3924 autem
648 3877 872 3926 sanctus
899 3869 1008 3938 vir,
1027 3885 1152 3926 cum
1185 3885 1493 3942 congruum
1513 3869 1712 3936 cernit,
1729 3868 1932 3926 ictibus
1951 3885 2037 3942 pe-

437 3965 558 4014 ctus
585 3956 800 4030 objicit,
818 3966 872 4014 et
893 3958 1175 4015 venientia
1187 3957 1373 4030 jacula
1399 3959 1486 4014 vel
1508 3958 1750 4016 moriens
1768 3958 2035 4026 retundit,

436 4057 579 4106 recte
603 4047 809 4106 dicitur
856 4067 868 4106 :
901 4052 969 4107 In
1004 4065 1279 4105 occursum
1319 4049 1498 4120 pergit
1541 4049 1786 4106 armatis.
1818 4049 1898 4105 De
1928 4064 2037 4120 quo

436 4137 616 4196 adhuc
643 4137 780 4196 bene
809 4137 1070 4196 subditur
1101 4157 1113 4194 :

994 4279 1223 4338 CAPUT
1269 4281 1480 4337 XXIX.

509 4403 680 4458 Vnus.
713 4401 801 4458 22.
824 4431 897 4444 -
927 4401 1222 4457 Contemnit
1245 4417 1520 4474 pavorem,
1546 4417 1637 4456 nec
1673 4368 1806 4456 cedit
1833 4401 2035 4472 gladio.

524 4519 714 4578 1025
737 4513 825 4570 61.
856 4514 1064 4570 Paulus
1085 4531 1339 4586 pavorem
1365 4530 1590 4582 omnem,
1626 4531 1834 4571 omnem
1863 4515 2036 4570 hosti—

2140 1977 2415 2045 educitur,
2447 1977 2666 2050 quando
2695 1993 2764 2033 ex
2793 1977 3010 2034 occulto
3039 1978 3272 2035 consilio
3302 1985 3546 2050 apertam
3599 1980 3752 2034 Deus

2143 2066 2471 2122 sententiam
2495 2065 2796 2138 jaculatur.
2831 2067 3109 2124 Pharetra
3139 2084 3356 2142 quoque
3378 2069 3606 2125 nomine
3628 2085 3752 2141 pra.

2144 2172 2340 2213 vorum
2371 2156 2710 2213 machinatio
2741 2156 3076 2228 designatur,
3123 2158 3267 2215 sicut
3293 2175 3390 2231 per
3419 2159 3754 2232 prophetam

2144 2247 2350 2304 dicitur
2388 2263 2399 2302 :
2433 2247 2773 2303 Paraverunt
2801 2249 3020 2320 sagittas
3051 2265 3177 2304 suas
3197 2248 3252 2303 in
3276 2250 3557 2320 pharetra,
3581 2255 3643 2304 ut
3661 2266 3750 2304 sa-

2143 2337 2326 2408 gittent
2369 2337 2422 2392 in
2460 2336 2680 2392 obscuro
2719 2344 2883 2392 rectos
2930 2338 3086 2394 corde
3137 2339 3312 2409 (Psal.
3361 2355 3420 2408 x,
3470 2338 3550 2410 3).
3605 2337 3749 2411 [γει.

2145 2425 2341 2502 XXV.]
2363 2427 2547 2500 Iniqui
2567 2427 2716 2483 enim
2743 2443 2869 2484 cum
2901 2426 3060 2484 dolos
3080 2445 3218 2502 quos
3236 2427 3399 2486 bonis
3427 2428 3752 2500 excogitant

2146 2516 2366 2573 secretis
2387 2515 2892 2574 machinationibus
2912 2518 3212 2586 occultant,
3234 2519 3392 2590 quasi
3412 2517 3470 2573 in
3493 2517 3754 2591 pharetra

2146 2616 2371 2688 sagittas
2407 2623 2622 2688 parant,
2646 2624 2702 2672 et
2752 2613 2811 2670 in
2859 2615 2962 2672 hac
3012 2616 3301 2690 prasentis
3328 2617 3458 2674 vita
3490 2617 3751 2689 caligine,

2147 2704 2373 2760 velutin
2395 2705 2650 2775 obscuro,
2674 2713 2850 2762 rectos
2865 2707 3030 2763 corde
3061 2705 3290 2775 feriunt,
3313 2705 3446 2780 quia
3473 2705 3753 2762 malitiosa

2147 2809 2334 2850 eorum
2353 2793 2536 2865 jacula
2557 2803 2612 2851 et
2639 2795 2832 2852 sentiri
2861 2812 2958 2868 per
2987 2796 3192 2854 vulnus
3220 2805 3473 2870 possunt,
3496 2804 3552 2853 et
3567 2804 3752 2852 tamen

2148 2883 2428 2939 venientia
2455 2883 2790 2956 deprehendi
2822 2902 2934 2942 non
2950 2894 3206 2958 possunt.
3233 2887 3408 2958 Igitur
3424 2885 3555 2959 quia
3575 2900 3753 2958 equus

2146 2973 2246 3028 Dei
2275 2974 2430 3030 nulla
2457 2974 2786 3031 adversitate
2813 2983 3072 3044 terretur,
3101 2975 3261 3048 eique
3291 2991 3401 3048 quo
3431 2975 3608 3046 magis
3657 2973 3750 3030 ob-

2149 3062 2353 3128 viatur,
2383 3079 2448 3118 eo
2476 3064 2533 3119 vi
2560 3064 2890 3120 intentionis
2918 3081 3030 3121 sua
3073 3079 3236 3137 super
3281 3072 3522 3121 armatos
3565 3063 3752 3120 hostes

2147 3150 2472 3221 ferventior,
2503 3151 2746 3221 ducitur,
2778 3163 3150 3225 persecutores
3169 3152 3308 3226 ejus,
3342 3153 3438 3226 qui
3485 3169 3542 3210 se
3581 3152 3752 3210 etiam

2073 3255 2116 3316 C
2151 3240 2409 3297 ferientes
2439 3241 2588 3298 vinci
2615 3242 2884 3312 sentiunt,
2910 3243 3118 3300 turbati
3149 3243 3218 3300 ad
3238 3244 3540 3301 consilium
3573 3257 3755 3298 rever-

2148 3337 2361 3400 tuntur,
2392 3331 2548 3388 dolos
2570 3339 2898 3404 praparant,
2929 3340 2985 3390 et
3017 3333 3170 3389 velut
3198 3349 3268 3389 ex
3290 3333 3595 3407 longinquo
3613 3331 3757 3388 mit-

2149 3419 2314 3475 tendo
2343 3420 2574 3476 vulnera
2603 3421 2902 3478 occultant.
2956 3421 3115 3479 Unde
3161 3437 3262 3478 nec
3307 3429 3455 3478 recte
3497 3423 3748 3478 dicitur:

2153 3505 2296 3581 [Rec.
2328 3511 2382 3566 Χ
2389 3506 2472 3584 ν.]
2507 3511 2677 3581 Super
2703 3510 2877 3582 ipsum
2905 3513 3112 3568 sonabit
3133 3513 3418 3584 pharetra;
3436 3518 3500 3567 ut
3527 3528 3652 3568 eum
3683 3528 3754 3568 ex

2150 3598 2416 3656 absconsa
2457 3599 2868 3657 machinatione
2924 3601 3085 3674 longe
3127 3601 3350 3670 feriant,
3398 3601 3494 3659 cui
3551 3601 3756 3674 apertis

2150 3691 2631 3764 congressionibus
2659 3692 2900 3748 inaniter
2945 3693 3408 3767 appropinquant.
3452 3695 3584 3750 Hac
3621 3701 3756 3750 tunc

2150 3797 2312 3852 super
2326 3797 2528 3856 equum
2547 3781 2648 3838 Dei
2671 3781 2924 3855 pharetra
2943 3790 3222 3852 sonuerat,
3238 3800 3365 3840 cum
3389 3782 3756 3856 quadraginta

2152 3867 2258 3925 viri
2288 3870 2383 3942 qui
2409 3870 2468 3926 in
2489 3870 2608 3942 ejus
2635 3879 2868 3928 mortem
2897 3870 3326 3944 conjuraverant
3344 3871 3507 3929 educi
3539 3871 3608 3928 de
3637 3887 3750 3928 car-

2149 3974 2271 4015 cere
2299 3959 2530 4015 Paulum
2559 3959 2876 4033 quarebant
2905 3960 3047 4033 (Act.
3079 3977 3245 4030 χχιιι,
3266 3961 3382 4033 13),
3405 3967 3468 4018 ut
3490 3961 3756 4018 consilio-

2151 4063 2275 4102 rum
2303 4063 2530 4104 suorum
2547 4047 2788 4105 ictibus’
2808 4050 2963 4123 quasi
2980 4051 3123 4106 clam
3153 4050 3479 4122 sagittarum
3509 4049 3644 4107 dolo
3671 4049 3753 4106 in-

2149 4136 2462 4193 terficerent
2491 4153 2653 4212 quem
2681 4138 3068 4210 congressione
3096 4138 3498 4212 persecutionis
3517 4137 3754 4212 publica

2150 4241 2404 4298 superare
2456 4242 2802 4301 nequaquam
2851 4236 3076 4301 possent
3099 4272 3112 4285 .
3169 4228 3436 4285 Pharetra
3481 4244 3612 4302 ergo
3656 4245 3756 4284 so-

2150 4316 2293 4385 nuit,
2325 4315 2457 4388 quia
2480 4317 2714 4375 occulta
2748 4317 3183 4376 machinationis
3209 4318 3281 4375 ad
3310 4318 3548 4375 Paulum
3593 4333 3756 4376 causa

2151 4406 2425 4476 pervenit.

2220 4494 2307 4552 63.
2341 4497 2500 4553 Artes
2543 4512 2669 4553 suas
2695 4496 2987 4568 aliquando
3029 4497 3312 4562 occultant,
3347 4497 3666 4569 aliquando,
3699 4504 3760 4552 ut

443 4614 541 4669 lem
565 4615 817 4684 impetum
847 4613 1101 4685 despexit.
1133 4643 1205 4654 —
1232 4613 1532 4670 Videamus
1560 4614 1838 4687 quomodo
1861 4631 2040 4688 pavo-
2071 4615 2121 4673 D
2150 4585 2409 4686 incutiam
2431 4593 3085 4688 mrm'memmj—
3106 4585 3441 4688 Qu‘fF‘ViiSi
3461 4585 3758 4688 ‘fiflilaf‘?’

441 4719 555 4758 rem
585 4701 868 4774 despiciat,
900 4701 997 4776 qui
1024 4703 1172 4776 ipsos
1203 4702 1645 4760 adversariorum
1667 4704 1882 4778 gladios
1909 4721 2040 4761 enu-

444 4808 659 4849 merans
687 4793 878 4850 calcat.
903 4791 999 4848 Ait
1027 4791 1176 4849 enim
1202 4811 1215 4849 :
1242 4794 1374 4863 Quis
1392 4810 1488 4848 nos
1503 4793 1774 4866 separabit
1791 4811 1826 4850 a
1855 4795 2048 4850 chari-

367 4948 372 4954 ,
443 4888 544 4938 tate
557 4883 658 4940 Dei
667 4884 696 4940 ἵ
716 4883 993 4941 tribulatio
1005 4900 1080 4940 an
1094 4885 1365 4955 angustia,
1382 4901 1454 4939 an
1473 4884 1660 4954 fames,
1679 4900 1750 4939 an
1759 4883 2050 4954 persecutio

445 4977 620 5046 (Rom.
644 4993 769 5045 VIII,
797 4975 926 5048 35)?
955 4976 1020 5032 In
1050 4992 1251 5047 pavore
1281 4983 1465 5032 autem
1488 4981 1724 5031 ventura
1746 4990 1906 5046 pana
1926 4991 2050 5030 me—

443 5065 636 5134 tuitur,
667 5065 727 5121 in
747 5064 929 5138 gladio
959 5081 1090 5123 vero
1115 5065 1232 5138 jam
1261 5065 1422 5122 dolor
1450 5064 1518 5120 de
1547 5063 1802 5137 prasenti
1833 5079 2048 5136 percus-

441 5153 595 5211 sione
624 5153 880 5211 sentitur.
905 5155 1046 5222 Quia
1065 5170 1197 5226 ergo
1223 5153 1312 5209 vir
1335 5161 1557 5210 sanctus
1572 5160 1806 5208 ventura
1824 5151 2054 5208 adversa

425 5245 554 5300 'non
582 5241 799 5310 metuit,
830 5259 1091 5316 pavorem
1121 5243 1358 5316 despicit
1382 5261 1395 5310 ;
1421 5241 1554 5317 quia
1579 5257 1713 5298 vero
1735 5259 1836 5300 nec
1863 5259 2050 5315 super-

449 5329 700 5386 veniente
728 5331 1078 5402 percussione
1133 5332 1398 5401 vincitur,
1457 5347 1802 5404 nequaquam
1851 5329 2047 5404 gladiis

385 5485 392 5491 .
447 5417 612 5475 cedit.
645 5416 849 5475 Contra
875 5419 1024 5478 hunc
1057 5421 1246 5494 itaque
1275 5437 1478 5495 equum
1498 5429 1584 5478 tot
1597 5428 1727 5478 sunt
1754 5420 1924 5494 gladii
1951 5421 2048 5478 ho-

449 5507 640 5574 stium,
669 5515 804 5580 quot
833 5523 1031 5579 genera
1059 5511 1532 5582 persecutionum;
1567 5528 1687 5586 qua
1715 5519 1913 5569 cuncta
1938 5511 2048 5568 ob-

451 5597 608 5654 vians
654 5601 898 5668 superat,
927 5597 1060 5669 quia
1099 5613 1282 5656 amore
1327 5601 1456 5657 vita
1499 5617 1616 5658 sese
1644 5599 1714 5657 ad
1756 5600 2046 5658 interitum

527 5804 543 5876 ξ
573 5799 1078 5876 Laud.,_judicium.
1111 5803 1182 5876 Et
1209 5802 1372 5874 infra,
1403 5822 1469 5861 ea:
1488 5809 1684 5864 occulto
1705 5806 1934 5876 judicio.

2155 4677 2474 4748 quaerimus,
2504 4676 2687 4735 adhuc
2715 4677 2775 4733 in
2805 4677 3074 4750 pharetra
3103 4677 3290 4734 sonitu
3321 4676 3540 4751 aliquid
3569 4676 3759 4734 subti-

2159 4764 2265 4820 lius
2295 4764 2628 4822 invenimus.
2643 4766 2795 4838 Sape
2823 4767 2972 4822 enim
2988 4765 3292 4823 adversarii
3311 4766 3547 4824 consilia
3564 4775 3759 4824 contra

2157 4854 2331 4912 bonos
2377 4855 2591 4924 ineunt,
2621 4855 2806 4928 pravis
2851 4855 3271 4913 inventionibus
3318 4856 3660 4924 innituntur,
3692 4857 3758 4912 ad
3817 4905 3834 4914 -

2159 4945 2554 5018 excogitandos
2579 4945 2738 5003 dolos
2758 4962 2815 5002 se
2848 4946 3160 5014 conferunt,
3183 4945 3280 5002 sed
3305 4952 3490 5003 tamen
3520 4946 3620 5019 qui
3647 4962 3760 5003 eos-

2159 5036 2285 5094 dem
2334 5037 2490 5095 dolos
2531 5037 2760 5110 prodere
2801 5037 2963 5096 bonis
3008 5035 3262 5106 debeant,
3295 5035 3402 5110 ipsi
3432 5035 3756 5106 instituunt,

2161 5130 2393 5186 latenter
2421 5129 2528 5203 ipsi
2545 5130 2952 5198 transmittunt,
2984 5136 3046 5186 ut
3073 5127 3313 5186 credulis
3357 5127 3756 5200 suppliciorum

2162 5221 2486 5292 praeparatio
2513 5219 2646 5277 dum
2683 5219 2839 5293 quasi
2869 5217 3061 5274 furtim
3102 5215 3491 5286 innotescitur,
3520 5215 3760 5290 amplius

2161 5309 2442 5377 timeatur,
2474 5317 2528 5366 et
2553 5307 2830 5366 audientis
2845 5307 3095 5364 animum
3117 5306 3242 5380 plus
3257 5311 3516 5377 suspecta
3531 5305 3758 5361 vulnera

2155 5413 2320 5472 quam
2350 5405 2604 5472 percepta
2626 5396 2969 5470 perturbent.
2991 5396 3054 5452 In
3083 5394 3341 5468 pharetra
3367 5392 3520 5450 enim
3550 5393 3758 5465 sagitta

2161 5491 2351 5550 1026
2380 5487 2510 5544 dum
2546 5489 2718 5544 latent
2732 5495 2786 5544 et
2809 5493 3008 5542 sonant
3028 5491 3262 5540 mortem
3285 5483 3449 5538 etiam
3483 5498 3598 5538 non
3631 5483 3758 5538 visa

2155 5583 2504 5642 denuntiant.
2537 5584 2797 5640 Pharetra
2847 5598 2975 5655 ergo
3023 5589 3216 5640 contra
3263 5596 3472 5654 equum
3515 5581 3754 5638 sonitum

525 5874 547 5909 ²
576 5875 739 5933 Corb.
763 5873 974 5941 Germ.,
1009 5872 1275 5943 Vindoc.,
1303 5872 1526 5935 Ebroic.
1559 5895 1622 5936 ac
1651 5872 1863 5948 Norm.,
1893 5879 2052 5951 quasi
2081 5881 2288 5938 saltem.
