3936 6382
161 333 266 391 609

892 341 1266 399 MORALIUM
1304 343 1439 401 LIB.
1481 345 1691 403 XXXI.
1735 376 1807 389 —
1844 348 1917 405 IN
1971 349 2198 407 CAPUT
2237 353 2481 412 XXXIX
2520 358 2582 414 B.
2624 359 2767 416 JOB.

3388 367 3494 425 610

162 459 376 532 reddit,
408 480 537 522 cum
567 476 759 559 contra
806 468 1221 541 praedicatorem
1266 483 1522 532 sanctum
1554 476 1773 534 occulta
1799 481 1851 542 Α
1879 489 1963 537 ter
1988 480 2058 538 ad
2085 500 2143 540 se
2173 486 2194 519 ⁵
2223 485 2506 544 auditores
2550 490 2768 547 trahere
2798 493 3043 553 festinat.
3086 497 3242 557 Unde
3270 510 3325 559 et
3352 501 3494 558 bene

164 569 468 625 pravorum
502 556 846 616 machinatio
860 562 1154 619 consilium
1170 581 1354 635 suum,
1376 566 1524 640 quod
1541 568 1765 625 fraudu-

163 644 345 701 lenter
375 647 577 718 operit,
613 648 1026 709 fraudulentius
1050 653 1370 725 innotescit,
1393 666 1454 714 ut
1484 659 1779 730 praemissis

162 732 341 790 minis
358 736 518 808 quasi
535 752 606 792 ex
621 739 809 794 sonitu
837 739 1109 812 pharetrae
1132 750 1354 814 terreat,
1371 762 1497 802 cum
1518 748 1776 819 praedica-

162 829 253 878 tor
282 824 386 880 Dei
412 833 631 896 apertas
663 830 1028 886 contumelias
1048 833 1202 888 velut
1242 834 1497 891 cominus
1526 836 1781 894 ferientia

157 912 349 983 jacula
380 930 491 970 non
522 914 804 973 formidat.
831 918 969 976 Cum
987 937 1118 978 vero
1134 922 1339 979 eisdem
1362 924 1531 981 minis
1552 926 1781 982 minime

163 1010 429 1071 terretur,
464 1020 595 1060 mox
626 1014 1048 1078 persecutorum
1075 1011 1377 1068 crudelitas
1412 1012 1482 1068 ad
1515 1014 1784 1086 supplicia

165 1092 465 1149 manifesta
492 1093 835 1165 perducitur.
875 1097 1031 1154 Unde
1070 1098 1209 1155 bene
1254 1108 1543 1174 postquam
1572 1102 1783 1160 dictum

165 1187 284 1238 est:
320 1184 495 1255 Super
523 1184 699 1256 ipsum
727 1187 934 1242 sonabit
947 1188 1229 1261 pharetra,
1251 1190 1405 1251 illico
1432 1192 1654 1250 additur
1678 1210 1689 1248 :

739 1325 968 1384 CAPUT
998 1328 1207 1387 XXXI.

239 1468 384 1525 Iam.
413 1497 486 1509 —
516 1468 533 1502 ¹
576 1467 815 1527 Vibrabit
836 1471 1011 1528 hasta.

243 1556 335 1613 64.
370 1557 433 1623 Α,
460 1558 619 1613 minis
652 1558 725 1614 ad
766 1566 956 1632 aperta
995 1561 1266 1633 supplicia
1302 1570 1682 1634 prorumpunt.
1713 1595 1785 1606 —

169 1645 382 1704 Contra
410 1646 823 1719 prazdtcatorem
845 1650 945 1705 Dei
973 1657 1094 1721 post
1116 1651 1383 1723 pharetrae
1425 1653 1668 1709 sonitum
1690 1654 1785 1710 ha-

168 1747 259 1795 sta
288 1738 559 1808 vibratur,
591 1739 811 1812 quando
834 1749 958 1813 post
988 1749 1224 1799 terrores
1238 1743 1519 1801 exhibitas
1538 1762 1568 1801 e
1597 1746 1784 1802 vicino

156 1827 280 1899 jam
312 1827 516 1885 feriens
556 1837 744 1901 aperta
784 1846 945 1903 poena
993 1832 1339 1904 producitur.
1388 1833 1779 1891 Praedicatores
1809 1854 1855 1916 Β

163 1925 356 1974 autem
400 1919 596 1987 sancti,
646 1936 772 1976 cum
822 1936 921 1992 pro
959 1921 1280 1978 defensione
1337 1922 1467 1978 ﬁdei
1510 1923 1783 1995 supplicia

164 2008 433 2078 subeunt,
463 2009 532 2065 ad
552 2011 801 2068 eamdem
831 2011 1019 2083 ﬁdem,
1066 2031 1203 2088 quos
1246 2015 1459 2083 valent,
1510 2031 1701 2087 rapere
1731 2023 1785 2072 et

164 2098 320 2154 inter
347 2098 577 2156 verbera
604 2116 718 2156 non
749 2101 1065 2169 desistunt;
1098 2111 1154 2159 et
1187 2119 1313 2161 cum
1348 2104 1622 2176 patienter
1650 2106 1787 2160 vul-

166 2204 306 2244 nera
333 2189 665 2262 suscipiunt,
699 2191 1001 2264 prudenter
1048 2200 1242 2250 contra
1277 2194 1446 2253 corda
1474 2192 1783 2251 inﬁdelium

166 2278 400 2351 sagittas
443 2280 852 2353 praedicationis
895 2282 1151 2340 reddunt.
1192 2282 1349 2341 Unde
1386 2300 1782 2359 nonnunquam

166 2368 355 2439 agitur
383 2377 445 2426 ut
484 2370 590 2442 ipsi
621 2371 717 2444 qui
764 2370 1233 2444 in‘persecutione
1265 2373 1505 2431 saeviunt
1530 2390 1643 2431 non
1672 2383 1783 2430 tam

165 2455 398 2514 doleant
424 2456 575 2531 quod
604 2474 700 2514 cor
726 2458 1106 2531 praedicatoris
1149 2476 1261 2517 non
1297 2460 1590 2516 emolliunt
1619 2476 1784 2533 quam

166 2544 327 2617 quod
346 2562 443 2618 per
462 2545 508 2618 ej
518 2563 581 2603 us
602 2547 771 2604 verba
790 2548 956 2603 etiam
981 2549 1121 2605 alios
1143 2549 1422 2629 amittant.
1451 2550 1593 2618 Quia
1615 2550 1785 2622 igitur

165 2650 304 2693 eum
335 2635 589 2692 feriendo
635 2653 748 2692 non
792 2646 1073 2709 superant,
1122 2654 1191 2693 ne
1220 2638 1450 2696 fortasse
1479 2648 1531 2697 et
1561 2638 1657 2695 alii
1688 2644 1784 2712 qui

165 2723 340 2780 illum
361 2724 601 2781 audiunt
622 2725 643 2761 ³
671 2741 728 2782 se
758 2725 1167 2798 derelinquant,
1187 2744 1321 2803 mox
1343 2736 1536 2785 contra
1561 2728 1783 2801 loquen-

166 2814 241 2871 tis
270 2813 450 2870 verba
474 2822 693 2871 scutum
723 2814 1100 2886 responsionis
1127 2825 1339 2887 parant.
1366 2816 1520 2874 Unde
1543 2834 1669 2874 cum
1702 2817 1782 2873 di-

164 2913 321 2963 ceret
354 2923 366 2961 :
401 2906 423 2941 ³
462 2905 705 2963 Vibrabit
730 2906 904 2975 hasta,
934 2915 1080 2964 recte
1109 2905 1397 2979 subjungit
1430 2926 1441 2964 :

242 3023 385 3080 Iam.
416 3053 488 3065 —
516 3024 594 3081 Et
620 3025 848 3096 clypeus.

243 3141 335 3200 65.
380 3142 631 3201 Rationes
680 3161 816 3215 quas
862 3149 1153 3217 opponant,
1200 3141 1359 3201 etiam
1410 3151 1675 3215 qmerunt.
1713 3173 1787 3187 —

1886 570 2070 631 adhuc
2096 572 2162 629 de
2191 590 2332 648 equo
2362 577 2461 632 Dei
2492 577 2756 636 subditur
2788 599 2801 637 :

2438 724 2667 784 CAPUT
2705 729 2944 787 XXXII.

1961 845 2133 903 Vens.
2165 848 2254 905 24.
2276 879 2344 891 -
2368 849 2595 906 Fmens
2620 858 2669 906 et
2694 851 2927 923 fremens
2955 854 3125 911 sorbet
3155 861 3374 924 terram,
3404 875 3496 914 nec

1889 940 2101 1004 reputat
2126 937 2259 993 tubae
2291 955 2481 995 sonare
2507 942 2824 1012 clangorem.

1963 1050 2051 1107 66.
2095 1052 2353 1124 Despectis
2396 1054 2619 1111 illorum
2662 1056 2956 1127 conatibus,
3005 1058 3133 1131 pius
3171 1060 3499 1132 pradicalor

1886 1148 2221 1213 peccatorum
2274 1147 2602 1202 conversioni
2656 1164 2858 1220 semper
2907 1148 3144 1207 insudat.
3196 1180 3268 1192 —
3312 1151 3498 1208 Primo

1893 1246 2128 1305 namque
2147 1234 2394 1306 peccanti
2434 1234 2652 1292 homini
2672 1236 2885 1294 dictum
2906 1246 3019 1295 est:
3062 1240 3231 1296 Terra
3261 1257 3335 1307 es,
3367 1247 3414 1296 et
3443 1240 3499 1294 in

1894 1326 2092 1378 terram
2120 1324 2221 1380 ibis
2252 1325 2468 1395 (Genes.
2505 1344 2588 1395 III,
2624 1328 2732 1400 19).
2782 1327 2949 1384 Tubae
2996 1336 3178 1386 autem
3209 1331 3497 1403 clangunt,

1893 1427 2017 1468 cum
2042 1411 2210 1487 hujus
2228 1416 2416 1472 seculi
2442 1424 2737 1489 potestates
2758 1419 2912 1492 loqui
2934 1428 3153 1476 sanctos
3172 1419 3500 1476 terribiliter

1893 1503 2209 1574 prohibent.
2233 1505 2375 1573 Quia
2394 1506 2565 1578 igitur
2581 1507 2907 1580 praedicator
2924 1509 3041 1565 zelo
3061 1510 3237 1565 sancti
3259 1508 3499 1579 Spiritus

1893 1589 2290 1664 inﬂammatus,
2340 1596 2425 1650 vel
2458 1596 2603 1653 inter
2632 1598 2902 1671 supplicia
2940 1599 3172 1671 positus,
3222 1597 3497 1672 quoslibet

1892 1688 2204 1751 peccatores
2232 1683 2301 1740 ad
2328 1702 2383 1741 se
2409 1686 2625 1743 trahere
2655 1703 2766 1743 non
2797 1688 3032 1757 desistit,
3054 1689 3275 1745 fervens
3306 1693 3498 1751 1027

1893 1782 2085 1852 procul
2118 1782 2288 1839 dubio
2315 1792 2517 1843 terram
2544 1788 2751 1856 sorbet,
2773 1790 2904 1862 quia
2923 1805 3055 1846 vero
3084 1795 3496 1860 persecutorum

1897 1869 2073 1925 minas
2100 1871 2331 1929 minime
2361 1873 2645 1945 formidat,
2671 1877 2983 1947 clangorem
3000 1876 3146 1933 tubas
3171 1892 3367 1932 sonare
3388 1893 3498 1933 non

1894 1968 2131 2031 reputat.
2167 1960 2322 2017 Tuba
2348 1964 2520 2033 enim,
2554 1982 2674 2039 quae
2697 1964 2996 2022 discrimen
3024 1965 3159 2022 belli
3184 1964 3498 2035 denuntiat,

1894 2048 2029 2129 quid
2051 2058 2132 2106 est
2151 2050 2304 2108 aliud
2326 2069 2487 2125 quam
2514 2071 2613 2111 vos
2632 2056 2980 2112 saecularium
2999 2063 3355 2129 potestatum,
3377 2072 3499 2129 quae

1894 2146 2213 2212 contempta
2244 2142 2632 2201 resistentibus
2660 2146 2856 2201 mortis
2868 2147 3168 2202 'certamen
3198 2146 3396 2218 parat?

1966 2231 2053 2289 67.
2095 2234 2415 2307 Exemplum
2443 2236 2847 2308 Apostolorum,
2890 2237 3192 2309 praesertim
3224 2238 3281 2293 S.
3314 2235 3495 2293 Pauli.

1893 2351 1964 2362 —
1993 2322 2123 2379 Haec
2162 2340 2195 2379 a
2240 2325 2590 2398 principibus
2635 2326 2985 2383 sacerdotum
3034 2325 3172 2383 tuba
3220 2333 3497 2395 sonuerat,

1893 2427 2021 2467 cum
2048 2410 2352 2486 ﬂagellatos
2380 2416 2659 2487 apostolos
2686 2416 2752 2472 de
2779 2418 2893 2472 Deo
2925 2416 3077 2489 loqui
3107 2414 3496 2487 prohibebant,

1894 2499 2036 2557 sicut
2059 2503 2326 2576 scriptum
2345 2512 2452 2561 est:
2485 2505 2646 2561 Corsis
2666 2504 3131 2573 dmuntiaverunt,
3148 2521 3212 2558 ne
3229 2504 3498 2574 loqueren-

1896 2596 1987 2647 tur
2014 2594 2072 2648 εἰη
2098 2595 2307 2650 nomine
2334 2596 2457 2650 Jesu
2485 2594 2633 2661 (Act.
2664 2612 2721 2663 v,
2752 2594 2869 2667 40).
2916 2594 3022 2651 Sed
3049 2594 3337 2650 videamus
3367 2608 3497 2665 quo-

1894 2680 2059 2738 modo
2088 2698 2291 2755 equum
2320 2684 2421 2740 Dei
2450 2684 2676 2756 clangor
2707 2682 2854 2740 tubae
2885 2699 2998 2740 non
3026 2692 3246 2741 terreat.
3280 2684 3379 2739 Ait
3405 2684 3501 2738 Pe-

1892 2777 2010 2825 trus
2042 2788 2053 2826 :
2110 2772 2331 2828 Obedire
2374 2779 2577 2844 oportet
2622 2773 2731 2829 Deo
2778 2774 2948 2845 magis
2992 2791 3151 2846 quam
3202 2772 3501 2829 hominibus

1890 2860 2089 2931 (Ibid,
2119 2861 2235 2933 29).
2282 2862 2389 2929 Qui
2415 2863 2542 2919 aliis
2583 2880 2803 2936 quoque
2830 2864 3290 2938 persequentibus
3315 2862 3454 2920 dicit
3482 2880 3494 2918 :

1893 2951 2013 3007 Non
2038 2951 2175 3005 enim
2215 2968 2499 3024 possumus
2538 2970 2655 3023 qua:
2690 2953 2919 3008 vidimus
2957 2961 3005 3008 et
3031 2955 3356 3019 audivimus,
3392 2969 3501 3007 non

1896 3039 2041 3109 loqui
2059 3039 2200 3112 (Act.
2225 3057 2303 3109 1v,
2328 3040 2445 3113 20).
2473 3042 2703 3113 ﬁEquus
2736 3058 2865 3113 ergo
2890 3042 2992 3097 Dei
3020 3041 3331 3113 clangorem
3351 3040 3499 3096 tubae

1894 3146 2007 3185 non
2038 3130 2258 3199 metuit,
2306 3131 2401 3204 qui
2431 3130 2761 3203 praedicator
2802 3131 3054 3203 egregius
3091 3131 3362 3204 despectis
3392 3147 3503 3203 po-

164 3234 500 3294 Persecutor
529 3235 677 3292 enim
699 3235 935 3292 saeviens
964 3244 1252 3309 postquam
1274 3234 1651 3308 praedicatoris
1671 3252 1790 3291 οοιι.
1817 3217 1860 3279 C
1894 3218 2186 3276 testatibus
2213 3220 2423 3289 saeculi,
2466 3221 2652 3277 nullos
2677 3220 2955 3277 minarum
2985 3221 3202 3278 sonitus
3230 3221 3501 3293 pertime-

166 3344 279 3401 pus
302 3323 575 3398 supplicio
607 3325 865 3398 percutit,
889 3328 910 3362 ι
940 3325 1257 3382 auditorum
1287 3342 1382 3382 cor
1406 3324 1563 3398 quasi
1592 3325 1786 3396 clypeo

166 3411 366 3471 verbis
406 3431 518 3471 suae
548 3414 942 3487 disputationis
987 3414 1190 3472 munit.
1236 3414 1339 3471 Vir
1372 3414 1542 3487 igitur
1568 3424 1788 3472 sanctus

166 3513 241 3563 ut
270 3502 427 3561 feriri
458 3503 676 3572 debeat,
707 3503 865 3561 hasta
892 3503 1180 3571 vibratur;
1218 3503 1314 3560 sed
1342 3520 1413 3559 ne
1456 3503 1638 3560 audiri
1668 3521 1785 3576 pos-

169 3595 270 3664 sit,
318 3594 547 3667 clypeus
594 3593 914 3666 opponitur.
964 3591 1182 3650 Habent
1209 3608 1447 3665 namque
1475 3591 1788 3649 defensores

170 3684 279 3742 Dei
310 3683 369 3740 in
396 3683 588 3757 praelia
618 3683 845 3755 sagittas
872 3700 1000 3740 suas
1024 3699 1159 3756 quas
1188 3699 1251 3739 eo
1281 3681 1446 3739 citius
1471 3682 1530 3737 in
1556 3680 1789 3738 audito-

174 3790 305 3831 rum
336 3773 508 3831 corda
554 3773 840 3846 injiciunt,
894 3790 1004 3847 quo
1035 3773 1158 3829 illas
1187 3773 1254 3829 de
1283 3770 1520 3844 spiritali
1549 3788 1698 3840 arcu,
1730 3768 1789 3826 id

172 3867 261 3918 est
282 3860 352 3917 de
381 3860 584 3917 intima
602 3860 786 3918 cordis
807 3860 1058 3917 tensione
1077 3859 1437 3932 distringunt.
1461 3857 1561 3914 His
1587 3857 1791 3930 quippe

174 3966 234 4008 se
272 3952 331 4007 in
360 3950 508 4007 bello
552 3949 684 4007 ﬁdei
730 3949 935 4005 Paulus
977 3957 1305 4017 armaverat,
1355 3964 1481 4005 cum
1524 3946 1785 4005 dicebat:

172 4039 390 4098 Laboro
409 4057 574 4113 usque
601 4040 673 4096 ad
699 4040 913 4097 vincula
932 4039 1090 4111 quasi
1116 4041 1257 4096 male
1284 4054 1533 4112 aperans,
1562 4037 1651 4093 sed
1676 4053 1791 4092 ver-

175 4130 304 4186 bum
330 4130 430 4187 Dei
459 4146 564 4186 non
590 4136 665 4186 est
693 4129 976 4201 alligatum
1008 4128 1098 4202 (II
1132 4130 1266 4186 Tim.
1300 4145 1364 4197 11,
1394 4128 1476 4200 9).
1508 4127 1588 4184 Ac
1617 4127 1663 4182 si
1694 4126 1792 4182 di-

175 4229 363 4278 ceret:
399 4220 569 4278 Hasta
595 4218 819 4294 quidem
842 4218 1242 4292 suppliciorum
1266 4217 1457 4286 ferior,
1481 4217 1575 4273 sed
1604 4224 1790 4274 tamen

177 4308 481 4368 verborum
538 4311 764 4383 sagittas
808 4309 1061 4367 emittere
1106 4324 1220 4366 non
1275 4307 1502 4366 desisto.
1543 4308 1792 4366 Vulnera

174 4401 532 4461 crudelitatis
551 4400 785 4474 accipio,
803 4402 900 4458 sed
920 4416 1015 4458 cor
1030 4399 1341 4457 inﬁdelium
1365 4416 1495 4455 vera
1514 4399 1790 4473 loquendo

173 4490 464 4563 transﬁgo.
495 4490 723 4548 Dicatur
751 4506 879 4563 ergo
907 4509 918 4546 :
955 4492 1126 4562 Super
1152 4490 1326 4562 ipsum
1354 4489 1562 4545 sonabit
1583 4490 1791 4561 phare-

1898 3309 2022 3368 scit.

1967 3398 2056 3456 68.
2098 3397 2400 3457 Videamus
2429 3397 2601 3456 alium
2636 3415 2839 3473 equum
2862 3399 2963 3456 Dei
2992 3399 3271 3473 quomodo
3298 3408 3498 3457 terram

1895 3488 2135 3559 sorbeat,
2184 3489 2463 3563 quomodo
2492 3489 2683 3546 nullus
2711 3505 2837 3546 eum
2865 3490 3013 3546 tubae
3042 3499 3219 3546 terror
3244 3490 3495 3563 attingat.

1896 3579 2173 3652 Scriptum
2199 3586 2282 3635 est
2308 3580 2457 3650 (Act.
2488 3596 2608 3649 XIV,
2644 3579 2731 3648 18,
2765 3579 2854 3645 19,
2885 3579 2975 3649 20,
3002 3579 3095 3652 21)
3124 3598 3135 3635 :
3169 3582 3503 3651 Supervene-

1895 3675 2026 3724 runt
2052 3668 2277 3740 quidam
2297 3668 2363 3723 ab
2391 3667 2675 3724 Antiochia
2708 3674 2757 3723 et
2784 3667 2962 3724 Iconio
2990 3668 3184 3734 Judtei,
3211 3676 3258 3723 et
3280 3686 3503 3740 persua-

1896 3758 1971 3815 sis
1989 3758 2178 3825 turbis,
2197 3758 2726 3830 lapidantesPaulum
2744 3764 3027 3815 traxerunt
3045 3765 3200 3815 extra
3217 3760 3500 3825 civitatem,

1898 3849 2212 3905 wstimantes
2240 3867 2358 3905 eum
2384 3856 2653 3905 mortuum
2680 3865 2803 3904 esse.
2839 3847 3301 3905 Circumdantibus
3326 3854 3502 3904 autem

1898 3958 2015 3996 eum
2053 3940 2348 4012 discipulis,
2380 3958 2601 4012 surgens
2638 3940 2863 3995 intravit
2897 3939 3179 4006 civitatem,
3209 3945 3257 3995 et
3288 3945 3501 4011 postero

1899 4031 1983 4086 die
2018 4028 2288 4103 profectus
2329 4035 2405 4085 est
2440 4046 2555 4084 cum
2597 4029 2855 4086 Barnaba
2896 4027 2954 4082 in
2998 4027 3223 4084 Derben.
3270 4028 3503 4099 Cumque

1899 4120 2342 4192 evangelizassent
2370 4119 2575 4176 civitati
2601 4118 2711 4187 illi,
2739 4124 2787 4174 et
2821 4117 3119 4173 docuissent
3156 4118 3372 4184 multos,
3405 4134 3503 4175 re-

1897 4214 2037 4269 versi
2060 4219 2185 4269 sunt
2228 4213 2479 4284 Lystrum
2507 4217 2556 4267 et
2582 4211 2822 4269 Iconium
2851 4217 2898 4266 et
2924 4209 3285 4280 Antiochiam,
3314 4211 3502 4283 conﬁr-

1899 4310 2099 4360 mantes
2122 4304 2333 4362 animas
2362 4305 2769 4379 discipulorum.
2799 4302 3208 4376 Perpendamus
3228 4319 3356 4376 ergo
3382 4319 3501 4376 quae

1899 4394 2051 4452 hunc
2079 4403 2299 4468 possent
2318 4412 2521 4469 equum
2544 4396 2711 4452 minae
2740 4410 3111 4466 compescere,
3134 4393 3357 4466 quando
3377 4409 3502 4449 eum

1899 4485 1967 4541 ab
1998 4484 2306 4542 intentione
2347 4503 2446 4543 sua
2482 4502 2594 4542 non
2641 4485 2790 4540 valet
2832 4500 2984 4539 mors
3032 4483 3150 4555 ipsa
3189 4481 3500 4555 prohibere.

178 4585 292 4650 tra,
322 4579 555 4636 vibrabit
583 4581 736 4636 hasta
766 4586 815 4635 et
844 4582 1073 4652 clypeus.
1126 4579 1328 4637 Contra
1359 4594 1563 4653 equum
1593 4579 1796 4652 quippe
1823 4584 1872 4644 D
1903 4575 2045 4632 Ecce
2073 4575 2349 4647 lapidibus
2374 4574 2651 4645 obruitur,
2697 4590 2797 4631 nec
2825 4581 3011 4629 tamen
3041 4589 3073 4629 a
3102 4572 3352 4629 veritatis
3381 4588 3506 4628 ser-

175 4669 305 4739 Dei,
351 4669 479 4743 quia
506 4684 806 4743 pravorum
854 4668 1089 4726 consilia
1119 4674 1488 4741 perstrepunt,
1540 4667 1795 4741 pharetra

178 4768 364 4830 sonat,
394 4761 524 4834 quia
553 4765 741 4833 aperta
765 4770 928 4831 poena
956 4757 1292 4831 exquiritur,
1329 4758 1482 4815 hasta
1512 4759 1790 4827 vibratur;

179 4851 316 4925 quia
344 4868 478 4907 vero
509 4850 558 4907 ei
589 4850 754 4907 etiam
804 4848 1180 4921 disputatione
1224 4846 1519 4915 resistitur,
1568 4848 1796 4920 clypeus

178 4939 517 4997 antefertur.
543 4938 649 4996 Sed
675 4936 932 5011 nunquid
952 4953 983 4992 a
1012 4937 1230 4992 fervore
1260 4952 1361 4992 suo
1392 4952 1488 5008 per
1516 4935 1621 4991 ista
1649 4951 1795 4990 com-

179 5029 470 5104 pescitur?
499 5028 604 5087 Vir
622 5029 772 5085 enim
793 5035 1016 5085 sanctus
1042 5043 1153 5100 quo
1182 5025 1388 5099 majore
1416 5024 1796 5097 persecutione

178 5120 481 5193 premitur,
504 5133 569 5175 eo
585 5118 656 5174 ad
679 5117 1088 5189 praedicandam
1119 5113 1406 5171 veritatem
1430 5114 1611 5170 acrius
1640 5113 1795 5169 insti-

181 5215 372 5282 gatur;
404 5215 460 5267 et
488 5224 615 5266 cum
645 5206 917 5281 patienter
945 5212 1321 5280 persecutores
1352 5204 1569 5272 tolerat,
1600 5202 1793 5260 arden-

260 5496 279 5530 ¹
312 5492 438 5553 Val.
468 5492 577 5560 Cl.,
617 5485 926 5552 Vibrabitur
955 5487 1127 5546 hasta.
1158 5486 1232 5545 Et
1259 5485 1341 5543 sic
1372 5482 1623 5560 inferius.
1653 5483 1792 5541 Con-

180 5566 441 5623 ﬁrmatur
482 5557 603 5622 haec
642 5563 806 5620 lectio
851 5577 923 5618 ex
952 5560 1309 5689 SBtEIGDIiDHS
1340 5576 1351 5614 :
1384 5564 1506 5630 post
1526 5557 1796 5628 pharetrae

180 5639 418 5689 sonitum
435 5638 588 5689 hasta
616 5636 878 5689 vibratur.
910 5634 1024 5689 Lau
1072 5675 1109 5689 ..
1148 5631 1384 5689 Vibrabit
1405 5632 1631 5685 hastam.

180 5639 418 5696 sonitum
435 5638 588 5693 hasta
616 5636 878 5691 vibratur.
910 5631 1109 5701 Laud,
1148 5631 1384 5691 Vibrabit
1405 5632 1631 5685 hastam.

258 5714 282 5748 α
313 5709 578 5758 Vindan.--
608 5707 807 5758 Pratel.
841 5712 896 5758 et
924 5706 1066 5758 nlur.
1098 5705 1311 5758 Norm..
1345 5702 1656 5758 delinquant

258 5714 282 5748 ²
313 5709 578 5775 Vindoc.,
608 5707 807 5763 Pratel.
841 5712 896 5761 et
924 5706 1066 5776 plur.
1098 5705 1311 5760 Norm..
1345 5705 1675 5772 delinquant.

260 5785 282 5857 ἒ
316 5781 516 5857 haud,
556 5777 1094 5857 Vibrabithastam...
1127 5780 1175 5830 et
1206 5776 1461 5857 clypeum.
1564 5843 1594 5857 η

262 5856 285 5891 ⁸
316 5843 596 5921 Laudun.,
642 5850 968 5908 Auditorum
995 5864 1086 5905 cor
1113 5843 1272 5919 quasi
1289 5843 1487 5918 ’διείρεο
1519 5843 1790 5911 vibratur,

1903 4684 2065 4725 mone
2085 4677 2417 4725 removetur.
2460 4665 2649 4724 Occidi
2670 4673 2870 4738 potest,
2900 4664 3144 4737 superari
3164 4680 3277 4720 non
3297 4668 3501 4736 potest;

1903 4759 2058 4815 velut
2086 4758 2394 4814 exstinctus
2437 4762 2594 4812 extra
2635 4752 2830 4810 urbem
2877 4751 3189 4827 projicitur,
3239 4750 3333 4807 sed
3359 4752 3506 4808 intra

1904 4848 2097 4904 urbem
2116 4846 2209 4903 die
2229 4847 2339 4903 alio
2360 4846 2565 4902 illaesus
2587 4843 2915 4917 praedicator
2939 4840 3242 4898 invenitur.
3273 4839 3317 4896 Ο
3339 4855 3503 4912 quam

1905 4936 2065 4993 fortis
2086 4936 2217 4992 huic
2237 4937 2359 4991 viro
2390 4936 2530 4991 inest
2558 4932 2883 4988 inﬁrmitas!
2919 4947 2953 4987 o
2980 4946 3143 5003 quam
3163 4928 3368 4984 victrix
3393 4943 3501 4999 poe-

1905 5027 2007 5082 na!
2054 5043 2087 5081 o
2120 5041 2283 5098 quam
2327 5023 2668 5080 dominatrix
2710 5021 3005 5095 patientia!
3058 5020 3077 5053 ⁷
3110 5017 3195 5073 Ad
3230 5016 3503 5089 agendum

1906 5114 2217 5188 repulsione
2238 5120 2590 5187 provocatur,
2614 5111 2685 5167 ad
2710 5106 3117 5182 praedicandam
3138 5105 3370 5161 salutem
3389 5105 3503 5178 pla-

1908 5205 1989 5279 gis
2031 5203 2281 5276 erigitur,
2317 5203 2385 5260 ad
2422 5200 2831 5277 propellendam
2880 5196 3086 5253 laboris
3116 5193 3500 5251 lassitudinem

1902 5480 1992 5535 sed
2017 5496 2079 5534 ne
2105 5477 2291 5534 audiri
2309 5477 2498 5549 possit,
2528 5478 2737 5549 clypeus
2759 5474 3068 5546 opponitur,
3101 5475 3381 5534 mendose.

1975 5553 1996 5587 ⁸
2027 5548 2199 5606 Laud.
2231 5556 2285 5604 et
2310 5547 2436 5606 Val.
2471 5548 2577 5617 CL,
2607 5547 2900 5619 adjutores.

1976 5624 1998 5658 ⁸
2033 5624 2113 5679 Ita
2141 5620 2387 5693 plerique
2416 5620 2545 5677 Mss.

1975 5696 1994 5729 ⁷
2028 5690 2160 5751 νθιῖ
2184 5690 2338 5749 Edit.
2372 5708 2437 5749 ac
2461 5691 2812 5760 recentiores,
2841 5691 2915 5747 ad
2943 5691 3291 5762 argue-udum.
3324 5690 3505 5747 Placet

1902 5766 2095 5839 magis,
2125 5765 2199 5821 ad
2224 5765 2503 5839 agendum,
2532 5771 2597 5820 ut
2611 5762 2832 5839 habent
2871 5765 3001 5839 Mss.
3032 5764 3256 5839 E_b_roic.
3299 5762 3503 5834 aliique

1902 5835 2190 5908 Norman.,
2227 5835 2339 5896 duo
2365 5836 2574 5907 Germ.,
2611 5835 2874 5908 Vindoc.,
2903 5836 3026 5895 Val.
3060 5835 3169 5904 CL,
3198 5840 3303 5891 etc.
