3936 6426
425 374 524 432 611

1633 366 1882 424 SANCTI
1919 366 2210 424 GREGOB
2223 367 2273 423 ΙΙ
2309 366 2536 424 MAGNI

3651 363 3768 421 612

425 514 588 572 poena
615 495 914 553 refovetur.
956 491 1087 561 Qua
1119 509 1247 566 ergo
1276 491 1428 550 hunc
1455 491 1760 550 adversitas
1787 500 2036 562 superet,
2068 495 2119 554 Α
2147 491 2530 564 subsequentis
2546 489 2809 560 muneris,
2833 488 3008 563 tangit
3025 497 3210 547 tamen
3240 505 3353 546 non
3382 489 3502 546 sine
3525 506 3778 547 mcerore

427 602 593 660 quem
614 599 775 656 poena
795 581 992 638 fovet?
1022 581 1127 638 Sed
1147 599 1320 656 equus
1341 583 1445 639 iste
1465 583 1562 640 Dei
1588 589 1642 638 et
1671 581 1937 654 pharetra
1958 597 2036 638 sa-

427 673 592 746 gittas
611 671 866 744 despicit,
900 673 914 706 ¹
945 672 1075 744 quia
1096 670 1322 728 malitia
1341 671 1574 728 consilia
1593 670 1930 737 contemnit;
1959 669 2042 724 vi-

426 763 640 820 bratam
671 761 885 818 hastam
930 769 1174 834 superat,
1209 761 1340 834 quia
1368 768 1423 817 et
1453 768 1646 818 contra
1681 769 1878 833 aperta
1909 776 2043 832 per-

427 851 734 909 secutionis
754 851 986 907 vulnera
1006 859 1196 923 pectus
1215 850 1432 918 ﬁrmat;
1457 850 1770 922 oppositum
1784 851 2041 923 clypeum

429 938 798 1013 rumpit,quia
809 937 1240 1011 disputationem
1260 938 1640 995 resistentium
1661 937 2044 996 ratiocinando

430 1028 676 1100 subigit;
729 1035 932 1082 terram
979 1028 1185 1096 sorbet,
1241 1027 1372 1100 quia
1418 1035 1730 1100 peccatores
1775 1028 1834 1086 in
1881 1043 2043 1085 suum

430 1135 631 1192 corpus
675 1116 1024 1174 exhortando
1067 1117 1385 1185 convertit;
1439 1117 1750 1191 clangorem
1795 1118 2043 1175 buccina

431 1223 628 1266 sonare
658 1223 770 1264 non
801 1214 1040 1280 reputat,
1072 1207 1203 1279 quia
1225 1223 1420 1264 vocem
1441 1209 1750 1282 quamlibet
1776 1206 2044 1264 terribilis

431 1296 830 1372 prohibitionis
858 1297 1054 1354 calcat.
1086 1295 1272 1352 Minus
1301 1305 1384 1353 est
1421 1306 1606 1352 autem
1637 1295 1787 1369 quod
1815 1296 2043 1366 dicitur,

431 1389 564 1463 quia
592 1387 752 1444 fortis
776 1394 1092 1459 perseverat
1123 1386 1178 1442 in
1207 1386 1516 1455 laboribus,
1539 1386 1740 1454 adhuc,
1765 1386 1912 1460 quod
1935 1403 2044 1444 ma-

429 1476 522 1552 jus
550 1485 652 1549 est,
683 1476 924 1534 exsultat
955 1475 1013 1531 in
1043 1474 1310 1532 adversis.
1343 1475 1498 1533 Unde
1521 1475 1772 1547 sequitur
1803 1493 1814 1531 :

780 1566 1008 1625 CAPUT
1047 1566 1289 1623 XXXIII
1329 1564 1472 1643 [Rec.
1505 1565 1682 1640 XVI].

507 1658 679 1719 Vnus.
709 1657 801 1715 25.
823 1689 893 1700 —-
918 1657 1018 1715 Ubi
1043 1656 1279 1712 audierit
1303 1656 1591 1724 buccinam,
1621 1654 1748 1710 dicit
1784 1653 1908 1712 Vah.

507 1749 597 1806 69.
641 1747 841 1814 Sancti,
871 1747 1173 1802 imminente
1201 1746 1502 1812 certamine,
1556 1743 1670 1800 licet
1696 1743 1884 1798 mortis
1912 1745 2050 1796 metu

2148 581 2396 637 animum
2440 581 2630 654 pulsus
2661 579 2887 636 doloris.
2921 579 3077 636 Sicut
3105 579 3254 635 enim
3287 579 3378 636 vir
3413 577 3601 649 fortis,
3635 595 3774 636 cum

2147 671 2336 728 vicino
2357 671 2474 744 jam
2504 670 2635 728 belli
2666 670 2969 727 certamine
2996 669 3165 726 armis
3193 669 3528 741 accingitur,
3558 675 3617 724 et
3653 669 3777 740 pal-

2150 761 2289 835 pitat
2318 769 2372 818 et
2401 762 2644 828 festinat,
2694 760 2885 816 tremit
2921 768 2976 816 et
3021 759 3203 826 savit,
3247 759 3404 832 quasi
3434 775 3643 831 pavere
3676 775 3780 830 per

2149 853 2415 924 pallorem
2438 850 2703 918 cernitur,
2721 848 2816 906 sed
2845 865 2940 920 per
2959 847 3096 905 iram
3120 847 3478 905 vehementer
3498 855 3773 920 urgetur;

2151 941 2229 996 ita
2253 941 2341 996 vir
2364 948 2608 1008 sanctus,
2634 955 2761 996 cum
2793 938 3033 1012 passioni
3063 954 3122 994 se
3151 938 3522 1012 propinquare
3545 935 3779 1008 conspi-

2152 1031 2249 1100 cit,
2270 1039 2327 1088 et
2352 1038 2562 1087 natura
2582 1047 2694 1088 sua
2717 1030 3040 1087 inﬁrmitate
3060 1031 3401 1100 concutitur,
3430 1039 3485 1086 et
3511 1029 3633 1102 spei
3658 1044 3777 1086 sua

2151 1119 2434 1176 soliditate
2465 1120 2786 1188 roboratur;
2819 1126 2874 1176 et
2903 1119 2971 1176 de
3001 1119 3186 1176 vicina
3211 1127 3388 1176 morte
3415 1118 3688 1191 trepidat,
3723 1127 3778 1174 et

2151 1216 2338 1266 tamen
2370 1209 2518 1283 quod
2540 1208 2828 1266 moriendo
2857 1209 3044 1264 verius
3065 1210 3242 1277 vivat,
3273 1207 3536 1264 exsultat.
3566 1205 3660 1263 Ad
3689 1221 3777 1262 re-

2154 1315 2324 1372 gnum
2346 1299 2548 1372 quippe
2569 1314 2680 1354 non
2702 1305 2880 1370 potest
2905 1298 3013 1354 nisi
3035 1297 3362 1370 interposita
3384 1303 3564 1353 morte
3585 1305 3777 1352 trans-

2156 1389 2266 1456 ire;
2321 1395 2376 1444 et
2404 1387 2614 1444 idcirco
2647 1387 2979 1444 conﬁdendo
3019 1386 3175 1460 quasi
3222 1385 3475 1458 ambigit,
3525 1391 3580 1440 et
3607 1385 3774 1456 quasi

2155 1477 2484 1550 ambigendo
2510 1475 2778 1544 conﬁdit;
2811 1483 2866 1532 et
2905 1476 3146 1549 gaudens
3183 1473 3404 1540 metuit,
3430 1481 3486 1530 et
3514 1480 3778 1529 metuens

2156 1568 2376 1642 gaudet,
2411 1567 2541 1640 quia
2571 1567 2678 1624 scit
2706 1566 2854 1640 quod
2881 1567 2950 1624 ad
2975 1566 3231 1623 bravium
3261 1565 3462 1640 quietis
3490 1580 3606 1622 non
3635 1580 3778 1637 per-

2158 1659 2367 1726 veniat,
2397 1657 2508 1714 nisi
2532 1656 2638 1714 hoc
2659 1655 2808 1729 quod
2829 1655 3116 1729 interjacet
3135 1671 3262 1714 cum
3279 1653 3468 1711 labore
3486 1663 3774 1711 transcen-

2157 1750 2272 1807 dat.
2319 1749 2412 1806 Sic
2441 1765 2563 1818 nos,
2593 1764 2720 1806 cum
2747 1747 2971 1804 morbos
2995 1765 3027 1804 a
3059 1762 3286 1819 corpore
3315 1746 3581 1818 repellere
3608 1744 3777 1818 cupi-

437 1837 832 1904 concutiuntur,
879 1835 941 1890 de
982 1834 1170 1904 futuro
1221 1841 1392 1890 tamen
1434 1833 1658 1906 praemio
1702 1831 1956 1919 gaudent.
1978 1859 2050 1870 —
2074 1857 2122 1919 Β
2160 1855 2303 1907 mus,
2338 1838 2526 1894 tristes
2567 1835 2790 1910 quidem
2830 1852 3076 1894 amarum
3120 1833 3464 1909 purgationis
3503 1832 3776 1906 poculum

443 1926 658 1995 Quibus
683 1925 931 1998 profecto
959 1923 1145 1980 verbis
1173 1932 1228 1980 et
1255 1923 1396 1979 illud
1422 1921 1753 1990 ostenditur,
1779 1919 1926 1994 quod
1944 1918 2051 1974 hoc

445 2016 569 2073 loco
597 2031 630 2071 a
653 2014 897 2072 Domino
925 2013 992 2070 de
1021 2028 1164 2086 equo
1195 2011 1566 2069 irrationabili
1591 2010 1671 2066 nil
1693 2009 1927 2066 dicatur.
1951 2009 2050 2064 Ne-

445 2121 552 2180 que
573 2105 720 2162 enim
750 2103 858 2160 vah
880 2103 1066 2187 dicere
1083 2103 1310 2159 brutum
1331 2101 1535 2158 animal
1567 2106 1772 2173 potest;
1805 2097 1898 2154 sed
1919 2097 2050 2153 dum

444 2195 710 2252 asseritur
738 2193 922 2250 dicere
952 2186 1100 2266 quod
1129 2192 1360 2248 omnino
1401 2191 1586 2248 dicere
1615 2206 1728 2246 non
1758 2189 1923 2256 valet,
1953 2186 2053 2242 in-

445 2284 639 2342 nuitur
667 2299 831 2356 quem
862 2282 1133 2356 designet.
1162 2281 1286 2340 Vah
1317 2281 1520 2354 quippe
1551 2296 1732 2338 sermo
1759 2276 2051 2335 exultatio-

446 2374 535 2429 nis
558 2381 657 2430 est.
689 2375 880 2446 Equus
909 2389 1056 2445 ergo,
1088 2371 1280 2428 audita
1305 2371 1563 2438 buccina,
1595 2369 1703 2426 vah
1735 2368 1891 2436 dicit,
1923 2367 2053 2440 quia

445 2461 609 2520 fortis
640 2463 872 2536 quisque
919 2461 1246 2534 pradicator
1286 2479 1412 2520 cum
1459 2467 1734 2518 certamen
1784 2457 2052 2531 passionis

445 2551 555 2610 sibi
603 2553 974 2624 propinquare
1006 2553 1028 2586 ³
1056 2551 1388 2619 considerat,
1434 2549 1502 2606 de
1533 2548 1799 2606 exercitio
1829 2545 2052 2602 virtutis

445 2643 715 2710 exsultat;
737 2657 844 2698 nec
863 2649 1102 2698 terretur
1121 2657 1318 2713 pugna
1347 2639 1611 2712 periculo,
1647 2639 1776 2710 quia
1803 2635 2052 2692 victoria

448 2733 666 2787 latatur
705 2731 1012 2802 triumpho.
1062 2733 1254 2792 1028
1281 2730 1441 2801 Equo
1470 2728 1654 2800 itaque
1695 2735 1778 2784 est
1819 2724 1926 2781 vah
1957 2724 2054 2781 di-

447 2843 591 2898 cere,
623 2830 644 2865 ³
675 2828 1094 2902 praedicatorem
1139 2835 1391 2883 sanctum
1428 2825 1496 2880 de
1530 2833 1765 2880 ventura
1803 2821 2054 2894 passione

448 2917 704 2990 gaudere.
745 2916 884 2991 [Vet.
909 2915 1138 2990 XXI/1.]
1170 2915 1275 2972 Sed
1308 2915 1352 2970 si
1385 2913 1713 2986 pradicator
1753 2911 1913 2967 fortis
1943 2910 2054 2981 glo-

447 3009 584 3065 riam
640 3008 911 3081 passionis
953 3007 1182 3080 appetit,
1228 3007 1274 3062 si
1304 3005 1602 3062 discrimen
1644 3002 1841 3059 mortis
1871 2999 2054 3056 subire

447 3115 546 3172 pro
573 3099 815 3156 Domino
843 3099 1002 3155 latus
1035 3096 1252 3170 quaerit,
1285 3096 1420 3170 quid
1448 3103 1531 3152 est
1561 3094 1708 3168 quod
1739 3093 1842 3166 ipsi
1872 3089 2053 3147 fortis-

447 3189 590 3245 simo
627 3187 996 3262 pradicatori,
1043 3187 1139 3260 qui
1178 3202 1249 3242 ex
1296 3185 1526 3242 robusto
1583 3183 1745 3242 corde
1788 3182 2052 3237 virtutem
2085 3221 2129 3284 Ο

449 3281 471 3315 ⁸
495 3280 670 3336 traxit
696 3280 755 3335 in
781 3278 1030 3346 nomine,
1059 3278 1222 3334 Petro
1248 3277 1468 3333 Veritas
1487 3276 1632 3330 dixit
1659 3292 1670 3330 :
1717 3274 1852 3331 Cum
1876 3287 2052 3327 senue-

450 3369 550 3437 ris,
573 3370 816 3425 extendes
832 3386 1026 3426 mnus
1045 3375 1182 3437 tuas,
1213 3374 1261 3424 et
1279 3369 1421 3424 alius
1443 3374 1488 3422 te
1505 3367 1690 3438 cinget,
1711 3373 1758 3420 et
1777 3367 1928 3421 ducet
1952 3380 2055 3434 quo

449 3473 558 3512 non
584 3457 664 3511 vis
703 3458 883 3529 (Joan.
914 3474 1038 3526 xxr,
1074 3457 1186 3528 18).
1219 3455 1508 3522 Quomodo
1538 3455 1605 3510 de
1637 3455 1886 3526 passione
1915 3470 2058 3525 gau-

452 3548 564 3616 det,
597 3547 714 3620 qui,
746 3547 962 3604 cinctus
985 3547 1053 3603 ab
1074 3547 1204 3616 alio,
1234 3547 1314 3602 ire
1344 3564 1454 3620 quo
1481 3546 1704 3604 ducitur
1733 3561 1843 3600 non
1868 3544 2056 3601 volet?

453 3634 560 3691 Sed
589 3635 635 3690 si
679 3651 971 3708 pensamus
1023 3636 1260 3709 qualiter
1313 3635 1532 3692 animus
1586 3635 2056 3708 appropinquante

453 3725 706 3798 passione
733 3735 788 3782 et
817 3725 1014 3782 mortis
1047 3732 1200 3782 metu
1229 3725 1494 3799 quatitur,
1526 3733 1580 3781 et
1608 3733 1790 3781 tamen
1819 3723 1888 3780 de
1915 3739 2060 3779 ven-

461 3826 584 3875 turo
622 3815 778 3888 regni
813 3816 1042 3889 pramio
1091 3816 1331 3884 latatur,
1385 3815 1749 3888 intelligimus
1783 3811 2060 3887 quomodo

456 3906 684 3979 gloriosi
725 3905 1045 3964 certaminis
1087 3905 1273 3964 subire
1319 3906 1628 3978 periculum
1676 3905 1868 3960 volens
1896 3903 2059 3972 nolit,

457 3999 588 4073 quia
615 4005 670 4056 et
695 3998 755 4055 in
779 4008 959 4056 morte
987 3999 1300 4057 considerat
1329 3999 1476 4073 quod
1497 3999 1736 4057 tolerans
1765 4002 1978 4070 paveat,
2007 4000 2064 4050 et

457 4089 515 4145 in
543 4089 730 4147 fructu
757 4091 954 4148 mortis
981 4091 1180 4164 aspicit
1207 4089 1357 4164 quod
1381 4098 1642 4164 appetens
1671 4094 1898 4163 quarat.

529 4184 616 4241 70.
658 4183 866 4240 Paulus
882 4190 1041 4239 amat
1067 4183 1210 4255 quod
1236 4182 1455 4255 refugit,
1485 4183 1666 4254 fugere
1687 4180 1898 4236 videtur
1924 4175 2065 4249 quod

457 4278 626 4329 amat.
645 4304 712 4315 —
735 4271 1038 4330 Videamus
1067 4271 1301 4328 Paulum
1330 4272 1608 4344 quomodo
1635 4276 1782 4326 amet
1808 4267 1956 4342 quod
1984 4283 2064 4324 re-

459 4363 625 4436 fugit,
659 4359 940 4434 quomodo
968 4361 1209 4433 refugiat
1235 4360 1384 4434 quod
1409 4368 1574 4418 amat.
1606 4359 1703 4416 Ait
1731 4359 1879 4415 enim
1914 4376 1925 4413 :
1967 4357 2066 4414 De-

459 4451 716 4508 siderium
744 4449 935 4506 habens
964 4449 1204 4518 dissolvi,
1234 4455 1282 4504 et
1305 4466 1419 4504 cum
1454 4449 1662 4506 Christo
1695 4465 1801 4504 esse
1837 4447 2062 4520 (Philip.

462 4559 503 4612 ι,
534 4540 652 4614 23).
697 4540 790 4608 Et,
821 4538 958 4598 Mihi
997 4538 1170 4593 vivere
1203 4539 1448 4595 Christus
1481 4545 1574 4608 est,
1619 4545 1666 4594 et
1691 4539 1833 4594 mori
1862 4538 2068 4594 lucrum.

465 4633 656 4708 (Ibid.,
685 4632 801 4705 2i).
831 4631 903 4688 Et
933 4639 1116 4688 tamen
1145 4631 1282 4689 dicit
1307 4649 1320 4690 :
1365 4633 1470 4701 Qui
1495 4650 1678 4690 sumus
1703 4633 1762 4689 in
1788 4634 1882 4690 hoc
1908 4633 2069 4688 habi-

465 4728 660 4792 tacula,
687 4724 1072 4798 ingemiscimus
1097 4726 1330 4797 gravati,
1359 4743 1415 4782 eo
1445 4728 1586 4799 quod
1612 4729 1859 4784 nolumus
1887 4742 2068 4796 exspo-

465 4817 613 4886 liari,
632 4816 722 4872 sed
735 4813 1096 4888 supervestiri,
1119 4821 1180 4869 ut
1205 4815 1551 4872 absorbeatur
1577 4817 1719 4888 quod
1743 4817 1969 4872 mortale
1996 4819 2071 4870 est

462 4929 497 4968 a
524 4911 636 4967 vita
665 4909 762 4982 (II
789 4907 915 4966 Cor.
951 4924 1007 4976 v,
1039 4905 1121 4980 4).
1154 4907 1295 4966 Ecce
1329 4917 1382 4965 et
1408 4909 1550 4966 mori
1579 4909 1875 4978 desiderat,
1909 4914 1963 4964 et
1990 4913 2068 4963 ta-

465 5017 590 5058 men
621 5015 784 5058 carne
813 4995 1114 5071 exspoliari
1139 4997 1437 5056 formidat.
1471 5000 1582 5058 Cur
1609 4999 1758 5056 hoc?
1795 4999 1936 5066 Quia
1965 4997 2069 5055 etsi

463 5091 705 5148 victoria
731 5091 791 5148 in
821 5095 1146 5163 perpetuum
1172 5086 1438 5160 latiﬁcat,
1470 5090 1588 5162 ipsa
1613 5089 1982 5145 nihilominus
2000 5087 2070 5145 ad

466 5198 704 5256 praesens
733 5199 894 5257 poena
933 5176 1250 5256 perturbat;
1300 5189 1356 5238 et
1385 5181 1642 5254 quamvis
1685 5179 1872 5238 vincat
1915 5197 2071 5238 amor

545 5417 558 5452 ⁸
589 5410 869 5482 Laudun.,
900 5413 1027 5484 quia
1054 5413 1202 5470 mala
1229 5411 1352 5467 vita
1375 5411 1601 5468 consilia
1619 5413 1915 5471 contemnit.
1945 5415 2068 5471 Duo

466 5485 686 5628 33:11.,
731 5485 896 5557 paulo
925 5492 1052 5542 ante
1077 5486 1159 5543 sic
1187 5484 1394 5543 habent
1425 5503 1438 5543 :
1489 5485 1579 5542 sed
1606 5502 1769 5558 equus
1795 5486 1896 5543 Dei
1922 5493 1998 5542 est
2023 5492 2072 5542 et

544 5629 566 5662 ³
593 5626 794 5696 Laud.,
825 5626 1108 5683 desiderat.

547 5702 567 5735 ³
597 5699 830 5780 Τριοιιπ
872 5698 1007 5780 pler.
1055 5700 1269 5780 Norm.,
1312 5700 1510 5771 Laud.,
1559 5701 1686 5760 Val.
1726 5702 1837 5770 CL,
1882 5702 2070 5760 Germ.

474 5769 606 5840 duo,
634 5769 986 5830 Prcedicatori
1012 5778 1189 5828 sancto
1217 5769 1298 5829 de.

547 5845 567 5878 ⁸
599 5845 680 5902 Ita
709 5843 837 5901 Mss.
871 5840 1032 5900 Corb.
1067 5842 1281 5912 Germ.,
1321 5843 1537 5914 Norm.,
1569 5845 1799 5918 Turon.,
1831 5845 2070 5907 Vindoc.

2095 4591 2146 4652 D

2159 1929 2456 1998 sumimus,
2491 1927 2626 1986 certi
2674 1935 2858 1983 autem
2904 1925 2971 1982 de
3019 1924 3374 1999 subsequeuti
3421 1923 3599 1980 salute
3629 1938 3778 1996 gau-

2161 2015 2376 2075 demus.
2401 2018 2546 2086 Quia
2559 2017 2708 2074 enim
2733 2015 3023 2090 pervenire
3043 2031 3244 2088 corpus
3262 2013 3426 2070 aliter
3443 2011 3513 2068 ad
3533 2012 3774 2069 salutem

2161 2124 2272 2163 non
2303 2108 2469 2176 valet,
2501 2107 2560 2164 in
2591 2115 2726 2180 potu
2757 2105 2891 2162 libet
2914 2105 3081 2164 etiam
3124 2105 3274 2180 quod
3301 2103 3486 2161 tadet.
3519 2101 3777 2175 Cumque

2161 2196 2520 2253 amaritudini
2551 2196 2730 2252 inesse
2755 2197 2925 2252 vitam
2959 2195 3179 2251 animus
3204 2193 3497 2267 conspicit,
3531 2207 3774 2248 mcerore

2161 2285 2414 2343 turbatus
2434 2284 2735 2342 hilarescit.
2769 2285 2998 2344 Dicatur
3021 2301 3152 2356 ergo
3178 2301 3189 2340 :
3231 2283 3330 2340 Ubi
3353 2281 3592 2338 audierit
3606 2280 3777 2336 bucci-

2160 2393 2306 2443 nam,
2337 2375 2466 2430 dicit
2498 2375 2626 2442 Vah,
2659 2374 2790 2447 quia
2808 2373 3135 2446 pradicator
3161 2373 3322 2428 fortis
3349 2371 3574 2444 cognito
3603 2378 3777 2427 certa-

2163 2465 2332 2520 minis
2375 2464 2596 2529 nuntio,
2639 2465 2742 2520 etsi
2771 2471 2835 2520 ut
2871 2463 3039 2520 homo
3068 2465 3090 2499 ⁵
3124 2463 3194 2520 ad
3223 2462 3338 2518 vim
3371 2459 3777 2534 persecutionis

2161 2554 2421 2628 trepidat,
2465 2571 2562 2628 per
2587 2555 2703 2626 spei
2748 2561 2934 2610 tamen
2963 2552 3352 2610 certitudinem
3382 2551 3452 2608 ad
3482 2551 3775 2624 praemium

2161 2644 2626 2702 remunerationis
2643 2643 2907 2700 exsultat.
2939 2643 3046 2699 Sed
3067 2658 3415 2716 nequaquam
3437 2641 3506 2697 ad
3528 2640 3636 2697 hoc
3659 2656 3773 2712 pas-

2163 2733 2336 2791 sionis
2369 2733 2580 2790 bellum
2629 2734 2994 2790 inconcussus
3035 2733 3319 2796 existeret,
3362 2730 3472 2787 nisi
3519 2727 3773 2786 eamdem

2163 2824 2476 2896 passionem
2497 2825 2712 2880 intenta
2725 2825 3058 2898 cogitatione
3079 2821 3399 2879 meditando
3421 2819 3771 2892 praveniret.

2161 2913 2368 2970 Malum
2399 2931 2638 2989 namque
2665 2915 2812 2988 quod
2832 2915 3068 2972 consilio
3089 2911 3450 2986 praevenitur,
3469 2908 3774 2966 decertanti

2163 3011 2358 3059 contra
2387 3021 2443 3060 se
2490 3006 2680 3060 animo
2726 3022 2797 3061 ex
2839 3005 3053 3061 ratione
3100 3001 3418 3074 subjicitur,
3459 2998 3594 3072 quia
3621 3006 3774 3054 tanto

2165 3094 2398 3168 quisque
2432 3095 2618 3151 minus
2663 3095 2995 3152 adversitate
3038 3093 3304 3160 vincitur,
3338 3097 3547 3164 quanto
3585 3096 3777 3146 contra

2163 3184 2315 3242 illam
2335 3183 2673 3257 prasciendo
2689 3194 2910 3257 paratus
2929 3182 3233 3240 invenitur.
3265 3181 3419 3252 Sape
3439 3179 3590 3235 enim
3612 3193 3777 3252 grave

2162 3276 2382 3333 timoris
2419 3274 2637 3348 pondus
2664 3292 2768 3330 usu
2801 3274 3090 3346 levigatur,
3123 3287 3266 3344 sape
3300 3287 3451 3326 mors
3481 3269 3602 3342 ipsa
3631 3268 3778 3326 sicut

2166 3366 2449 3438 inopinata
2477 3365 2787 3438 perturbat,
2829 3365 2906 3420 ita
2933 3363 3333 3420 deliberatione
3362 3367 3645 3434 praeventa
3673 3359 3779 3416 la-

2163 3457 2357 3512 tiﬁcat.
2391 3455 2546 3512 Unde
2575 3463 2629 3510 et
2657 3462 2802 3510 recte
2833 3453 2900 3510 de
2930 3452 3037 3510 hoc
3065 3469 3206 3526 equo
3235 3449 3594 3524 subjungitur
3626 3467 3640 3506 :

2236 3547 2374 3602 Inm.
2405 3575 2477 3586 —
2509 3550 2698 3609 1029
2727 3545 2926 3602 Procul
2955 3545 3216 3599 odoratur
3243 3543 3454 3598 bellum.

2241 3645 2327 3702 71.
2368 3645 2455 3700 Ad
2501 3643 2880 3717 reportandam
2932 3643 3210 3698 victoriam
3259 3646 3518 3696 certamen
3567 3633 3781 3709 pravi-

2168 3736 2538 3793 deatur.—Ac
2565 3735 2612 3792 si
2641 3735 2884 3808 apertius
2907 3732 3128 3791 dicatur
3153 3751 3165 3789 :
3194 3732 3408 3790 Idcirco
3438 3733 3461 3766 °
3490 3725 3778 3804 quodlibet

2171 3833 2448 3884 certamen
2489 3834 2809 3900 exsuperat,
2853 3826 2983 3900 quia
3029 3831 3271 3880 mentem
3317 3819 3612 3879 certamini
3652 3825 3779 3873 ante

2169 3926 2447 3975 certamen
2492 3927 2664 3992 parat.
2718 3916 2933 3972 Bellum
2977 3915 3178 3988 quippe
3226 3912 3417 3986 procul
3447 3909 3672 3967 odorari
3699 3917 3779 3964 est

2171 4005 2402 4063 adversa
2429 4021 2658 4080 quaque
2689 4005 2848 4077 longe
2878 4004 3062 4062 adhuc
3089 4004 3268 4077 posita
3308 3999 3605 4074 cogitando
3630 4015 3780 4074 pra-

2172 4112 2417 4166 noscere,
2475 4112 2546 4152 ne
2587 4096 2817 4152 fortasse
2869 4094 3094 4152 valeant
3148 4092 3452 4166 improvisa
3496 4105 3776 4162 superare.

2167 4187 2289 4244 Hoc
2317 4186 2526 4243 bellum
2552 4185 2745 4260 procul
2775 4183 2996 4242 odorari
3025 4183 3330 4256 discipulos
3357 4180 3566 4238 Paulus
3593 4178 3779 4236 admo-

2173 4276 2358 4346 nebat,
2381 4292 2508 4333 cum
2523 4275 2732 4332 diceret
2752 4293 2764 4332 :
2798 4275 3143 4348 Vosmetipsos
3161 4279 3352 4330 tentate
3369 4273 3416 4328 si
3435 4271 3560 4327 estis
3579 4265 3638 4325 in
3657 4268 3777 4342 ﬁde,

2171 4364 2277 4436 ipsi
2305 4382 2396 4420 vos
2419 4365 2641 4438 probate
2673 4365 2762 4438 (II
2781 4364 2906 4422 Cor.
2935 4381 3058 4429 xm,
3080 4363 3163 4437 5).
3196 4363 3278 4419 Ac
3300 4361 3348 4418 si
3378 4365 3566 4432 aperte
3592 4357 3778 4432 praci-

2173 4463 2347 4526 peret,
2379 4455 2597 4511 dicens:
2629 4454 3077 4510 Persecutionum
3107 4452 3408 4510 certamina
3435 4449 3505 4507 ad
3535 4457 3775 4506 mentem

2175 4543 2444 4612 reducite,
2457 4551 2510 4599 et
2531 4542 2713 4600 cordis
2732 4542 2902 4598 vestri
2923 4541 3121 4598 intima
3135 4548 3299 4614 atque
3310 4539 3528 4598 occulta
3547 4554 3776 4612 pensan-

2177 4641 2278 4702 tes,
2310 4633 2500 4708 quales
2526 4633 2670 4689 inter
2693 4632 2963 4706 supplicia
2985 4631 3221 4688 existere
3249 4630 3478 4687 valeatis
3508 4628 3774 4686 invenite.

2177 4725 2295 4782 Hoc
2322 4725 2530 4780 bellum
2562 4723 2737 4780 sancti
2767 4722 2874 4778 viri
2905 4721 3094 4794 procul
3125 4720 3448 4788 odorantur,
3474 4717 3700 4792 quando
3727 4727 3778 4775 et

2177 4815 2236 4870 in
2267 4831 2396 4887 pace
2425 4812 2757 4870 universalis
2785 4813 3046 4868 Ecclesia
3067 4811 3254 4884 positi,
3277 4810 3365 4866 vel
3389 4808 3776 4865 hareticorum

2176 4904 2340 4972 bella,
2374 4903 2463 4959 vel
2505 4901 2857 4958 imminentia
2884 4901 2953 4958 ab
2982 4899 3302 4957 inﬁdelibus
3331 4897 3777 4972 persecutionum

2177 5000 2456 5052 tormenta
2492 4991 2862 5065 conspiciunt.
2899 4991 3006 5059 Qui
3039 4989 3171 5046 dum
3210 4996 3357 5046 recte
3387 4989 3610 5056 vivunt,
3641 5002 3778 5058 sape

2179 5101 2279 5158 pro
2307 5084 2469 5140 bonis
2498 5083 2643 5140 mala
2672 5082 2968 5156 recipiunt,
2991 5080 3394 5138 detractionum
3417 5077 3778 5135 contumelias

2179 5174 2566 5249 aquanimiter
2593 5174 2800 5243 ferunt,
2833 5179 2896 5230 ut
2915 5176 2962 5230 si
2983 5171 3384 5246 persecutionis
3411 5170 3631 5229 occasio
3657 5185 3779 5242 sup-

2177 5423 2232 5472 et
2259 5411 2434 5470 Laud.
2455 5411 2640 5469 Germ.
2669 5410 2834 5486 habet
2854 5409 3046 5478 traxit,
3069 5407 3302 5476 nomine,
3323 5415 3429 5466 etc.
3448 5407 3607 5466 Editi
3627 5421 3775 5477 vero,

2179 5487 2350 5542 traxit
2376 5485 2624 5541 nominis.

2250 5559 2272 5594 ⁵
2305 5557 2460 5614 Editi
2489 5564 2608 5613 tum
2640 5564 2751 5613 vet.
2797 5565 2918 5613 tum
2946 5562 3150 5613 recent.
3199 5571 3326 5613 cum
3365 5553 3536 5612 duob.
3570 5553 3774 5620 Germ.,

2179 5631 2251 5687 ad
2274 5630 2381 5685 vim
2403 5629 2778 5702 percussionis,
2803 5629 3024 5702 melius,
3043 5628 3445 5702 persecutionis,
3474 5625 3536 5683 in
3557 5623 3774 5684 Ebroic.

2180 5699 2423 5772 aliisque
2438 5703 2655 5772 Norm.,
2685 5700 2948 5769 Vindoc.,
2975 5699 3174 5767 Laud.,
3203 5708 3310 5757 etc.

2254 5775 2277 5810 °
2307 5772 2568 5843 Vindoc.,
2599 5772 2865 5844 quodlibet
2892 5773 3101 5829 bellum.
