3936 6380
177 316 292 373 613

930 319 1305 379 MOBALIUM
1344 321 1477 379 LIB.
1513 322 1725 381 XXXI.
1767 354 1838 366 -
1874 324 1948 381 IN
2011 324 2239 384 CAPUT
2278 328 2521 385 XXXIX
2560 330 2621 385 Β.
2663 332 2806 387 10B.

3414 333 3517 393 614

173 450 352 518 petat,
395 451 550 500 tanto
584 443 711 501 illos
742 443 996 502 fortiores
1034 447 1207 519 aperti
1248 447 1432 506 hostes
1472 449 1778 518 inveniant,
1810 452 1860 511 A
1888 450 2004 507 dux
2018 451 2401 526 ﬁdei,qualem
2420 471 2477 511 se
2489 455 2662 527 possit
2678 455 2963 514 exhibere
2982 458 3351 530 narravimus,
3370 477 3517 518 nunc

174 541 395 609 quanto
442 551 536 591 eos
568 541 621 591 et
653 533 803 591 intra
828 536 1131 594 Ecclesiam
1170 538 1435 595 falsorum
1463 539 1695 598 fratrum
1718 540 1798 613 ja-

174 625 310 682 cula
337 641 455 681 non
482 633 820 698 expugnant.
851 627 989 683 Nam
1020 628 1168 702 quia
1190 637 1338 686 statu
1366 631 1645 703 patientiae
1674 641 1799 690 ante

173 715 505 787 linguarum
521 716 753 771 vulnera
768 717 997 786 corruit,
1017 718 1131 790 ipse
1147 718 1254 775 sibi
1265 722 1419 777 testis
1430 729 1511 777 est
1526 721 1656 793 quia
1670 737 1799 777 con-

174 814 268 861 tra
302 807 317 841 ¹
353 804 663 862 manifestae
690 808 1094 879 persecutionis
1134 810 1344 881 gladios
1372 804 1494 867 non
1523 812 1794 869 subsistit.

174 894 325 964 Quia
375 911 504 969 ergo
554 895 643 951 vir
681 897 784 953 Dei
822 899 1155 955 exercitatus
1201 901 1563 973 praesentibus
1607 910 1799 959 contra

174 993 443 1055 ventura,
470 994 525 1043 et
553 988 891 1044 exercitatus
918 989 1169 1046 minimis
1195 999 1386 1047 contra
1414 991 1624 1064 majora
1652 992 1800 1049 niti-

174 1085 294 1146 tur,
332 1083 480 1133 recte
511 1077 579 1133 de
611 1093 755 1150 equo
780 1078 879 1135 Dei
900 1077 1112 1137 dictum
1142 1089 1243 1151 est,
1267 1081 1415 1155 quod
1441 1082 1649 1139 bellum
1675 1098 1797 1155 pro-

175 1165 275 1223 cul
307 1166 593 1224 odoratur.
625 1167 888 1241 Sequitur
910 1186 922 1224 ε

718 1256 949 1315 CAPUT
989 1258 1254 1317 XXXIV.

251 1345 396 1405 Iam.
426 1377 499 1390 —
527 1347 972 1405 Emhortationem
1001 1348 1213 1419 ducum,
1256 1356 1305 1406 et
1330 1350 1596 1407 ululatum
1633 1367 1797 1407 eaer-

174 1435 337 1492 citus.

253 1524 343 1582 72.
365 1524 807 1583 Subodorandum
817 1527 947 1598 quid
959 1533 1197 1584 auctores
1211 1545 1479 1598 errorum,
1494 1531 1624 1601 quid
1641 1532 1796 1587 turba

178 1614 315 1688 ipsis
334 1616 547 1672 subdita
562 1616 771 1688 possint
796 1618 1050 1675 insanire.
1074 1649 1145 1660 —
1163 1619 1340 1677 Duces
1362 1619 1604 1677 adversae
1625 1622 1796 1693 partis

178 1713 318 1762 sunt
339 1707 545 1762 erroris
572 1716 844 1775 auctores,
882 1706 950 1763 de
979 1708 1183 1781 quibus
1212 1725 1307 1781 per
1339 1710 1684 1767 Psalmistam
1713 1711 1793 1767 di-

1908 541 2010 597 sub
2027 542 2193 616 hujus
2218 544 2343 616 equi
2360 543 2539 615 specie
2567 560 3019 619 unumquemque
3039 546 3247 605 Christi
3277 548 3516 606 militem

1909 633 2303 703 describamus,
2332 641 2393 689 ut
2413 643 2467 690 et
2486 633 2581 707 qui
2610 632 2677 689 ad
2707 633 3117 705 praedicationis
3142 638 3362 695 culmen
3390 654 3517 695 nec-

1908 721 2039 779 dum
2072 739 2127 780 se
2153 721 2469 797 pervenisse
2496 721 2830 791 considerat,
2849 721 2953 780 hac
2970 732 3157 782 tamen
3181 743 3317 784 voce
3339 727 3516 785 domi-

1907 813 2051 881 nica,
2084 812 2131 869 si
2155 811 2271 885 jam
2301 812 2443 869 bene
2472 814 2662 869 vivere
2691 814 2942 885 creperit,
2973 830 3295 887 expressum
3325 832 3381 872 se
3401 834 3517 874 esse

1907 911 2218 973 cognoscat,
2281 910 2551 976 quatenus
2604 902 2739 958 hinc
2795 902 3019 976 colligat
3074 915 3343 977 quantum
3400 907 3513 962 Deo

1906 999 2070 1049 notus
2111 993 2203 1061 sit,
2251 993 2298 1049 si
2339 993 2409 1049 ad
2438 992 2648 1066 majora
2674 994 3007 1067 pervenerit,
3050 1010 3211 1068 quem
3240 994 3520 1068 signanter

1904 1084 2051 1139 Deus
2066 1084 2252 1157 eloqui
2272 1101 2374 1141 nec
2394 1085 2453 1140 in
2471 1084 2719 1141 minimis
2748 1085 3140 1157 praetermittit.
3173 1084 3401 1158 Singula
3420 1085 3518 1142 ita-

1905 1188 2012 1247 que
2053 1191 2174 1247 quse
2210 1174 2278 1231 de
2317 1190 2459 1248 equo
2506 1174 2655 1232 dicta
2698 1183 2828 1232 sunt
2874 1182 3147 1249 repentes,
3196 1176 3518 1233 intimemus

1905 1262 2184 1335 quomodo
2209 1263 2368 1319 miles
2402 1262 2502 1319 Dei
2529 1280 2561 1320 a
2588 1263 2854 1337 primmva
2884 1265 3309 1322 conversatione
3336 1264 3517 1338 proﬁ—

1902 1352 2033 1420 ciat,
2065 1352 2344 1425 quomodo
2373 1370 2405 1409 a
2439 1353 2692 1409 minimis
2729 1352 2800 1409 ad
2829 1352 3038 1426 majora
3068 1361 3394 1424 succrescat,
3427 1357 3516 1411 vel

1902 1442 2105 1515 quibus
2136 1442 2396 1514 gradibus
2424 1441 2493 1499 ab
2514 1442 2723 1500 inﬁmis
2749 1442 2821 1501 ad
2840 1460 3077 1517 superna
3096 1444 3401 1518 perveniat.
3424 1443 3515 1502 Di-

1903 1541 2060 1591 catur
2089 1549 2218 1605 ergo
2243 1551 2256 1589 :

2446 1622 2673 1681 CAPUT
2726 1623 2965 1681 XXXV.

1976 1709 2147 1768 Vens.
2169 1712 2254 1767 19.
2290 1742 2361 1754 -
2387 1712 2646 1783 Nunquid
2666 1712 2922 1784 praebebis
2961 1728 3091 1783 equo
3119 1710 3511 1783 fortitudinem,

178 1795 331 1853 citur
356 1814 368 1853 :
417 1798 611 1868 Effusa
638 1803 713 1853 est
751 1798 773 1832 ²
804 1798 1063 1854 contentio
1091 1816 1254 1871 super
1280 1801 1549 1874 principes
1591 1818 1793 1871 eorum,
1826 1822 1873 1884 Β
1902 1806 1997 1855 aut
2025 1800 2378 1856 circumdabis
2403 1802 2541 1857 collo
2569 1800 2684 1870 ejus
2712 1800 2977 1856 hinnitum
2995 1797 3025 1853 ?

179 1886 204 1920 ³
233 1891 282 1941 et
305 1886 632 1942 seduxerunt
657 1904 743 1943 eos
782 1905 923 1943 vana
943 1905 1147 1955 eorum,
1182 1895 1229 1944 et
1258 1906 1442 1946 errare
1469 1891 1591 1961 fecit
1617 1909 1703 1946 eos
1736 1892 1794 1947 in

174 1974 349 2045 invio,
380 1982 430 2031 et
455 1992 561 2031 non
580 1974 639 2031 in
656 1977 747 2032 via
764 1978 946 2047 (Psal.
977 1995 1088 2047 cvr,
1119 1978 1236 2050 40).
1261 1980 1339 2035 De
1368 1980 1571 2053 quibus
1598 1997 1695 2053 per
1713 1996 1793 2036 se-

178 2067 474 2144 Inetipsam
501 2068 717 2125 Veritas
737 2067 894 2125 dicit:
920 2068 1099 2125 Caecus
1121 2070 1168 2125 si
1189 2087 1318 2125 caeco
1334 2071 1583 2127 duratum
1604 2074 1626 2108 ἰ
1639 2089 1794 2144 μνω-

180 2141 284 2223 bet,
314 2157 467 2213 ambo
496 2158 554 2212 in
593 2157 801 2229 foveam
838 2160 860 2193 ⁵
900 2159 1095 2215 cadunt
1133 2159 1345 2232 (Matth.
1379 2176 1477 2230 xv,
1526 2160 1591 2217 14
1594 2141 1654 2232 ).’
1684 2162 1794 2218 Hos

178 2255 369 2303 autem
413 2246 581 2305 duces
623 2250 903 2322 exercitus
952 2250 1206 2322 sequitur
1244 2267 1541 2324 pravorum
1584 2251 1796 2309 scilicet

176 2336 371 2407 turba,
393 2354 515 2411 quae
537 2339 746 2412 iniquis
767 2355 957 2396 eorum
986 2341 1453 2413 praeceptionihus
1471 2341 1791 2398 famulatur.

177 2426 502 2486 Notandum
534 2445 750 2503 quoque
774 2430 922 2503 quod
954 2428 1122 2488 duces
1152 2431 1456 2502 exhortari,
1489 2432 1794 2489 exercitum

176 2534 323 2574 vero
366 2517 507 2577 dicit
548 2519 781 2588 ululare,
815 2520 946 2593 quia
973 2520 1236 2577 videlicet
1263 2521 1325 2577 hi
1354 2522 1449 2595 qui
1477 2522 1797 2578 inﬁdelibus

177 2608 274 2663 vel
311 2606 591 2666 haereticis
620 2616 864 2681 praesunt
901 2626 1070 2681 prava
1106 2626 1228 2683 quae
1259 2611 1437 2667 teneri
1465 2611 1798 2684 praecipiunt

177 2698 343 2769 quasi
366 2713 439 2755 ex
465 2699 678 2755 ratione
708 2698 1057 2772 persuadent.
1082 2700 1265 2757 Turba
1291 2716 1424 2758 vero
1444 2701 1524 2757 eis
1552 2699 1792 2772 subdita,

174 2785 317 2858 quia
361 2785 484 2841 sine
520 2784 736 2857 judicio
781 2803 971 2866 eorum
1004 2804 1167 2844 voces
1205 2790 1474 2862 sequitur,
1522 2788 1655 2845 dum
1701 2807 1799 2862 per

176 2874 538 2932 confusionis
568 2876 839 2932 insaniam
869 2878 1182 2949 perstrepit,
1210 2878 1435 2934 bestiali
1465 2888 1646 2936 mente
1677 2880 1796 2936 ulu-

179 2966 300 3021 lare
327 2962 673 3036 perhibetur.
700 2966 871 3038 Lupis
896 2967 1099 3039 quippe
1130 2966 1349 3039 proprie
1378 2967 1625 3024 ululatus
1652 2984 1800 3025 con-

176 3054 360 3111 venit.
410 3054 483 3110 Et
526 3054 657 3127 quia
707 3066 940 3113 catervae
986 3056 1346 3129 reproborum
1396 3066 1589 3113 contra
1624 3058 1797 3114 vitam

178 3160 478 3217 moresque
508 3143 758 3202 ﬁdelium
788 3146 906 3202 sola
927 3147 1223 3219 rapacitate
1252 3146 1491 3216 inhiant,
1515 3147 1670 3220 quasi
1703 3164 1798 3220 per

178 3236 462 3293 ululatum
493 3236 753 3293 clamant.
794 3235 934 3310 [νει.
982 3236 1243 3312 XXVII.]
1288 3239 1480 3312 Equus
1522 3255 1650 3311 ergo
1697 3239 1797 3295 Dei

182 3325 639 3384 exhortationem
663 3324 868 3384 ducum
909 3334 964 3382 et
996 3327 1271 3384 ululatum
1302 3328 1579 3385 exercitus
1606 3329 1798 3401 procul

184 3417 477 3486 odoratur,
527 3416 660 3473 dum
703 3424 925 3473 sanctus
972 3417 1204 3490 quisque
1258 3416 1585 3490 praedicator
1639 3418 1799 3489 longe

184 3515 317 3563 ante
364 3506 679 3564 considerat
718 3506 855 3579 quid
902 3508 989 3563 vel
1037 3514 1288 3565 auctores
1330 3523 1580 3564 errorum
1609 3516 1802 3564 contra

186 3598 395 3654 electos
443 3597 664 3653 valeant
721 3596 1035 3668 praecipere,
1092 3597 1184 3653 vel
1238 3596 1400 3654 turba
1453 3598 1532 3653 eis
1580 3596 1803 3654 subdita

186 3701 356 3761 quam
378 3687 549 3758 possit
569 3685 884 3743 immaniter
903 3686 1163 3743 insanire.
1186 3687 1341 3743 Hanc
1355 3686 1801 3744 exhortationem

188 3778 397 3836 ducum
440 3778 772 3836 odorabatur
809 3779 1031 3847 Paulus,
1063 3796 1192 3837 cum
1221 3779 1459 3838 diceret:
1493 3780 1601 3837 Per
1628 3778 1803 3835 dulces

189 3887 454 3927 semones
488 3876 537 3926 et
564 3869 935 3927 benedictiones
973 3870 1225 3927 seducunt
1259 3870 1422 3927 corda
1452 3869 1804 3925 innocentium

198 3961 378 4033 (Rom.
410 3977 532 4029 va,
568 3961 678 4033 18).
724 3961 886 4017 Hunc
914 3961 1189 4017 ululatum
1219 3960 1496 4018 exercitus
1526 3958 1804 4017 odoraba—
1836 4004 1847 4013 .

196 4055 312 4117 tur,
341 4047 565 4105 dicens:
613 4049 901 4105 Intrabunt
941 4056 1061 4120 post
1088 4050 1450 4106 discessionem
1479 4066 1649 4105 meam
1694 4048 1807 4119 lupi

192 4155 385 4212 graves
411 4139 470 4193 in
496 4156 588 4194 vos
620 4138 768 4209 (Act.
798 4156 896 4196 xx.
948 4139 1063 4212 29).
1095 4139 1558 4195 Exhortationem
1598 4137 1804 4193 ducum

194 4227 458 4286 odoratus
501 4238 584 4285 est
613 4228 826 4299 Petrus,
871 4246 999 4286 cum
1037 4227 1105 4285 de
1136 4227 1464 4301 quibusdam
1504 4226 1806 4299 discipulos

194 4317 542 4388 admoneret,
574 4319 762 4377 dicens
789 4337 801 4375 :
845 4320 911 4376 In
948 4319 1186 4375 avaritia
1211 4319 1346 4391 fictis
1374 4317 1545 4373 verbis
1573 4317 1636 4371 de
1662 4317 1808 4372 vobis

192 4411 605 4482 negotiabantur
630 4411 727 4482 (II
742 4410 854 4466 Pet.
890 4426 951 4478 II,
984 4409 1063 4482 3).
1096 4409 1377 4465 Ululatum
1410 4422 1627 4480 quoque
1655 4422 1809 4464 exer-

193 4501 340 4558 citus
375 4498 730 4569 odorabatur,
762 4516 885 4557 cum
918 4499 1298 4573 praemitteret,
1340 4497 1568 4555 dicens:
1618 4503 1808 4561 1030

193 4599 271 4654 Et
299 4597 453 4654 multi
482 4605 764 4670 sequentur
791 4615 973 4655 eorum
995 4598 1267 4666 luxurias,
1286 4613 1385 4668 per
1411 4612 1541 4667 quos
1562 4594 1649 4652 via
1676 4597 1810 4652 veri-

196 4689 321 4745 tatis
342 4690 737 4763 blasphematur
766 4690 962 4762 (Ibid.,
1000 4689 1083 4761 2).

270 4777 415 4854 [Rea
449 4780 658 4855 XVII.]
687 4780 772 4836 73.
797 4780 1068 4837 Fidelibus
1083 4776 1567 4847 accommodantur,
1600 4794 1719 4851 qua:
1750 4775 1811 4833 de

188 4870 638 4942 praedicatoribus
666 4875 716 4926 et
743 4870 1044 4926 doctoribus
1063 4875 1185 4925 sunt
1212 4870 1371 4925 dicta.
1395 4900 1465 4910 —
1485 4869 1658 4941 Igitur
1683 4870 1813 4941 quia

195 4968 422 5017 sanctus
433 4961 665 5035 quisque
679 4961 1006 5034 praedicator
1017 4968 1179 5032 atque
1191 4959 1248 5014 in
1264 4957 1811 5031 persecutionisbello

276 5159 293 5197 ¹
331 5158 415 5219 Ita
455 5158 584 5218 Mss.
643 5160 837 5219 Norm.
874 5156 1052 5234 Regii,
1097 5155 1210 5217 duo
1252 5157 1437 5234 Germ.
1486 5155 1642 5234 Editi
1681 5174 1812 5217 vero

198 5234 368 5291 etiam
400 5234 749 5303 vetustiores,
780 5231 1075 5304 manifésta:
1099 5231 1811 5305 percussionis._Lectionem

198 5314 448 5362 nostram
493 5302 757 5377 optimam
793 5320 907 5361 esse
931 5302 1274 5377 persuadent
1303 5302 1619 5376 superiora:
1669 5304 1737 5360 Ut
1762 5304 1809 5359 si

195 5378 580 5450 persecutionis
608 5377 808 5433 ocmio
841 5383 1103 5450 suppetat,
1131 5385 1234 5433 etc.

277 5450 300 5484 ³
327 5450 416 5505 Ex
446 5448 614 5505 Hebr.
644 5456 802 5505 textu
825 5454 879 5505 ct
904 5446 1094 5505 Graca
1118 5450 1367 5505 translat.
1404 5446 1695 5520 legendum
1727 5446 1805 5503 fo-

201 5527 311 5590 ret,
338 5521 672 5593 contemptio.
696 5520 800 5578 Sed
821 5528 1041 5593 propter
1062 5521 1404 5593 unanimem,
1426 5528 1546 5575 tum
1566 5520 1809 5593 Excuso-

200 5609 355 5662 rum,
384 5600 504 5649 tum
526 5590 694 5649 manu
709 5590 1057 5650 exarato'rum
1092 5593 1161 5664 (si
1179 5592 1340 5650 Corb.
1361 5593 1544 5649 Germ.
1558 5590 1812 5664 excipias

203 5665 266 5722 in
306 5661 418 5738 quo
456 5664 697 5747 secunda
726 5682 914 5747 manu.
939 5661 1139 5747 legitur
1181 5664 1512 5747 contempt-io)
1546 5661 1811 5720 Codicum

203 5734 563 5805 consensum,
610 5737 848 5809 priorem
898 5734 1191 5793 lectionem
1230 5734 1592 5809 retin'uirnus,
1648 5734 1843 5808 quam’

202 5809 481 5867 aliundea
505 5807 790 5865 non—nullis
817 5816 1134 5883 usurpatam
1163 5808 1368 5865 scimus
1395 5807 1454 5864 in
1470 5807 1810 5864 Psalmorum

1976 1889 2061 1946 74.
2093 1890 2317 1949 Militem
2344 1891 2444 1946 Dei
2466 1890 2705 1963 primum
2730 1894 2903 1945 armet
2931 1889 3078 1962 ﬁdes.
3102 1918 3175 1931 --
3198 1887 3511 1961 Unicuique

1904 1981 2121 2049 anime,
2157 1982 2179 2017 ⁶
2207 1981 2298 2036 cui
2325 1980 2596 2036 Dominus
2625 1978 3059 2036 misericorditer
3085 1978 3365 2052 praesidet,
3389 1986 3517 2035 ante

1904 2070 2091 2125 omnia
2118 2069 2247 2127 ﬁdei
2277 2070 2662 2126 fortitudinem
2686 2069 2913 2142 praebet,
2944 2069 3012 2126 de
3041 2084 3150 2142 qua
3178 2069 3373 2125 Petrus
3401 2067 3510 2125 ait:

1904 2160 2264 2216 Adversarius
2290 2166 2457 2216 vester
2484 2160 2750 2229 diabolus,
2786 2160 2927 2215 sicut
2957 2161 3034 2216 leo
3062 2160 3299 2231 rugiens,
3330 2158 3518 2214 circuit

1904 2269 2146 2324 qmerens
2166 2268 2320 2323 quem
2336 2253 2568 2317 devoret;
2582 2252 2668 2307 cui
2690 2251 2916 2307 resistite
2945 2250 3109 2321 fortes
3136 2250 3194 2306 in
3207 2251 3310 2323 ﬁde
3331 2249 3385 2322 (I
3400 2251 3515 2306 Pet.

1903 2359 1962 2411 v,
1994 2342 2073 2415 8).
2103 2342 2246 2399 Huic
2263 2349 2446 2399 autem
2468 2341 2787 2399 fortitudini
2808 2341 3063 2398 hinnitus
3081 2340 3357 2414 jungitur,
3383 2339 3517 2397 dum

1905 2431 1969 2488 ﬁt
1989 2430 2137 2505 quod
2156 2432 2422 2505 scriptum
2444 2441 2544 2489 est:
2570 2432 2741 2490 Corde
2759 2432 2994 2487 creditur
3020 2432 3093 2487 ad
3111 2431 3405 2501 justitiam,
3428 2447 3520 2485 ore

1905 2528 2080 2579 autem
2099 2522 2355 2594 confessio
2376 2524 2435 2596 ﬁt
2453 2523 2525 2579 ad
2543 2525 2766 2578 salutem
2786 2521 2962 2594 (Rom.
2986 2537 3043 2591 x,
3073 2521 3185 2593 10).
3217 2520 3476 2593 Sequitur
3500 2537 3513 2575 :

2209 2612 2439 2670 CAPUT
2478 2612 2720 2668 XXXVI
2752 2609 2891 2685 [Vet.
2922 2609 3211 2684 XXVIII].

1976 2700 2151 2758 Vens.
2198 2701 2287 2759 20.
2328 2733 2399 2744 —
2452 2701 2709 2774 Nunquid
2748 2700 3029 2756 suscitabis
3069 2716 3187 2756 eum
3238 2716 3395 2771 quasi
3446 2699 3517 2755 lo-

1908 2792 2127 2846 castas?

1982 2879 2068 2935 75.
2093 2878 2193 2934 Dei
2210 2896 2333 2951 erga
2349 2878 2652 2950 incipientes
2665 2878 3013 2950 indulgentia.
3034 2908 3106 2920 -—
3126 2877 3518 2951 Unusquisque

1907 2968 2002 3040 qui
2030 2970 2205 3023 Deum
2247 2967 2519 3041 sequitur,
2552 2967 2608 3022 in
2644 2968 2760 3040 ipso
2802 2984 2902 3023 suo
2943 2967 3174 3023 exordio
3204 2977 3267 3023 ut
3307 2969 3520 3024 locusta

1908 3058 2225 3126 suscitatur,
2249 3057 2380 3130 quia
2394 3057 2494 3112 etsi
2514 3057 2571 3112 in
2593 3055 2921 3130 quihusdam
2946 3055 3259 3111 actionibus
3280 3055 3517 3112 locusta-

1832 3184 1877 3247 ο
1906 3164 2028 3203 rum
2062 3163 2212 3203 more
2247 3145 2409 3202 ﬂexis
2454 3144 2759 3217 p0plitihus
2800 3154 2957 3201 terrae
2998 3142 3251 3212 inhaeret,
3293 3143 3350 3199 in
3380 3144 3517 3216 qui-

1906 3237 2139 3294 busdam
2168 3245 2352 3293 tamen
2385 3235 2645 3308 expansis
2672 3234 2776 3290 alis
2813 3250 2929 3291 sese
2960 3234 3018 3289 in
3048 3249 3176 3289 aera
3203 3232 3512 3305 suspendit.

1909 3326 2347 3383 Conversionum
2405 3325 2607 3398 quippe
2646 3323 2827 3393 initia,
2880 3322 3044 3378 bonis
3100 3322 3351 3378 moribus
3408 3337 3521 3377 ma-

1911 3420 2087 3493 lisque
2116 3420 2377 3492 permista
2404 3425 2554 3487 sunt,
2587 3418 2720 3474 dum
2741 3425 2796 3473 et
2822 3433 2968 3474 nova
2989 3415 3104 3489 jam
3132 3432 3229 3489 per
3257 3415 3518 3473 intentio-

1909 3527 2037 3567 nem
2071 3511 2272 3583 agitur,
2302 3519 2355 3567 et
2395 3519 2553 3566 vetus
2600 3508 2784 3566 adhuc
2813 3509 2931 3565 vita
2974 3524 3043 3564 ex
3090 3523 3196 3563 usu
3224 3508 3518 3565 retinetur.

1912 3600 2085 3657 Tanto
2114 3609 2296 3656 autem
2327 3598 2511 3655 minus
2541 3601 2561 3634 ⁷
2594 3598 2876 3672 permistis
2904 3597 3129 3654 interim
3162 3597 3324 3654 malis
3356 3596 3525 3653 laedi-

1912 3708 2058 3759 mur,
2102 3698 2306 3766 quanto
2346 3697 2539 3747 contra
2580 3689 2680 3746 illa
2734 3687 2985 3762 quotidie
3041 3687 3161 3744 sine
3218 3688 3522 3745 cessatione

1911 3797 2239 3855 pugnamus.
2274 3782 2383 3839 Nec
2411 3797 2542 3837 suos
2584 3796 2685 3836 nos
2716 3777 2832 3850 jam
2862 3779 3026 3853 culpa
3053 3775 3322 3846 vindicat,
3364 3775 3523 3849 cujus

1913 3886 2082 3944 pravo
2113 3870 2238 3926 usui
2271 3869 2293 3904 ⁸
2337 3878 2527 3927 nostra
2567 3867 2803 3924 sollicite
2848 3884 3003 3924 mens
3048 3867 3295 3923 resultat.
3338 3865 3524 3924 Minus

1914 3960 2097 4034 itaque
2144 3960 2304 4016 nobis
2352 3959 2743 4016 inchoantibus
2784 3966 3001 4015 terrena
3046 3973 3212 4029 opera
3249 3954 3521 4026 oﬁiciunt,

1915 4050 2044 4125 quia
2074 4049 2130 4105 in
2161 4049 2322 4106 nobis
2345 4048 2556 4105 diutius
2575 4047 2848 4105 demorari
2872 4046 3261 4120 prohibentur.
3284 4046 3524 4103 Proinde

1915 4140 2177 4216 quoniam
2208 4137 2266 4194 in
2309 4138 2428 4211 ipso
2473 4145 2671 4194 nostrae
2700 4135 3080 4195 conversionis
3110 4136 3275 4194 initio
3304 4134 3525 4193 inﬁrma

1916 4229 2166 4302 quzedam
2195 4228 2283 4301 pie
2311 4227 2379 4284 de
2410 4227 2569 4283 nobis
2597 4228 2869 4283 Dominus
2884 4227 3105 4295 tolerat,
3132 4234 3196 4282 ut
3219 4242 3321 4283 nos
3340 4241 3527 4300 quan-

1916 4319 2095 4393 doque
2141 4319 2210 4376 ad
2258 4318 2500 4376 coelestia
2541 4335 2610 4374 ex
2656 4317 2991 4390 perfectione
3035 4317 3323 4390 perducat,
3371 4324 3525 4392 quasi

1916 4411 2157 4468 locustas
2186 4426 2284 4467 nos
2315 4410 2373 4466 in
2404 4409 2634 4466 exordio
2665 4408 2916 4477 suscitat,
2947 4409 3081 4482 quia
3109 4411 3213 4466 etsi
3244 4408 3302 4465 in
3332 4409 3523 4465 volatu

1916 4502 2145 4558 virtutis
2183 4501 2459 4569 sublevat,
2496 4516 2609 4557 non
2638 4507 2823 4556 tamen
2854 4498 2923 4555 de
2952 4501 3161 4557 terreni
3189 4499 3370 4573 operis
3398 4514 3529 4557 casu

1838 4552 1890 4613 D
1921 4552 2206 4665 suae;
2218 4552 2521 4666 ante:

2449 4681 2678 4739 CAPUT
2706 4680 2998 4739 XXXVII.

1989 4773 2129 4833 Iam.
2160 4803 2232 4816 --
2264 4772 2457 4830 Gloria
2477 4771 2692 4828 narium
2712 4770 2824 4841 eius
2859 4776 3055 4826 terror.

1994 4866 2080 4923 76.
2118 4866 2424 4922 Inchoantes
2464 4863 2602 4919 inter
2629 4880 2771 4935 spem
2798 4868 2845 4916 et
2874 4866 3070 4916 metum
3094 4856 3275 4929 positi,
3307 4860 3531 4927 propter

1920 4957 2210 5013 certamina
2235 4957 2434 5025 carnis,
2465 4972 2625 5027 quam
2670 4952 2865 5009 idcirco
2907 4949 3125 5021 fortiter
3163 4946 3425 5003 edomant.
3459 4977 3530 4987 —

1921 5165 2288 5230 expositione.

1994 5233 2016 5266 ³
2045 5228 2304 5297 Vindoc.,
2332 5226 2531 5296 Laud.,
2563 5221 2726 5297 Corb.
2760 5221 2968 5297 Germ,
3000 5216 3125 5274 Val.
3162 5215 3272 5285 CL,
3302 5214 3529 5287 Pratel.,

1921 5302 2088 5369 Utic.,
2121 5294 2446 5356 seduxerunt
2471 5294 2556 5353 eos
2583 5297 2640 5351 in
2668 5294 2836 5359 invio,
2866 5300 2971 5347 etc.

1990 5376 2012 5409 ⁸
2044 5371 2215 5429 Laud.
2263 5380 2316 5428 et
2345 5371 2454 5427 duo
2484 5370 2695 5433 Germ.,
2721 5370 2952 5438 prwstet.

1990 5448 2010 5480 ⁵
2042 5447 2163 5518 Duo
2176 5444 2375 5518 Germ.
2401 5448 2462 5518 et
2486 5440 2610 5518 Val.
2633 5438 2754 5518 _Gl.,
2784 5437 2986 5518 audent.

1992 5518 2013 5552 ⁶
2046 5515 2306 5584 Vindoc.,
2338 5511 2750 5584 misericorditer
2777 5509 3038 5584 Dominus
3068 5509 3385 5584 prwsidens.

1991 5590 2011 5624 ⁷
2043 5587 2268 5656 Pratcl.,
2292 5582 2539 5659 permisti
2567 5582 2780 5659 interim
2807 5582 2987 5659 malis.

1994 5662 2015 5695 ⁸
2044 5660 2159 5728 AL,
2189 5651 2375 5715 nostra
2416 5657 2643 5713 sollicita
2680 5671 2843 5728 mens.
2884 5654 3133 5714 Priorem
3166 5654 3291 5713 lect.
3326 5651 3533 5711 habent

1923 5726 2154 5800 Turon.,
2187 5730 2362 5789 Laud.
2395 5738 2450 5788 et
2479 5728 2644 5788 Corb.
2678 5726 2865 5786 Germ.
