3936 6382
403 311 510 368 615

404 523 682 582 immerito
712 520 928 576 narium
973 520 1198 578 nomine
1243 521 1358 594 spei
1405 529 1606 579 nostra
1644 520 2006 593 cogitationes

404 613 812 686 exprimuntur,
839 610 1040 684 quibus
1074 620 1369 668 venturum
1394 611 1694 684 judicium,
1725 609 1872 684 quod
1903 610 2006 664 etsi

401 703 577 760 oculis
621 701 806 758 adhuc
849 718 959 758 non
1003 705 1300 770 cernimus,
1345 701 1460 774 jam
1508 711 1692 758 tamen
1735 699 2008 773 sperando

402 790 788 864 praevidemus.
822 790 1016 847 Omnis
1059 801 1238 848 autem
1280 792 1374 864 qui
1403 791 1540 846 bene
1570 790 1758 845 vivere
1788 788 2004 860 incipit,

401 879 632 936 audiens
678 879 826 951 quod
873 895 968 950 per
1001 887 1308 936 extremum
1343 877 1620 951 judicium
1661 879 1798 952 justi
1829 878 1898 934 ad
1928 893 2011 933 re.

403 986 572 1042 gnum
607 978 890 1036 vocentur,
934 969 1252 1038 bilarescit;
1295 969 1390 1026 sed
1421 970 1551 1043 quia
1581 969 1831 1043 quaedam
1865 968 2010 1024 mala

400 1058 583 1114 adhuc
607 1060 622 1094 ¹
646 1074 716 1114 ex
736 1058 986 1131 reliquiis
1011 1059 1117 1114 sibi
1141 1060 1316 1114 inesse
1337 1059 1667 1130 considerat,
1699 1060 1806 1117 hoc
1826 1060 2007 1132 ipsum

397 1146 694 1219 judicium,
725 1147 792 1204 de
821 1164 932 1222 quo
967 1149 1243 1204 exsultare
1276 1147 1523 1215 inchoat,
1567 1149 2008 1222 appropinquare

404 1236 684 1293 formidat.
730 1237 916 1294 Vitam
958 1236 1160 1310 quippe
1199 1254 1355 1294 suam
1401 1236 1563 1294 bonis
1595 1239 1863 1311 malisque
1891 1255 2008 1310 per-

407 1327 626 1383 mistam
659 1325 951 1400 conspicit,
1000 1334 1054 1382 et
1083 1327 1442 1399 cogitationes
1471 1345 1596 1383 suas
1627 1328 1816 1400 aliquo
1847 1326 2010 1382 modo

405 1432 500 1489 spe
528 1424 583 1472 et
613 1416 811 1473 timore
845 1420 1030 1478 1031
1055 1415 1371 1472 confundit.
1395 1417 1528 1472 Nam
1550 1433 1677 1474 cum
1706 1415 1863 1471 audit
1887 1431 2010 1488 quat

405 1513 518 1570 sint
546 1513 698 1586 regni
727 1512 944 1586 gaudia,
977 1530 1110 1569 mox
1137 1521 1377 1569 mentem
1409 1513 1603 1569 laetitia
1630 1511 1883 1568 sublevat
1914 1530 1928 1579 ;
1958 1519 2012 1566 et

407 1618 624 1658 rursum
667 1619 793 1659 cum
837 1602 1064 1674 respicit
1093 1619 1214 1675 quae
1256 1601 1370 1658 sint
1411 1602 1674 1673 gehennae
1714 1607 2008 1668 tormenta,

407 1709 539 1748 mox
580 1699 820 1748 mentem
864 1691 1104 1748 formido
1135 1691 1437 1763 perturbat.
1484 1690 1630 1746 Bene
1671 1707 1799 1762 ergo
1839 1690 2014 1761 gloria

1602 305 1851 362 SANCTI
1888 304 2229 363 GREGORII
2265 307 2493 364 MAGNI

403 438 508 494 Pro
533 452 596 492 eo
626 431 772 506 quod
802 446 913 488 non
942 431 1061 487 visa
1087 447 1173 488 res
1202 430 1369 488 odore
1398 430 1856 505 deprehenditur,
1888 446 2001 487 non
2037 434 2088 493 Α

3618 306 3724 362 617

2649 433 2879 492 CAPUT
2907 431 3174 490 XXXIX.

2185 522 2323 578 Iam.
2355 552 2425 564 —
2458 523 2523 580 In
2553 539 2827 578 occursum
2843 523 3018 595 pergit
3043 523 3288 578 armatis.

2189 611 2275 668 78.
2307 613 2488 668 Hostis
2516 613 2741 667 insidias
2768 618 2816 668 et
2837 613 2986 668 dolos
3017 613 3302 682 explorant
3321 612 3650 679 inchoantes,
3683 619 3732 668 et

2116 703 2174 758 in
2200 702 2388 758 alienis
2415 703 2572 758 etiam
2590 703 2836 758 cordibus
2851 701 3203 774 piveveniunt.
3238 701 3509 758 —Hostes
3528 703 3730 758 armati

2117 799 2247 848 sunt
2265 792 2540 848 immundi
2568 792 2814 864 spiritus,
2845 790 3152 848 innumeris
3180 798 3373 852 contra
3393 808 3495 847 nos
3515 790 3732 846 fraudi-

2117 880 2221 938 bus
2262 881 2516 938 accincti.
2563 881 2671 950 Qui
2721 898 2848 938 cum
2894 881 3120 938 suadere
3171 880 3330 937 nobis
3379 881 3576 954 iniqua
3621 897 3734 937 ne-

2118 981 2348 1044 queunt,
2396 989 2459 1029 ea
2505 971 2608 1029 sub
2655 973 2927 1030 virtutum
2975 973 3155 1044 specie
3183 973 3388 1028 nostris
3436 972 3732 1030 obtutibus

2119 1070 2424 1134 opponunt,
2454 1070 2508 1118 et
2537 1063 2690 1136 quasi
2722 1063 2826 1119 sub
2864 1062 3196 1136 quibusdam
3227 1063 3396 1118 armis
3437 1078 3494 1118 se
3524 1070 3734 1118 conte-

2119 1161 2274 1226 gunt,
2326 1170 2392 1209 ne
2443 1153 2503 1210 in
2551 1170 2648 1210 sua
2691 1152 2909 1209 malitia
2946 1169 2979 1208 a
3019 1151 3179 1208 nobis
3225 1151 3364 1208 nudi
3405 1151 3730 1208 videantur.

2120 1243 2332 1310 Quibus
2382 1245 2608 1299 armatis
2661 1242 2914 1300 hostibus
2963 1242 3022 1298 in
3075 1258 3368 1300 occursum
3423 1241 3731 1314 pergimus,

2120 1331 2341 1406 quando
2387 1349 2576 1389 eorum
2615 1333 2844 1388 insidias
2887 1333 3047 1405 longe
3089 1330 3480 1405 praevidemus.
3514 1331 3734 1388 Eﬂ’ossa

2121 1419 2290 1492 igitur
2317 1428 2484 1485 terra,
2515 1420 2740 1477 armatis
2779 1419 3032 1476 hostibus
3071 1419 3126 1475 in
3157 1437 3452 1483 occursum
3482 1435 3732 1493 pergere,

2120 1519 2222 1579 est,
2244 1510 2484 1567 edomita
2503 1512 2684 1568 carnis
2704 1512 2980 1584 superbia,
3001 1511 3159 1567 dolos
3181 1511 3597 1568 immundorum
3622 1511 3734 1582 spi-

2121 1599 2329 1656 rituum
2363 1599 2692 1656 mirabiliter
2732 1601 3038 1673 explorare.
3082 1601 3297 1657 Eﬁ'ossa
3325 1609 3471 1656 terra
3500 1601 3734 1658 armatis

2122 1688 2374 1746 hostibus
2415 1691 2472 1747 in
2515 1707 2808 1747 occursum
2853 1707 3096 1763 pergere,
3146 1699 3231 1748 est
3271 1691 3490 1747 devicta
3517 1691 3732 1748 carnali

407 1782 625 1838 narium
647 1780 770 1852 ejus
789 1787 966 1835 terror
985 1780 1211 1847 dicitur,
1235 1780 1365 1852 quia
1381 1780 1526 1835 inter
1545 1795 1696 1851 spem
1717 1787 1772 1834 et
1800 1787 2009 1834 metum
2045 1789 2092 1849 Β
2123 1780 2367 1852 nequitia
2395 1787 2587 1836 contra
2606 1780 2876 1852 spiritalia
2902 1781 3041 1837 vitia
3060 1789 3338 1838 certamen
3359 1781 3566 1838 subire.
3591 1782 3730 1838 Nam

409 1870 642 1943 positus,
674 1868 807 1924 dum
830 1868 1080 1924 futurum
1096 1867 1371 1940 judicium
1393 1876 1576 1924 mente
1595 1868 1888 1939 conspicit,
1907 1867 2014 1923 hoc

411 1961 591 2033 ipsum
622 1958 782 2014 timet
801 1957 948 2014 unde
969 1957 1256 2030 gloriatur.
1290 1959 1412 2028 Ipsa
1435 1959 1486 2013 ei
1515 1974 1614 2013 sua
1634 1957 1808 2030 gloria
1842 1965 2014 2013 terror

409 2057 512 2118 est,
529 2049 659 2122 quia
679 2047 952 2106 inchoatis
966 2047 1083 2120 jam
1104 2047 1286 2114 bonis,
1309 2064 1403 2120 spe
1423 2047 1490 2104 de
1501 2046 1716 2119 judicio
1738 2048 1894 2102 latus
1909 2057 2009 2114 est;

410 2147 465 2194 et
507 2136 744 2194 necdum
789 2137 964 2193 ﬁnitis
1009 2137 1269 2193 omnibus
1311 2135 1492 2204 malis,
1524 2135 1762 2208 perfecte
1791 2152 2015 2191 securus

411 2243 522 2283 non
551 2233 650 2282 est.
683 2225 790 2283 Sed
819 2227 962 2282 inter
999 2225 1118 2284 haec
1144 2225 1382 2282 sollicite
1409 2225 1479 2282 ad
1509 2234 1748 2282 mentem
1777 2223 2019 2281 reverti-

411 2323 520 2384 tur,
566 2323 620 2372 et
665 2315 932 2388 procellas
978 2323 1145 2372 tanta:
1190 2315 1509 2372 formidinis
1551 2331 1806 2384 renuens,
1851 2331 2015 2387 seque

412 2403 472 2460 in
499 2405 672 2461 solius
701 2405 849 2478 pacis
877 2405 1279 2478 tranquillitate
1301 2405 1616 2476 disponens,
1640 2404 1772 2459 totis
1803 2403 2017 2460 viribus

411 2510 444 2550 a
487 2493 742 2551 districto
775 2493 965 2566 judice
1007 2493 1252 2550 inveniri
1309 2493 1448 2549 liber
1493 2500 1744 2550 conatur.
1806 2492 2016 2548 Servile

413 2585 616 2656 quippe
657 2585 893 2640 aestimat
932 2583 1270 2642 dominicam
1300 2584 1646 2657 praesentiam
1675 2583 2012 2650 formidare;

412 2689 476 2730 ac
502 2689 573 2730 ne
618 2684 972 2745 conspectum
1015 2673 1187 2746 patris
1235 2681 1462 2742 metuat,
1494 2673 1591 2730 illa
1632 2673 1744 2744 agit
1771 2689 1867 2745 per
1895 2690 2016 2746 quae

413 2777 470 2818 se
523 2761 702 2818 ﬁlium
758 2772 1128 2836 recognoscat.
1189 2763 1365 2819 Discit
1420 2779 1548 2835 ergo
1598 2761 1843 2834 judicem
1901 2769 2019 2818 tota

412 2851 819 2923 exspectatione
867 2851 1114 2924 diligere,
1163 2860 1346 2924 atque,
1403 2859 1466 2908 ut
1510 2851 1586 2907 ita
1631 2850 1892 2919 dixerim,
1950 2850 2016 2908 ti-

413 2943 614 2998 mendo
644 2943 825 2999 renuit
844 2943 1060 2999 timere.
1095 2941 1240 3000 Oriri
1262 2949 1444 2998 autem
1474 2941 1627 2998 cordi
1657 2940 2014 2996 formidinem

413 3046 510 3102 pro
565 3031 771 3088 carnali
827 3033 1043 3089 actione
1101 3030 1430 3098 considerat,
1491 3037 1545 3086 et
1614 3029 1822 3087 idcirco
1888 3037 2015 3085 ante

2122 1869 2215 1941 qui
2253 1868 2436 1925 adhuc
2475 1886 2659 1925 secum
2697 1871 2974 1927 enerviter
3013 1881 3240 1944 pugnat,
3285 1871 3495 1928 frustra
3535 1877 3733 1928 contra

2123 1977 2178 2015 se
2207 1959 2350 2015 bella
2380 1967 2536 2015 extra
2566 1960 2746 2032 posita
2774 1959 3022 2016 suscitat.
3053 1961 3158 2028 Qui
3187 1961 3337 2016 enim
3367 1960 3728 2031 semetipsum

2123 2047 2434 2103 carnalibus
2461 2046 2737 2118 subjugat,
2769 2049 3049 2120 quomodo
3077 2049 3422 2120 spiritalibus
3452 2051 3612 2106 vitiis
3641 2066 3750 2134 re:

2124 2141 2290 2196 sultat
2313 2141 2341 2196 ?
2369 2142 2480 2196 Aut
2522 2141 2800 2212 quomodo
2830 2141 2898 2196 de
2932 2141 3117 2198 labore
3146 2142 3364 2198 externi
3405 2141 3733 2198 certaminis

2124 2229 2465 2302 triumphare
2521 2231 2746 2302 appetit,
2795 2231 2890 2304 qui
2943 2231 3124 2288 adhuc
3170 2231 3314 2304 apud
3370 2233 3731 2306 semetipsum

2126 2319 2426 2376 domestico
2452 2319 2701 2376 libidinis
2730 2319 2876 2376 bello
2903 2321 3234 2378 succumbit.

2199 2407 2338 2482 [Vet.
2370 2409 2598 2484 XXIX]
2642 2409 2727 2466 79.
2772 2410 2873 2468 Vel
2912 2419 3056 2468 certe
3097 2410 3324 2468 armatis
3379 2409 3641 2468 hostibus
3672 2412 3731 2466 in

2125 2523 2413 2563 occursum
2445 2507 2742 2580 pergimus,
2791 2507 3012 2580 quando
3041 2524 3137 2579 per
3164 2505 3573 2564 exhortationis
3601 2513 3735 2562 stu—

2125 2594 2280 2652 dium
2309 2612 2499 2653 eorum
2527 2596 2757 2652 insidias
2777 2605 2833 2654 et
2860 2597 2918 2653 in
2938 2597 3121 2654 alieno
3139 2597 3305 2654 corde
3330 2595 3727 2668 pravenimus.

2125 2687 2291 2755 Quasi
2319 2687 2467 2742 enim
2502 2691 2692 2748 1032
2721 2702 2790 2742 ex
2819 2686 2940 2743 loco
2969 2687 3028 2741 in
3057 2703 3167 2759 quo
3195 2685 3405 2742 fuimus
3435 2684 3506 2741 ad
3543 2684 3732 2740 locum

2125 2783 2295 2840 alium
2343 2783 2564 2840 obviam
2621 2783 2872 2840 hostibus
2927 2782 3202 2851 venimus,
3250 2781 3496 2856 quando,
3541 2787 3735 2836 nostra

2125 2890 2256 2931 cura
2308 2873 2559 2930 ordinate
2605 2875 2927 2946 postposita,
2970 2888 3249 2930 accessum
3309 2869 3730 2928 immundorum

2125 2963 2420 3035 spirituum
2473 2979 2505 3019 a
2555 2963 2796 3034 proximi
2839 2970 3021 3019 mente
3051 2962 3429 3034 prohibemus.
3481 2961 3640 3017 Unde
3669 2960 3734 3016 ﬁt

2125 3053 2449 3125 plerumque
2480 3060 2542 3108 ut
2571 3052 2756 3108 hostes
2786 3053 2976 3108 callidi
3004 3053 3236 3108 militem
3267 3052 3366 3108 Dei
3391 3051 3503 3123 jam
3535 3050 3606 3106 de
3635 3051 3735 3106 in-

411 3124 599 3180 οηιηίλ
643 3141 864 3214 “mem
921 3125 942 3159 ³
990 3124 1120 3180 forti
1169 3123 1516 3214 θάοωὸῐῖοηθ
1558 3123 1807 3214 castigat-
1861 3121 2016 3178 υηάθ
2049 3150 2094 3210 c
2123 3121 2326 3199 festino
2354 3121 2500 3199 bello
2530 3143 2797 3200 victorem
2826 3150 2984 3200 tanto
3014 3143 3080 3200 de
3100 3121 3731 3214 semetipsolterribilius

412 3221 698 3286 postquam
717 3213 927 3271 dictum
943 3221 1044 3271 est:
1073 3215 1264 3270 Gloria
1282 3213 1500 3269 narium
1517 3212 1632 3284 ejus
1653 3219 1846 3281 terror,
1870 3217 2014 3269 recte

410 3303 766 3376 subjungitur
792 3321 804 3358 :

922 3415 1150 3473 CAPUT
1181 3417 1494 3474 XXXVIII.

483 3532 657 3591 Vnus.
687 3532 776 3588 2i.
812 3559 877 3573 -
915 3533 1137 3589 Terram
1165 3533 1365 3603 ungula
1393 3531 1550 3603 fodit.

485 3657 571 3713 77.
617 3655 832 3728 Ungula
874 3671 1112 3728 namque
1164 3663 1364 3712 terram
1409 3654 1596 3710 fodere
1645 3661 1726 3710 est
1767 3652 2017 3710 districta

411 3745 744 3803 abstinentia
770 3761 990 3800 carnem
1039 3743 1316 3800 edomare.
1361 3743 1483 3812 Quo
1523 3749 1706 3800 autem
1737 3743 1860 3815 plus
1888 3759 2016 3800 caro

413 3836 698 3908 premitur,
730 3851 795 3892 eo
815 3833 880 3890 de
900 3835 1109 3892 caelesti
1131 3849 1223 3907 spe
1252 3833 1472 3890 animus
1499 3833 1746 3890 securius
1777 3833 2012 3892 laetatur.

417 3925 567 3982 Unde
613 3924 806 3982 effossa
847 3931 994 3980 terra
1039 3931 1162 3997 apte
1208 3922 1589 3980 subnectitur:
1636 3924 1894 3980 Exsultat
1920 3940 2016 3978 au-

368 4029 374 4038 ‘
411 4017 608 4073 dacter.
641 4015 782 4084 Quia
809 4015 958 4074 enim
987 4014 1234 4071 valenter
1263 4013 1517 4086 reprimit
1535 4013 1685 4087 quod
1705 4013 2013 4086 impugnat,

409 4105 668 4164 audacter
695 4106 934 4164 exsultat
957 4106 1025 4163 de
1054 4106 1143 4163 his
1173 4123 1294 4180 quae
1321 4107 1380 4162 in
1411 4113 1618 4162 aeterna
1645 4121 1776 4179 pace
1805 4103 2013 4162 deside-

411 4213 530 4271 rat;
574 4211 836 4278 tantoque
879 4220 1037 4260 mens
1084 4204 1284 4260 melius
1328 4202 1398 4260 ad
1439 4219 1677 4276 superna
1711 4201 2016 4276 appetenda

410 4299 782 4366 componitur,
801 4301 1008 4367 quanto
1026 4293 1096 4350 ab
1118 4292 1339 4350 illicitis
1353 4293 1560 4350 arctius
1582 4309 1784 4366 corpus
1796 4292 2014 4348 edoma-

413 4392 520 4441 tur.
552 4385 706 4442 Unde
735 4392 880 4442 recte
929 4401 1024 4457 per
1059 4385 1414 4440 Salomonem
1442 4383 1688 4440 dicitur:
1724 4383 2016 4458 Diligenter

408 4494 589 4533 exerce
615 4494 806 4550 agrum
854 4482 1020 4544 tuum,
1065 4481 1123 4529 ut
1153 4481 1336 4547 postea
1371 4475 1592 4546 aediﬁces
1625 4474 1837 4530 domum
1868 4480 2014 4531 tuam

414 4567 601 4640 (Prov.
649 4583 810 4633 xxiv,
840 4566 957 4635 27).
1008 4565 1108 4622 Ille
1152 4565 1354 4638 quippe
1381 4565 1522 4624 bene
1553 4565 1754 4622 mentis
1784 4564 2013 4622 domum

410 4656 664 4726 adiﬁcat,
695 4657 792 4730 qui
821 4654 975 4728 prius
1000 4671 1191 4727 agrum
1213 4655 1457 4728 corporis
1480 4671 1512 4712 a
1541 4654 1714 4727 spinis
1744 4654 2010 4712 vitiorum

409 4754 626 4821 purgat,
670 4763 738 4802 ne
779 4747 826 4803 si
872 4745 1272 4802 desideriorum
1319 4752 1498 4802 sentes
1552 4745 1609 4801 in
1658 4745 1839 4802 carnis
1881 4761 2010 4817 agro

408 4837 720 4912 proﬁciant,
767 4837 920 4892 intus
962 4843 1076 4892 tota
1119 4834 1390 4891 virtutum
1436 4833 1646 4891 fabrica
1690 4833 1834 4889 fame
1875 4833 2009 4889 boni

409 4927 589 5000 operis
627 4934 903 4985 crescente
943 4925 1274 4983 destruatur.
1305 4925 1368 4980 In
1413 4924 1532 4998 ipso
1564 4931 1748 4980 autem
1779 4923 2009 4996 quisque

407 5015 538 5074 belli
594 5017 893 5076 certamine
945 5016 1180 5090 positus,
1236 5020 1394 5070 tanto
1440 5012 1702 5068 subtilius
1755 5011 2008 5068 fraudem

409 5104 650 5165 hostium
677 5107 972 5181 conspicit,
1002 5113 1210 5180 quanto
1240 5113 1293 5160 et
1322 5102 1630 5159 districtius
1659 5118 1858 5174 corpus
1888 5118 2006 5174 pro-

408 5197 589 5269 prium
619 5197 775 5271 quasi
823 5194 1120 5271 quemdam
1165 5193 1412 5250 hostium
1450 5191 1758 5265 adjutorem
1787 5191 2007 5264 premit.

410 5285 562 5342 Unde
609 5294 665 5342 et
703 5294 826 5359 post
873 5285 1268 5344 contritionem
1311 5281 1579 5357 corporis,
1608 5289 1732 5356 post
1759 5281 2010 5340 lmtitiam

409 5374 592 5431 cordis
618 5381 765 5431 recte
795 5373 1192 5449 subjungitur:

486 5554 502 5590 ¹
547 5552 798 5612 Fortasse
844 5554 1042 5611 melius
1088 5555 1149 5612 in
1186 5554 1410 5624 Pratel.,
1457 5571 1522 5610 ea:
1567 5553 1809 5625 reliquis,
1854 5561 1909 5610 et
1949 5552 2008 5609 in

411 5626 619 5698 Germ,
652 5643 718 5681 ea:
755 5626 979 5698 reliquo.
1020 5627 1228 5698 verum
1266 5643 1390 5698 cum
1423 5627 1482 5682 in
1517 5625 1641 5682 aliis
1685 5627 1914 5698 legatur,
1943 5643 2010 5680 ex

411 5695 682 5770 reliquiis,
697 5695 845 5770 quod
872 5695 1038 5770 etiam
1053 5697 1267 5770 habent
1293 5697 1444 5754 Editi
1473 5713 1685 5767 omnes,
1716 5695 1860 5754 nihil
1889 5713 2010 5754 mu-

411 5767 636 5848 tandum
671 5767 731 5826 iri
759 5775 918 5826 textu
940 5767 1334 5840 judicavimus.

2048 4513 2098 4573 D

2121 3239 2356 3301 tentent,
2387 3241 2592 3306 quanto
2622 3232 2783 3288 illum
2827 3240 3019 3290 contra
3064 3249 3121 3289 se
3165 3239 3222 3288 et
3267 3232 3325 3287 in
3353 3232 3536 3287 alieno
3562 3230 3733 3288 corde

2122 3325 2416 3396 praevalere
2437 3322 2655 3380 fortiter
2683 3323 2913 3390 vident;
2947 3330 3010 3378 ut
3040 3322 3172 3379 dum
3204 3322 3364 3378 illum
3396 3320 3463 3378 ad
3485 3338 3543 3378 se
3573 3331 3736 3377 tuen-

2123 3413 2256 3470 dum
2286 3420 2567 3482 revocant,
2610 3413 2791 3468 aliena
2831 3410 2998 3468 corda
3035 3411 3264 3468 liberius
3305 3427 3426 3485 qua;
3454 3411 3737 3468 exhorta-

2123 3502 2274 3558 tione
2302 3500 2420 3573 ejus
2441 3501 2867 3574 protegebantur
2891 3499 3176 3556 invadant.
3208 3499 3460 3574 Cumque
3485 3515 3616 3557 eum
3646 3516 3734 3556 su-

2124 3607 2311 3665 perare
2341 3607 2454 3647 non
2484 3591 2713 3663 possint,
2746 3592 2940 3647 saltem
2964 3606 3231 3665 occupare
3260 3597 3570 3658 conantur;
3601 3607 3734 3664 qua-

2123 3690 2283 3740 tenus
2306 3682 2439 3738 dum
2479 3681 2636 3738 miles
2683 3681 2782 3739 Dei
2818 3680 2886 3738 de
2925 3680 3220 3752 semetipso
3249 3681 3588 3748 concutitur,
3620 3696 3734 3736 non

2123 3769 2260 3842 ipse,
2291 3768 2386 3826 sed
2417 3770 2462 3826 is
2491 3785 2653 3842 quem
2683 3767 2975 3826 defendere
3005 3776 3369 3826 consueverat
3398 3769 3731 3842 perimatur.

2123 3858 2229 3915 Sed
2259 3875 2414 3916 mens
2459 3857 2517 3914 in
2558 3859 2734 3915 Deum
2779 3857 3140 3915 immobiliter
3167 3858 3280 3914 ﬁxa
3304 3860 3326 3894 ³
3357 3858 3733 3915 tentationum

2123 3949 2334 4021 spicula
2371 3947 2624 4021 despicit,
2661 3964 2762 4005 nec
2793 3947 3092 4021 cujuslibet
3118 3947 3345 4006 terroris
3367 3947 3557 4020 jacula
3599 3965 3736 4021 per-

2123 4037 2382 4095 timescit.
2432 4038 2692 4108 Superna
2734 4037 2884 4094 enim
2931 4038 3117 4111 gratiae
3165 4038 3339 4095 fretus
3367 4038 3606 4107 auxilio,
3655 4037 3736 4095 sic

2124 4126 2354 4182 vulnera
2398 4125 2738 4183 inﬁrmitatis
2785 4143 2896 4184 suae
2937 4136 3116 4197 curat,
3160 4134 3225 4184 ut
3270 4128 3451 4185 aliena
3496 4143 3614 4184 non
3641 4126 3736 4184 de-

2123 4224 2284 4273 serat.
2319 4213 2472 4272 Unde
2501 4222 2556 4270 et
2583 4214 2722 4272 bene
2749 4216 2816 4272 de
2843 4215 2949 4274 hoc
2976 4233 3118 4290 equo
3146 4215 3505 4289 subjungitur
3529 4235 3542 4273 :

2726 4357 2955 4418 CAPUT
2999 4361 3117 4420 XL.

2195 4449 2366 4509 Vnus.
2395 4449 2485 4508 22.
2516 4480 2587 4492 —
2619 4448 2915 4508 Contemnit
2939 4468 3212 4522 pavorem,
3243 4467 3335 4506 nec
3365 4447 3499 4506 cedit
3526 4451 3733 4523 gladio.

2193 4540 2283 4598 80.
2314 4539 2492 4598 Minas
2539 4539 2700 4595 hostis
2733 4547 3067 4594 contemnunt
3107 4538 3428 4596 inchoantes.
3477 4573 3551 4584 —
3580 4541 3734 4600 Con-

2121 4629 2320 4687 temnit
2349 4645 2630 4702 pavorem,
2659 4626 2790 4702 quia
2833 4628 3043 4686 nullius
3073 4628 3400 4686 tentationis
3426 4629 3737 4689 formidine

2120 4719 2190 4778 ad
2235 4719 2341 4778 hoc
2383 4734 2555 4792 usque
2600 4725 2839 4776 terretur
2871 4724 2931 4774 ut
2961 4725 3156 4776 taceat.
3202 4719 3314 4776 Nec
3343 4718 3491 4776 cedit
3520 4719 3733 4792 gladio,

2121 4811 2250 4887 quia
2278 4812 2378 4868 etsi
2409 4810 2655 4867 violenta
2683 4810 2842 4866 illum
2870 4809 3102 4866 tentatio
3130 4811 3390 4884 percutit,
3421 4828 3454 4868 a
3481 4828 3618 4868 cura
3653 4819 3733 4869 ta-

2121 4917 2246 4958 men
2277 4900 2517 4974 proximi
2539 4915 2651 4957 non
2673 4901 2909 4972 repellit.
2935 4899 3088 4957 Unde
3109 4907 3164 4956 et
3182 4900 3384 4958 Paulus
3403 4902 3732 4975 exemplum

2118 4991 2280 5048 nobis
2309 4991 2531 5048 invictae
2573 4990 3010 5047 conversationis
3057 4988 3369 5057 insinuans,
3399 4997 3452 5048 et
3489 5008 3634 5065 quos
3663 4991 3734 5048 ab

2119 5079 2275 5138 hoste
2324 5080 2533 5153 gladios
2575 5080 2840 5154 suscipiat
2883 5079 3044 5149 dicit,
3089 5088 3144 5136 et
3195 5080 3474 5154 quomodo
3516 5082 3732 5138 eisdem

2121 5171 2320 5244 gladiis
2347 5188 2458 5228 non
2489 5170 2646 5228 cedat
2674 5169 2934 5226 ostendit.
2967 5169 3134 5232 Omni
3165 5169 3313 5226 enim
3338 5169 3453 5242 jam
3487 5169 3733 5229 carnalis

2120 5263 2300 5336 operis
2328 5279 2511 5337 pugna
2549 5269 2822 5336 superata,
2853 5261 3092 5320 carnalis
3121 5261 3445 5320 tentationis
3475 5262 3732 5335 gladium

2119 5352 2188 5411 ab
2216 5352 2373 5411 hoste
2398 5361 2728 5426 susceperat,
2760 5352 2856 5427 qui
2885 5351 3141 5411 dicebat:
3182 5352 3339 5412 Video
3365 5352 3539 5409 aliam
3571 5354 3732 5428 legem

2188 5549 2211 5585 ²
2241 5549 2361 5604 Val.
2387 5545 2470 5606 Cl.
2505 5555 2559 5604 et
2585 5547 2785 5616 Laud.,
2817 5542 2953 5617 forti
2981 5545 3360 5606 dominatione.

2188 5623 2210 5656 ³
2241 5617 2394 5677 Editi
2423 5629 2626 5676 recent.
2671 5620 3037 5693 cumgGerm”
3072 5622 3420 5675 tentationum
3447 5618 3726 5693 impetum.

2116 5693 2391 5750 Cessimus
2414 5693 2542 5748 Mss.
2570 5691 2916 5748 multitudini
2937 5693 3160 5764 spicula,
3184 5707 3294 5748 non
3317 5691 3591 5765 impetum,
3623 5694 3722 5751 ha-

2114 5765 2389 5822 bentium.
