3936 6380
107 415 196 473 617
815 409 1187 470 MORALIUM
1226 411 1360 469 LIB.
1405 412 1612 468 XXXI.
1659 441 1722 454 —
1764 410 1834 469 IN
1876 406 2106 468 CAPUT
2145 411 2388 469 XXXIX
2426 413 2486 468 Β.
2529 414 2672 469 JOB.

3295 407 3402 470 6l8

106 542 157 595 in
190 538 431 595 membris
467 538 595 594 meis
621 545 995 611 repugnantem
1045 539 1141 611 legi
1186 540 1371 594 mentis
1407 557 1549 608 mete,
1585 541 1602 575 ¹
1645 545 1694 592 et
1720 540 1767 599 Α
1797 553 1894 609 per
1922 539 2151 594 insidias
2206 538 2442 611 impetit,
2473 536 2695 611 quando
2724 539 2773 593 ei
2828 537 3002 596 hostis
3030 540 3266 598 callidus
3297 540 3407 598 sub

105 629 352 702 captivum
394 645 476 682 me
516 627 779 682 ducentem
829 627 886 680 in
946 628 1050 696 lege
1090 627 1310 698 peccati,
1366 645 1482 698 quae
1524 633 1598 682 est
1640 629 1697 683 in

108 717 332 775 membris
388 715 512 771 meis
570 715 747 786 (Rom.
793 731 898 780 vu,
953 713 1068 784 23).
1138 714 1244 769 Sed
1288 714 1464 770 eidem
1516 715 1698 788 gladio

106 823 252 881 quem
283 805 340 860 in
369 820 426 860 se
453 803 658 860 vicerat
685 803 852 859 etiam
904 802 962 858 iu
993 803 1120 858 aliis
1152 819 1262 859 non
1291 803 1536 872 cedebat,
1571 821 1697 860 cum

107 893 334 968 profecto
369 892 640 965 proximis
695 891 904 948 diceret
937 908 948 946 :
1000 891 1120 946 Non
1150 899 1326 963 regnet
1348 899 1616 964 peccatum
1645 893 1701 948 in

106 991 260 1040 vestro
285 982 502 1037 mortali
529 999 748 1054 corpore
796 982 869 1037 ad
915 983 1257 1038 obedien—dum
1285 984 1559 1039 desideriis
1589 983 1702 1052 ejus

109 1077 266 1148 (Rom.
290 1091 371 1140 v1,
403 1074 517 1147 l2).
536 1076 607 1129 Et
637 1089 890 1129 rursum:
925 1071 1240 1143 Mortificate
1267 1073 1500 1128 membra
1529 1079 1703 1128 vestra

105 1183 209 1237 quae
221 1171 340 1220 sunt
352 1181 513 1236 super
528 1171 748 1232 terram,
765 1163 1191 1233 fornicationem,
1211 1162 1620 1230 immunditiam,
1642 1163 1701 1218 li-

106 1255 333 1319 bidinem,
348 1253 820 1324 concupiscentiam
830 1253 1026 1308 malam
1047 1252 1278 1322 (Coloss.
1299 1269 1381 1318 ιιι,
1401 1252 1482 1323 5).
1503 1253 1704 1308 Gravis

107 1350 250 1405 illum
275 1345 645 1402 tentationum
696 1344 913 1417 gladius
960 1343 1210 1411 feriebat,
1243 1343 1311 1399 de
1346 1345 1551 1418 quibus
1588 1345 1704 1416 ipse

105 1439 205 1495 ait:
237 1438 300 1493 In
321 1437 592 1492 laboribus
607 1435 884 1506 plurimis,
914 1435 970 1488 in
999 1433 1299 1488 carceribus
1319 1435 1700 1512 abundantius,

105 1532 152 1584 in
165 1530 332 1602 plagis
345 1544 517 1599 supra
534 1527 826 1595 modum,in
842 1526 1098 1581 mortibus
1112 1525 1144 1595 f
1143 1543 1228 1596 req
1237 1528 1486 1582 uenter.A
1505 1527 1704 1582 Iudaeis

105 1617 367 1690 quinquies
394 1617 769 1688 quadragenas
800 1632 908 1670 una
950 1616 1124 1670 minus
1167 1615 1384 1686 accepi;
1433 1621 1508 1669 ter
1539 1616 1705 1687 virgis

107 1723 252 1762 casus
277 1723 410 1773 sum,
451 1707 610 1760 semel
641 1705 910 1776 lapidatus
939 1721 1078 1769 sum,
1104 1710 1180 1758 ter
1206 1703 1555 1776 naufragium
1581 1705 1704 1774 feci,

106 1804 236 1852 nocte
262 1803 309 1851 et
334 1797 417 1851 die
436 1795 498 1850 in
520 1795 795 1868 profundo
817 1794 984 1850 maris
1005 1793 1090 1864 fui
1113 1795 1202 1865 (II
1220 1794 1345 1850 Cor.
1379 1811 1457 1862 χι,
1488 1795 1701 1868 23-25),

1806 627 2011 682 virtute
2067 628 2267 684 vitium
2325 627 2630 683 abscondit.
2694 627 2858 683 Hasta
2908 635 3089 684 autem
3150 630 3404 687 éominus

1807 718 2079 785 vulnerat,
2125 733 2251 774 cum
2300 717 2592 772 manifesta
2638 716 2886 790 nequitia
2927 718 3093 774 etiam
3134 719 3403 776 scientem

1807 815 2000 863 tentat.

1880 897 1967 954 82.
2001 897 2151 970 Saepe
2184 913 2311 952 vero
2341 895 2546 953 caelesti
2579 896 2744 952 militi
2776 913 2888 954 uno
2919 896 3218 971 eodemque
3259 904 3410 954 tem-

1810 1004 1937 1060 pore
1968 994 2263 1060 utrumque
2287 986 2353 1042 ab
2385 987 2538 1042 hoste
2561 985 2843 1057 objicitur,
2875 995 2937 1042 ut
2963 987 3020 1043 in
3037 988 3282 1060 qualibet
3301 1004 3411 1043 una

1812 1076 2159 1148 percussione
2190 1076 2508 1146 perimatur.
2541 1076 2776 1131 Dolosus
2794 1092 3032 1150 namque
3061 1077 3411 1134 adversarius

1810 1167 1973 1222 simul
2007 1167 2170 1221 ferire
2200 1166 2419 1234 nititur,
2450 1173 2503 1220 et
2524 1173 2708 1237 aperte
2732 1166 2985 1235 srevieus,
3006 1175 3060 1222 et
3092 1167 3149 1222 in
3188 1165 3412 1223 insidiis

1812 1258 2004 1325 latens,
2038 1260 2058 1292 ³
2093 1265 2152 1312 ut
2179 1257 2310 1312 dum
2329 1256 2394 1312 de
2423 1259 2640 1312 occulto
2671 1258 2868 1329 sagitta
2907 1259 3194 1327 metuitur,
3227 1259 3412 1314 minus

1811 1355 1935 1402 ante
1982 1347 2176 1402 faciem
2234 1345 2390 1400 hasta
2419 1345 2677 1401 timeatur
2709 1364 2722 1412 ;
2758 1348 2844 1401 vel
2876 1347 3008 1402 dum
3056 1357 3182 1403 ante
3214 1347 3410 1404 faciem

1811 1437 1980 1494 hasta:
2007 1436 2298 1503 resistitur,
2332 1451 2673 1508 nequaquam
2704 1453 2773 1491 ex
2819 1439 3036 1493 occulto
3077 1437 3305 1493 veniens
3332 1455 3413 1492 sa-

1813 1527 1948 1599 gitta
1976 1526 2248 1581 videatur.
2282 1525 2432 1596 Saepe
2461 1525 2608 1580 enim
2640 1526 3001 1581 tentationem
3035 1527 3295 1598 proponit
3333 1527 3413 1582 li-

1812 1617 2040 1685 bidinis,
2071 1623 2123 1671 et
2153 1615 2336 1670 subito
2386 1614 2790 1671 fraudulentius
2833 1633 3072 1685 cessans,
3115 1619 3411 1674 elationem

1811 1706 2052 1778 suggerit
2079 1705 2145 1761 de
2177 1712 2389 1760 servata
2425 1706 2696 1760 castitate.
2742 1705 2814 1760 Et
2858 1714 2986 1761 sunt
3029 1708 3285 1764 nonnulli
3318 1710 3414 1784 qui

1811 1795 1943 1852 dum
1977 1795 2178 1850 inultos
2217 1810 2286 1848 ex
2315 1793 2588 1848 castitatis
2632 1809 2755 1848 arce
2791 1792 2846 1848 in
2895 1794 3150 1850 elationis
3199 1797 3413 1862 foveam

107 1897 154 1942 et
180 1893 388 1953 caetera,
420 1902 546 1958 qua
578 1886 692 1958 ipse
721 1886 957 1941 tolerare
988 1886 1190 1956 potuit,
1230 1893 1284 1940 et
1336 1900 1436 1939 nos
1465 1900 1704 1939 enume-
1736 1899 1783 1959 Β
1811 1882 2073 1940 cecidisse
2103 1880 2472 1951 conspiciunt,
2508 1880 2635 1935 vitae
2667 1896 2778 1935 sum
2800 1881 3108 1938 custodiam
3139 1885 3416 1956 negligen-

108 1995 215 2034 rare
241 1980 528 2035 lassamur.
550 1978 654 2034 Sed
675 1977 957 2052 quomodo
973 1976 1149 2033 eidem
1174 1976 1354 2048 gladio
1375 1975 1432 2032 in
1454 1977 1695 2048 proximi

108 2069 382 2125 dilectione
431 2084 547 2124 non
590 2067 765 2136 cedat,
816 2076 938 2140 post
979 2067 1154 2122 multa
1201 2065 1315 2138 ipse
1362 2065 1691 2138 subjungit:

108 2159 294 2214 Praeter
320 2159 420 2213 illa
451 2174 571 2228 qua:
589 2157 914 2212 extrinsecus
942 2161 1084 2224 sunt,
1116 2155 1369 2210 instantia
1397 2173 1507 2211 mea
1529 2156 1697 2226 quoti-

109 2247 276 2312 diana,
305 2246 614 2302 sollicitudo
657 2246 892 2301 omnium
931 2245 1291 2301 Ecclesiarum
1331 2244 1529 2316 (Ibid.,
1577 2244 1694 2316 28).

109 2335 280 2406 Equus
307 2349 436 2405 ergo
465 2333 565 2389 Dei
589 2333 771 2406 gladio
795 2333 1123 2406 percutitur,
1154 2348 1255 2389 nec
1277 2341 1459 2388 tamen
1482 2349 1698 2405 percus-

110 2424 248 2480 sione
275 2423 465 2480 eadem
496 2439 529 2478 a
551 2439 715 2480 cursu
744 2422 1088 2496 prohibetur,
1120 2423 1252 2478 dum
1279 2421 1439 2477 fortis
1467 2421 1698 2494 spirita—

112 2513 170 2568 lis
193 2512 512 2569 certaminis
541 2511 702 2567 miles
730 2519 785 2568 et
816 2511 930 2583 ipse
974 2513 1206 2566 vulnera
1233 2510 1300 2566 ab
1329 2511 1486 2566 hoste
1515 2510 1702 2566 susci—

79 2625 86 2635 -
112 2603 201 2674 pit,
228 2609 280 2657 et
307 2611 494 2659 tamen
525 2601 593 2658 ad
621 2602 852 2657 salutem
885 2601 1023 2656 alios
1042 2599 1281 2672 stringit.
1306 2599 1411 2656 Sed
1435 2616 1561 2672 erga
1591 2608 1700 2655 tam

113 2691 294 2748 durum
324 2691 568 2749 ccelestis
597 2691 793 2746 militis
837 2697 1026 2762 pectus
1056 2690 1318 2764 antiquus
1345 2689 1521 2745 hostis
1550 2697 1704 2745 tanto

113 2782 340 2838 acutiora
379 2781 596 2852 spicula
643 2779 936 2852 perquirit,
987 2787 1196 2851 quanto
1251 2796 1308 2835 se
1350 2781 1557 2852 despici
1603 2797 1704 2836 ro-

114 2868 313 2929 bustius
337 2869 636 2942 conspicit.
682 2868 840 2924 Unde
871 2877 923 2924 et
953 2868 1204 2941 sequitur
1229 2887 1240 2924 :

490 3013 718 3071 CAPUT
763 3015 887 3072 XLI
942 3015 1082 3090 [Vet.
1118 3014 1314 3089 XXX].

175 3125 338 3183 Vnus.
363 3121 454 3180 23.
486 3152 554 3163 —
579 3123 748 3194 Super
771 3123 942 3195 ipsum
962 3124 1170 3180 sonabit
1183 3125 1464 3197 pharetra,
1480 3125 1712 3181 vibrabit

119 3219 256 3275 hasta
282 3225 330 3274 et
355 3219 588 3290 clypeus.

177 3309 259 3365 81.
292 3310 438 3380 Swpe
472 3307 566 3379 qui
591 3308 717 3363 aliis
749 3309 981 3381 regendis
1007 3317 1266 3382 praesunt,
1307 3313 1644 3383 gravioribus
1673 3332 1707 3369 a

121 3397 316 3454 diabolo
365 3396 740 3453 tentationibus
805 3407 1142 3454 exercentur:
1187 3402 1340 3456 modo
1387 3409 1575 3474 aperta
1634 3402 1706 3467 vi,

118 3487 255 3542 modo
281 3486 476 3557 fraude
516 3493 564 3541 et
590 3487 733 3556 dolo,
769 3487 1061 3559 aliquando
1090 3489 1143 3544 vi
1188 3491 1348 3546 simul
1383 3496 1431 3546 et
1471 3491 1613 3547 dolo.
1640 3521 1707 3533 -

121 3575 246 3642 Quia
289 3576 434 3632 enim
482 3575 635 3631 videt
667 3585 867 3633 sancta:
916 3578 1118 3634 mentis
1155 3578 1400 3635 studium
1431 3589 1624 3637 contra
1654 3599 1710 3639 se

120 3671 168 3720 et
189 3665 305 3722 aliis
334 3665 612 3738 prodesse,
644 3667 1010 3738 multiplicata
1030 3667 1174 3724 hanc
1189 3671 1385 3742 satagit
1406 3672 1710 3728 tentatione

124 3752 143 3786 ³
167 3753 467 3810 confodere.
505 3753 661 3810 Unde
689 3771 833 3826 saepe
877 3757 1151 3828 contingit
1180 3765 1242 3813 ut
1289 3757 1346 3814 hi
1382 3759 1476 3832 qui
1509 3776 1712 3832 regen-

123 3839 197 3898 dis
216 3842 335 3901 aliis
363 3850 612 3916 praesunt
641 3844 1007 3902 tentatiouum
1029 3849 1332 3904 certamina
1362 3849 1593 3906 fortiora
1622 3868 1709 3923 pa-

125 3931 334 4005 tiantur,
365 3945 642 4011 quatenus
675 3936 1043 4008 corporalium
1084 3954 1234 3994 more
1270 3938 1541 3996 bellorum
1577 3942 1707 3998 dum

123 4019 226 4078 dux
267 4025 378 4098 ipse
425 4026 497 4083 ad
547 4025 732 4099 fugam
777 4027 1035 4097 vertitur,
1083 4029 1389 4086 resistentis
1435 4031 1711 4089 exercitus

124 4114 410 4187 constipata
437 4116 783 4172 unanimitas
804 4117 921 4172 sine
953 4117 1138 4174 labore
1172 4124 1362 4181 1033
1390 4119 1707 4192 dissipetur.

129 4205 297 4269 Hostis
326 4214 512 4289 itaque
541 4214 777 4271 callidus
815 4224 1005 4273 contra
1045 4218 1318 4275 caelestem
1350 4219 1585 4276 militem
1614 4219 1714 4276 di-

126 4311 267 4357 versa
304 4304 724 4376 percussionum
771 4306 1003 4362 vulnera
1053 4309 1369 4380 exquirens,
1422 4308 1586 4365 modo
1641 4325 1711 4366 ex

128 4387 363 4460 pharetra
400 4411 498 4468 per
530 4393 764 4451 insidias
799 4411 924 4451 eum
973 4396 1169 4469 sagitta
1218 4397 1494 4466 vulnerat,
1546 4399 1713 4456 modo

129 4488 240 4538 ante
279 4482 394 4554 ejus
419 4486 619 4544 faciem
651 4485 868 4542 hostem
901 4486 1102 4555 vibrat,
1136 4488 1264 4560 quia
1292 4489 1551 4548 videlicet
1576 4491 1715 4548 vitia

132 4576 179 4624 et
202 4571 303 4630 alia
326 4575 426 4632 sub
453 4577 732 4633 virtutum
762 4577 941 4649 specie
970 4578 1235 4649 contegit,
1267 4587 1321 4634 et
1347 4580 1455 4636 alia
1493 4588 1552 4637 ut
1579 4590 1709 4639 sunt
1744 4617 1793 4676 D

132 4669 299 4730 aperta
324 4664 438 4736 ejus
484 4665 665 4722 oculis
693 4666 940 4738 opponit.
997 4666 1099 4723 Ubi
1130 4667 1276 4724 enim
1308 4669 1575 4728 inﬁrmari
1608 4675 1706 4735 Dei

135 4747 346 4835 militem
362 4754 654 4828 conspicit,
675 4755 792 4811 illic
808 4753 1019 4811 fraudis
1036 4755 1313 4812 velamina
1329 4773 1439 4814 non
1457 4764 1714 4835 requirit.

135 4833 227 4894 Ubi
255 4851 427 4899 autem
451 4844 560 4901 sibi
592 4843 844 4900 resistere
867 4845 1066 4901 fortem
1088 4846 1422 4918 considerat,
1454 4833 1572 4908 illic
1590 4871 1716 4911 con-

135 4931 211 4982 tra
234 4929 372 4988 vires
395 4934 588 5006 procul
615 4933 786 4991 dubio
818 4934 975 4991 dolos
1006 4942 1178 5006 parat.
1216 4937 1351 4992 Nam
1393 4955 1519 4996 cum
1550 4940 1718 4999 inﬁr-

138 5029 272 5072 mum
302 5023 610 5096 quempiam
638 5023 696 5079 iu
713 5024 894 5080 carnis
916 5023 1174 5081 illecebra
1194 5024 1364 5094 videt,
1397 5037 1581 5100 aperte
1602 5049 1718 5103 spe-

139 5103 265 5162 ciem
294 5113 534 5184 corporis
563 5129 686 5186 quae
716 5113 1031 5187 concupisci
1073 5114 1253 5170 valeat
1281 5113 1400 5186 ejus
1430 5117 1718 5178 obtutibus

138 5191 332 5265 objicit.
374 5201 428 5257 Si
458 5211 639 5259 autem
673 5203 902 5260 fortasse
931 5203 1181 5260 validum
1206 5213 1399 5261 contra
1427 5208 1717 5266 avaritiam

138 5283 315 5355 cernit,
347 5288 656 5362 importune
685 5291 803 5364 ejus
829 5293 1256 5364 cogitationibus
1290 5293 1721 5355 domesticorum

139 5383 345 5459 suorum
374 5377 612 5451 inopiam
636 5382 899 5454 suggerit,
931 5389 992 5437 ut
1020 5381 1152 5438 dum
1180 5400 1335 5440 mens
1363 5385 1432 5441 ad
1453 5386 1724 5459 provisio-

141 5458 218 5514 nis
243 5477 422 5524 curam
454 5471 605 5542 quasi
635 5473 724 5544 pie
753 5473 1014 5542 ﬂectitur,
1062 5473 1286 5532 seducta
1314 5476 1508 5533 furtim
1540 5478 1600 5534 in
1629 5492 1726 5534 re—

141 5559 252 5606 rum
280 5554 486 5613 ambitu
505 5558 694 5633 inique
722 5561 988 5635 rapiatur.
1016 5563 1236 5638 Equum
1265 5581 1394 5638 ergo
1409 5567 1509 5624 Dei
1529 5567 1728 5640 sagitta

201 5730 496 5821 ‘U‘Vindoc,
539 5740 735 5812 Laud.,
771 5742 894 5801 Val.
943 5741 1055 5814 Cl.,
1085 5742 1195 5801 duo
1237 5745 1446 5818 Germ.,
1479 5753 1527 5805 et
1555 5748 1728 5821 capti-

141 5810 332 5861 vantem
349 5825 445 5864 me.

202 5873 224 5907 ¹
249 5875 368 5935 Duo
394 5879 586 5939 Germ.
617 5894 672 5942 et
700 5887 929 5956 Turon.,
961 5887 1297 5959 confundere.

413 5979 658 6046 Paruoa.
692 5984 944 6044 LXXVI.

1811 1984 1911 2042 tes,
1963 1974 2019 2028 in
2067 1970 2479 2026 immunditiam
2516 1969 2770 2026 libidinis
2809 1969 3225 2044 demerguntur.
3269 1975 3412 2030 Sunt

1805 2080 1935 2119 vera
1959 2079 1988 2117 e
2017 2061 2238 2116 diverso
2286 2060 2542 2115 nonnulli
2589 2059 2682 2132 qui
2713 2059 2845 2116 dum
2877 2060 3128 2118 libidinis
3160 2062 3420 2119 immun-

1805 2153 1999 2210 ditiam
2032 2151 2271 2222 fugiunt,
2306 2165 2403 2221 per
2429 2149 2702 2205 castitatis
2748 2151 2970 2206 culmen
3010 2151 3067 2206 in
3098 2154 3416 2226 voraginem

1807 2242 2062 2300 elationis
2092 2249 2280 2296 ruunt.
2313 2240 2477 2308 Quasi
2528 2257 2656 2312 ergo
2688 2248 2871 2312 aperte
2900 2241 3104 2298 feriens
3132 2241 3290 2300 hasta
3336 2250 3420 2302 est

1807 2331 2064 2404 culpa-de
2089 2330 2250 2399 vitio,
2277 2338 2330 2386 et
2351 2329 2505 2402 quasi
2535 2345 2604 2384 ex
2634 2331 2852 2387 occulto
2873 2332 3171 2389 vulnerans
3191 2333 3258 2390 de
3286 2334 3426 2406 pha-

1811 2431 1954 2478 retra
1996 2421 2193 2492 sagitta
2222 2428 2304 2475 est
2331 2420 2494 2491 culpa
2530 2419 2596 2474 de
2627 2420 2854 2475 virtute.
2898 2420 3000 2476 Sed
3031 2437 3204 2494 equus
3237 2426 3335 2480 Dei
3367 2434 3421 2481 et

1811 2519 1935 2566 ante
1966 2509 2156 2565 faciem
2187 2509 2400 2564 hastam
2429 2517 2648 2580 superat
2677 2525 2802 2564 cum
2828 2509 3116 2566 libidinem
3138 2512 3332 2580 calcat,
3365 2523 3424 2571 et

1812 2616 1844 2654 a
1873 2601 2040 2656 latere
2061 2599 2312 2670 sagittam
2330 2597 2708 2669 circumspicit
2727 2613 2853 2654 cum
2879 2597 2937 2652 in
2967 2600 3237 2660 castitatis
3258 2617 3420 2657 mun-

1813 2687 1952 2743 ditia
1990 2703 2046 2742 se
2093 2686 2161 2741 ab
2209 2687 2444 2742 elatione
2486 2685 2747 2741 custodit.
2802 2685 2958 2742 Unde
2997 2695 3050 2743 et
3094 2688 3234 2745 bene
3278 2690 3423 2745 inter

1816 2787 2045 2849 utraque
2067 2776 2299 2831 certanti
2329 2793 2423 2848 per
2464 2777 2815 2832 Salomonem
2854 2775 3069 2833 dicitur
3102 2795 3114 2833 :
3163 2779 3424 2835 Dominus

1816 2867 1917 2922 erit
1943 2866 2003 2919 in
2039 2867 2199 2919 latere
2230 2872 2340 2929 tuo,
2371 2872 2418 2919 et
2445 2865 2697 2920 custodiet
2732 2865 2914 2936 pedem
2957 2872 3101 2920 tuum
3130 2885 3194 2922 ne
3230 2868 3424 2938 capia-

1815 2954 1897 3009 ris
1932 2953 2119 3024 (Prov.
2151 2969 2234 3019 ιιι,
2265 2951 2378 3023 26).
2413 2953 2511 3008 Pes
2536 2967 2772 3024 namque
2808 2952 2866 3007 in
2899 2954 3179 3009 anteriora
3222 2954 3418 3010 tendit.

1818 3043 2111 3100 Anteriora
2135 3050 2317 3098 autem
2350 3058 2461 3099 non
2492 3041 2664 3110 videt,
2687 3042 2782 3114 qui
2813 3058 2877 3098 ea
2907 3058 3026 3115 quae
3042 3052 3171 3100 sunt
3195 3059 3227 3098 a
3255 3044 3424 3099 latere

1818 3133 2106 3205 conspicit.
2128 3134 2474 3205 Rursumque
2491 3132 2586 3205 qui
2609 3130 2766 3203 pedis
2786 3131 3096 3188 custodiam
3115 3132 3424 3204 prasvidens

1818 3223 2095 3280 anteriora
2140 3222 2335 3288 cernit,
2377 3221 2935 3291 circumspectionem
2986 3221 3172 3276 lateris
3197 3220 3421 3277 deserit.

1817 3315 1959 3369 Dum
1981 3327 2113 3367 vero
2141 3317 2266 3366 ante
2283 3309 2475 3366 faciem
2503 3310 2693 3381 posite
2714 3309 2938 3366 virtutis
2955 3309 3166 3381 aliquid
3188 3309 3426 3381 agimus,

1817 3403 1970 3476 quasi
2008 3419 2116 3475 quo
2148 3417 2239 3473 pes
2259 3399 2453 3456 debeat
2481 3399 2610 3471 poni
2642 3399 3012 3471 praevidemus
3038 3417 3051 3467 ;
3086 3399 3180 3456 sed
3201 3399 3335 3455 dum
3356 3417 3427 3458 ex

1819 3493 2025 3548 virtute
2054 3490 2243 3547 eadem
2272 3491 2464 3546 furtim
2496 3489 2663 3560 culpa
2692 3487 2998 3558 suboritur,
3025 3489 3180 3562 quasi
3201 3489 3335 3546 dum
3367 3491 3426 3546 in

1819 3582 2095 3639 anteriora
2125 3580 2436 3651 respicitur,
2460 3578 2528 3635 ad
2544 3579 2800 3652 sagittam
2823 3579 2968 3635 latus
2985 3577 3247 3634 nudatur.
3271 3579 3426 3650 Saepe

1821 3687 1952 3727 vero
1990 3671 2120 3726 dum
2154 3667 2528 3725 suborientem
2558 3668 2775 3740 culpam
2808 3667 3130 3735 metuimus,
3161 3668 3424 3724 virtutem

1821 3777 1941 3834 quae
1970 3758 2178 3832 agenda
2204 3767 2284 3814 est
2310 3757 2689 3824 declinamus;
2719 3765 2773 3813 et
2801 3756 2955 3830 quasi
2986 3755 3119 3812 dum
3151 3743 3294 3813 latus
3323 3757 3424 3813 cir-

1820 3849 2202 3922 cumspicitur,
2245 3861 2591 3920 nequaquam
2625 3845 2893 3914 cernitur,
2938 3861 3032 3918 pes
3060 3845 3119 3901 in
3151 3844 3427 3902 anteriora

1821 3939 2097 4014 quomodo
2127 3946 2381 4011 ponatur.
2422 3937 2566 3991 Bene
2595 3950 2723 4007 ergo
2751 3934 2959 3991 dicitur
2993 3953 3004 3990 :
3041 3933 3302 3992 Dominus
3325 3935 3429 3990 erit

1819 4029 1878 4084 in
1925 4029 2086 4085 latere
2134 4033 2241 4092 tuo,
2289 4031 2338 4080 et
2380 4024 2633 4079 custodiet
2656 4023 2837 4094 pedem
2868 4029 3016 4077 tuum
3064 4039 3126 4076 ne
3167 4021 3426 4093 capiaris,

1821 4113 1952 4192 quia
1981 4117 2138 4173 miles
2176 4115 2275 4171 Dei
2318 4113 2523 4169 divinas
2555 4112 2740 4184 gratiae
2792 4112 2988 4184 clypeo
3033 4118 3331 4183 protectus,
3373 4121 3429 4167 et

1821 4223 1942 4281 quae
1958 4223 2026 4264 ex
2056 4205 2222 4262 latere
2238 4202 2449 4276 possint
2473 4204 2493 4238 ⁸
2516 4201 2735 4274 prodire
2756 4199 3261 4272 circumspiciendo
3289 4217 3426 4257 con-

1821 4297 2046 4365 siderat,
2089 4301 2143 4351 et
2191 4309 2435 4367 gressum
2482 4299 2608 4348 ante
2654 4290 2850 4348 faciem
2899 4291 3041 4347 ferre
3089 4289 3429 4364 proﬁciendo

1823 4403 1935 4443 non
1964 4393 2158 4443 cessat.
2189 4382 2292 4440 Cui
2344 4380 2728 4438 fraudulentus
2759 4379 2934 4436 hostis
2985 4379 3268 4448 invidens,
3301 4380 3442 4452 quia

1824 4495 1920 4552 per
1947 4477 2260 4550 pharetram
2297 4481 2352 4528 et
2379 4471 2594 4527 hastam
2647 4484 2992 4543 nequaquam
3029 4485 3088 4526 se
3136 4469 3432 4542 praevalere

1826 4562 2114 4635 conspicit,
2161 4561 2418 4634 clypeum
2461 4557 2710 4632 opponit,
2745 4559 2766 4592 ⁵
2798 4566 2861 4614 ut
2899 4556 2946 4613 si
2994 4556 3298 4613 resistentis
3329 4573 3434 4629 pe—

1827 4663 1948 4711 ctus
1976 4649 2224 4707 feriendo
2251 4665 2361 4704 non
2392 4647 2653 4720 perforat,
2680 4646 2875 4703 saltem
2907 4645 3244 4718 quibusdam
3285 4645 3430 4717 obje-

1791 4781 1804 4793 .
1827 4742 2106 4800 ctionibus
2131 4738 2470 4813 proﬁcientia
2505 4736 2609 4793 iter
2638 4733 2988 4791 intercludat.
3027 4740 3218 4798 1034
3249 4735 3434 4802 Quas-

1826 4839 1954 4897 dam
1974 4855 2209 4912 namque
2230 4836 2582 4893 difﬁcultates
2603 4833 2736 4906 ipsis
2755 4832 2874 4904 ejus
2895 4833 3185 4888 conatibus
3204 4830 3426 4903 objicit;

1826 4939 1882 4986 et
1926 4947 2052 4989 cum
2097 4943 2352 5001 superare
2386 4942 2500 4982 non
2549 4925 2717 4992 valet,
2764 4923 2852 4978 vel
2884 4921 3110 4978 resistit.
3159 4920 3265 4976 Sed
3296 4921 3431 4993 quid

1826 5029 2019 5078 contra
2047 5021 2130 5075 tot
2155 5026 2478 5091 argumenta
2504 5015 2779 5072 bellorum
2810 5027 2998 5085 .equus
3027 5011 3124 5066 Dei
3171 5017 3295 5082 agat
3323 5025 3435 5067 au-

1829 5113 2051 5170 diamus
2078 5129 2090 5168 :

2195 5191 2210 5195 '7
2414 5195 2642 5255 CAPUT
2673 5197 2841 5254 XLII.

1902 5290 2075 5348 Vens.
2123 5289 2212 5348 24.
2256 5319 2328 5332 --
2369 5289 2596 5346 Fervens
2641 5293 2691 5342 et
2732 5285 2964 5357 fremens
2997 5283 3172 5341 sorbet
3214 5288 3434 5352 terram,

1832 5398 1924 5438 nec
1949 5387 2164 5454 reputat
2193 5380 2329 5437 tubce
2356 5396 2547 5436 sonare
2576 5379 2892 5450 clangorem.

1905 5471 1993 5528 83.
2033 5471 2270 5541 Utrique,
2308 5485 2406 5541 per
2447 5474 2685 5524 sanctum
2726 5465 2990 5537 fervorem
3029 5472 3077 5521 et
3120 5465 3440 5540 proficiendi

1834 5581 2014 5620 curam
2052 5563 2335 5618 resistitur.
2373 5591 2444 5603 —
2472 5560 2674 5618 Contra
2701 5575 2906 5632 equum
2926 5559 3152 5632 clangor
3179 5559 3326 5617 tubae
3356 5558 3439 5615 in-

1911 5747 1931 5782 ³
1963 5745 2136 5802 Laud.
2169 5755 2221 5803 et
2249 5744 2372 5802 Val.
2405 5745 2512 5811 Cl.,
2534 5744 2786 5802 mittitur.

1913 5821 1934 5854 ⁴
1967 5820 2152 5874 Germ.
2177 5827 2229 5874 et
2260 5819 2382 5875 Val.
2413 5818 2522 5885 Cl.,
2547 5818 2792 5889 prodere.

1915 5892 1936 5924 ⁸
1969 5891 2196 5958 Turon.,
2228 5895 2284 5945 ut
2309 5891 2402 5960 qui
2430 5890 2739 5947 resistentis.

3121 5985 3193 6043 20
