3936 6384
485 378 591 436 619

1688 379 1939 438 SANCTI
1993 378 2339 440 GREGORII
2375 382 2603 441 MAGNI

3704 380 3809 441 620

477 513 654 571 sonat,
685 500 905 577 quando
944 501 1107 562 electi
1152 512 1391 563 mentem
1431 506 1490 562 in
1524 522 1592 564 eo
1637 507 1784 582 quod
1809 509 1924 581 agit
1965 508 2072 565 for-
2106 513 2158 572 Α
2186 512 2404 568 fortiter
2425 511 2686 570 declinat.
2719 511 2862 571 Hinc
2883 512 3139 572 Habacuc
3156 514 3266 572 ait:
3302 516 3480 588 super
3496 516 3809 573 custodiam

480 591 608 649 titer
624 607 654 647 e
674 589 863 649 vicino
881 590 1132 666 quaedam
1160 594 1339 667 posita
1358 595 1523 668 culpa
1540 595 1867 652 terribiliter
1883 603 2086 654 tentat.

478 678 585 737 Sed
612 678 834 737 fervens
877 687 932 737 et
960 681 1203 739 fremens
1249 681 1434 740 sorbet
1472 693 1698 753 terram,
1730 682 1861 758 quia
1906 684 2087 741 nimio

478 767 675 826 ardore
704 768 1063 843 semetipsum
1093 769 1354 840 discutit;
1387 778 1443 828 et
1457 770 1731 845 quidquid
1753 771 1812 827 in
1833 789 1890 830 se
1920 780 2087 830 terre-

479 874 616 915 num
641 858 863 931 reperit,
888 858 1138 933 quotidie
1168 860 1507 933 proﬁciendo
1525 862 1822 921 consumit.
1849 864 1921 920 Et
1940 864 2089 921 clan-

480 965 664 1021 gorem
695 948 841 1005 tubae
870 966 1064 1006 sonare
1086 967 1197 1007 non
1228 958 1465 1023 reputat,
1489 951 1621 1025 quia
1649 953 2088 1011 consideratione

480 1036 613 1093 forti
641 1053 805 1093 omne
846 1036 1045 1093 vitium
1076 1037 1224 1111 quod
1270 1038 1337 1095 de
1374 1038 1602 1096 virtutis
1641 1040 1815 1112 gloria
1843 1041 2091 1099 nascitur

478 1124 751 1183 sollicitus
778 1123 1036 1183 declinat.
1069 1125 1273 1183 Sonare
1305 1126 1456 1183 enim
1485 1127 1798 1201 clangorem
1828 1128 1975 1186 tubae
2005 1146 2088 1186 re-

482 1220 728 1287 putaret,
761 1212 809 1270 si
837 1213 1067 1271 fortasse
1106 1222 1327 1288 propter
1359 1213 1512 1271 aliud
1544 1216 1691 1290 quod
1721 1234 1887 1291 prave
1913 1216 2090 1274 subo-

480 1302 624 1360 ritur
651 1302 760 1359 alia
781 1318 941 1376 agere
971 1310 1121 1361 recta
1150 1311 1437 1362 metueret.
1463 1304 1604 1374 Quia
1631 1322 1760 1379 ergo
1790 1307 1860 1363 ad
1880 1305 2090 1380 agenda

479 1391 647 1449 fortia
673 1399 800 1448 ante
830 1392 1147 1450 insonantia
1187 1399 1527 1451 tentamenta
1572 1412 1686 1452 non
1732 1395 1991 1470 trepidat,
2028 1395 2089 1451 in

480 1481 694 1539 fervore
724 1498 824 1539 suo
853 1482 1064 1556 positus
1105 1482 1418 1555 clangorem
1448 1483 1595 1540 tubae
1626 1484 1858 1541 minime
1891 1483 2089 1542 formi-

480 1570 592 1629 dat.
623 1572 776 1645 Saepe
802 1580 986 1629 autem
1017 1572 1151 1630 dum
1181 1573 1491 1647 prosperari
1518 1590 1576 1631 se
1610 1575 1915 1632 virtutibus
1943 1590 2090 1633 con-

480 1660 664 1735 spicit,
714 1676 784 1717 ne
826 1661 944 1736 ipsa
988 1662 1149 1719 illum
1188 1664 1464 1720 virtutum
1509 1665 1843 1738 prosperitas
1890 1664 2086 1733 elevet,

478 1748 687 1821 pulsari
716 1765 773 1805 se
804 1750 1207 1809 tentationibus
1252 1750 1469 1824 gaudet.
1498 1751 1653 1810 Unde
1699 1760 1753 1809 et
1796 1760 1921 1827 apte
1949 1752 2090 1811 sub-

476 1836 733 1910 jungitur
765 1854 781 1893 :

1051 1953 1279 2013 CAPUT
1322 1954 1516 2013 XLIII.

554 2038 726 2102 Vens.
753 2038 843 2100 25.
874 2070 945 2084 --
976 2043 1074 2101 Ubi
1100 2043 1337 2101 audierit
1363 2044 1656 2113 buccina-nt,
1686 2043 1815 2100 dicit
1851 2044 1979 2104 Vah.

553 2130 644 2189 8b.
678 2131 818 2201 Quia
840 2133 1036 2190 multos
1064 2133 1326 2192 diuturna
1347 2151 1464 2208 pax
1490 2134 1685 2191 inertes
1699 2134 1894 2202 reddit,
1915 2134 2089 2191 sancti

483 2221 678 2301 tentari
701 2221 951 2295 gaudent.
991 2251 1062 2269 --
1086 2223 1291 2283 Multos
1331 2224 1482 2282 enim
1508 2222 1666 2298 pejus
1702 2240 1804 2281 sua
1842 2224 2083 2282 felicitas

481 2310 698 2380 stravit,
728 2312 934 2370 multos
952 2311 1214 2372 diuturna
1227 2330 1338 2388 pax
1365 2314 1570 2371 inertes
1588 2312 1836 2371 reddidit
1859 2332 1873 2382 ;
1904 2329 2083 2387 eoque

487 2402 503 2437 ¹
536 2400 663 2458 illos
690 2400 1012 2476 inopinatus
1042 2402 1219 2460 hostis
1255 2402 1477 2475 gravius
1496 2403 1757 2476 perculit,
1781 2419 1893 2477 quo
1923 2403 2087 2476 longo

483 2489 688 2564 quietis
701 2506 807 2548 usu
831 2491 1168 2564 negligentes
1186 2492 1424 2549 invenit.
1449 2491 1604 2550 Unde
1624 2493 1803 2551 sancti
1821 2493 1931 2550 viri
1959 2510 2086 2551 cum

482 2582 660 2641 multa
673 2599 730 2641 se
749 2582 1014 2657 proﬁcere
1036 2582 1312 2641 virtutum
1331 2585 1692 2658 prosperitate
1712 2583 2085 2652 considerant,

483 2670 723 2744 quodam
764 2672 1191 2746 dispensationis
1221 2689 1474 2747 supernae
1500 2672 1881 2731 moderamine
1911 2689 2090 2731 exer-

482 2761 595 2819 ceri
621 2776 679 2818 se
719 2762 887 2819 etiam
934 2762 1335 2821 tentationibus
1387 2763 1689 2834 exsultant,
1723 2765 1746 2800 ²
1775 2764 1905 2838 quia
1934 2771 2087 2822 tanto

488 2851 768 2910 robustius
822 2860 1099 2927 acceptam
1145 2852 1418 2911 virtutum
1462 2852 1693 2927 gloriam
1741 2853 2083 2922 custodiunt,

481 2947 690 3015 quanto
735 2941 1055 2999 tentationis
1094 2942 1339 3016 impulsu
1401 2940 1657 3000 concussi
1702 2941 2084 2999 inﬁrmitatem

479 3046 636 3087 suam
662 3029 933 3088 humilius
956 3039 1278 3105 agnoscunt.
1310 3033 1503 3106 Equus
1533 3048 1684 3104 ergo,
1717 3031 1911 3089 audita
1936 3030 2086 3089 buc-

476 3122 624 3192 cina,
657 3121 768 3179 vah
811 3121 970 3192 dicit,
1020 3123 1151 3197 quia
1179 3123 1441 3181 videlicet
1481 3122 1762 3196 prreliator
1786 3123 1910 3192 Dei,
1958 3140 2085 3181 cum

477 3210 596 3273 vim
621 3212 945 3304 tentationis
973 3212 1293 3304 incumbere
1319 3213 1613 3304 conspicit,
1656 3212 1960 3304 utilitatem
1980 3229 2085 3304 su-
2117 3244 2161 3304 Ο

483 3315 668 3372 pernae
708 3299 1140 3372 dispensationis
1185 3301 1562 3370 considerans,
1592 3317 1665 3359 ex
1697 3301 1817 3375 ipsa
1846 3301 2105 3363 validius.

483 3386 814 3446 adversitate
858 3387 1107 3446 conﬁdit.
1167 3388 1339 3462 Cujus
1383 3389 1738 3448 adversitatis
1788 3390 2092 3449 certamina

485 3483 695 3542 idcirco
713 3483 875 3541 illum
888 3500 1003 3541 non
1028 3490 1306 3557 superant,
1325 3483 1456 3557 quia
1474 3500 1759 3558 nunquam
1788 3486 2094 3558 improvisa

483 3580 719 3631 tentant.
769 3573 954 3646 Longe
997 3573 1200 3647 quippe
1247 3580 1516 3645 prmnotat
1553 3588 1623 3631 ex
1652 3589 1980 3647 unaquaque
2009 3591 2087 3644 re,

482 3662 646 3738 cujus
670 3662 797 3721 vitii
824 3679 1007 3738 pugna
1033 3671 1360 3721 succrescat.
1392 3663 1550 3722 Unde
1571 3670 1627 3721 et
1653 3664 1903 3738 sequitur
1930 3681 1942 3721 :

1059 3803 1289 3863 CAPUT
1316 3804 1514 3864 XLIV.

553 3925 692 3985 Iam.
721 3955 795 3968 —
820 3921 1023 3981 Procul
1049 3921 1313 3979 odoratur
1341 3919 1556 3976 bellum.

549 4015 642 4074 85.
672 4014 844 4073 Nulla
863 4028 948 4069 eos
965 4011 1259 4083 improuisa
1273 4015 1472 4066 tentant
1490 4025 1512 4075 ;
1534 4005 1671 4064 unde
1690 4021 1781 4062 nec
1806 4006 2087 4070 superant.

480 4132 555 4148 -—
580 4102 797 4167 Bellum
817 4116 1053 4175 namque
1082 4099 1273 4174 procul
1294 4097 1512 4156 odorari
1540 4103 1713 4154 estex
1741 4093 1921 4152 causis
1950 4106 2099 4165 prte-

480 4192 803 4252 cedentibus
824 4207 945 4265 quae
968 4191 1235 4249 vitiorum
1262 4206 1458 4263 pugnas
1486 4188 1890 4262 subsequantur
1908 4199 2088 4256 agno—

482 4296 652 4339 scere.
683 4278 827 4349 Quia
854 4279 1025 4348 enim,
1061 4278 1205 4336 sicut
1227 4276 1344 4350 jam
1370 4292 1515 4350 sape
1543 4275 1758 4333 dictum
1786 4279 1890 4341 est,
1923 4270 2092 4329 odore

484 4383 572 4427 res
589 4384 705 4425 non
731 4368 853 4425 visa
878 4366 1249 4440 cognoscitur,
1280 4365 1491 4422 bellum
1515 4364 1707 4438 procul
1736 4360 1956 4420 odorari
1985 4367 2090 4430 est,

483 4458 628 4515 sicut
653 4457 789 4514 ﬂatu
817 4456 1056 4526 narium,
1085 4455 1166 4513 sic
1194 4454 1512 4529 provisione
1537 4452 1953 4526 cogitationum,
1992 4467 2088 4508 ne-

485 4548 690 4623 quitias
718 4549 950 4605 latentes
978 4546 1255 4620 indagare.
1298 4547 1377 4603 De
1407 4561 1517 4619 quo
1556 4544 1788 4602 odoratu
1812 4544 2086 4600 Dominus

2193 617 2364 658 meam
2416 601 2562 657 stabo
2614 600 2846 673 (Habac.
2906 618 2971 671 II,
3016 603 3104 675 l).
3167 601 3311 677 [γει.
3369 604 3609 679 ΧΧΧΙ.]
3671 604 3814 662 Hinc

2193 690 2629 764 uniuscujusque
2674 690 2835 749 electi
2872 691 3117 749 animam
3165 693 3434 751 Jeremias
3477 693 3812 761 admonens,

2195 779 2376 838 dicit:
2431 781 2612 837 Statue
2653 780 2750 836 tibi
2796 783 3082 853 speculam,
3107 798 3247 855 pone
3296 781 3393 838 tibi
3419 782 3816 840 amaritudine

2193 869 2414 940 (Jerem.
2446 887 2608 939 xxxx,
2633 870 2749 943 21).
2780 870 3069 942 Speculam
3093 871 3298 944 quippe
3323 870 3435 929 sibi
3453 878 3705 929 statuam
3733 879 3815 928 est

2197 970 2430 1018 ventura
2456 961 2723 1019 vitiorum
2768 962 3071 1019 certamina
3108 979 3179 1019 ex
3208 962 3322 1021 alta
3361 962 3815 1020 consideratione

2195 1065 2550 1122 praenoscere.
2584 1052 2605 1087 ³
2637 1050 2863 1125 Sibique
2885 1051 3049 1109 electi
3077 1066 3234 1108 mens
3260 1052 3673 1110 amaritudines
3702 1067 3814 1124 po-

2195 1138 2300 1205 nit,
2346 1137 2566 1211 quando
2613 1144 2803 1203 1035
2841 1139 2983 1196 etin
3012 1138 3286 1196 virtutum
3316 1154 3448 1212 pace
3476 1138 3812 1208 constituta,

2194 1234 2330 1292 dum
2383 1236 2529 1292 mala
2575 1234 2903 1293 insidiantis
2945 1235 3243 1310 conspicit,
3291 1251 3486 1294 secura
3530 1234 3818 1310 quiescere

2198 1339 2309 1380 non
2338 1323 2633 1381 consentit.

2267 1414 2358 1471 86.
2382 1414 2569 1471 Primo
2596 1414 2901 1471 curandum
2926 1431 2993 1471 ne
3018 1416 3167 1472 mala
3186 1414 3479 1486 faciamus,
3499 1414 3731 1472 secundo
3755 1432 3820 1472 ne

2199 1502 2333 1560 bona
2358 1503 2591 1560 incaute.
2617 1504 2942 1576 Plerumque
2967 1523 3035 1561 ea:
3062 1504 3212 1562 bonis
3244 1506 3393 1561 mala
3418 1512 3823 1562 metuitur.—

2197 1591 2384 1649 Primo
2411 1600 2597 1649 autem
2641 1608 2711 1650 ne
2754 1593 2899 1649 mala
2937 1586 3220 1667 quaslibet,
3254 1592 3500 1651 secundo
3528 1609 3668 1651 vero
3696 1593 3821 1651 loco

2197 1681 2513 1739 considerat
2570 1697 2641 1739 ne
2694 1680 2840 1740 bona
2887 1682 3108 1742 incaute
3154 1683 3373 1751 faciat;
3418 1690 3475 1740 et
3520 1690 3819 1758 postquam

2197 1788 2368 1845 prava
2411 1771 2709 1845 subegerit,
2741 1774 2861 1846 ipsa
2904 1775 3074 1831 etiam
3122 1773 3230 1832 sibi
3275 1775 3298 1811 ⁴
3340 1772 3619 1846 subjicere
3667 1781 3820 1831 recta

2123 1875 2170 1936 Β
2198 1862 2507 1933 contendit,
2536 1878 2606 1919 ne
2634 1863 2684 1920 si
2710 1863 2914 1921 mentis
2933 1862 3252 1921 dominium
3282 1870 3589 1932 transeant,
3622 1862 3687 1920 in
3712 1862 3818 1920 ela-

2200 1952 2369 2009 tionis
2396 1953 2614 2025 culpam
2651 1960 2959 2011 vertantur.
2992 1953 3134 2022 Quia
3173 1954 3352 2023 enim,
3383 1952 3532 2010 sicut
3559 1950 3820 2025 superius

2199 2041 2411 2099 dictum
2439 2050 2542 2109 est,
2574 2042 2898 2116 plerumque
2921 2059 2993 2099 ex
3016 2042 3180 2099 bonis
3204 2058 3307 2115 per
3343 2041 3579 2101 incurias
3610 2040 3817 2099 vitium

2199 2133 2345 2188 mala
2373 2139 2696 2201 nascuntur,
2722 2130 2979 2205 vigilanti
3016 2130 3205 2188 studio
3230 2130 3654 2203 contemplatur
3680 2147 3819 2204 quo-

2200 2219 2365 2277 modo
2394 2237 2465 2277 ex
2492 2220 2744 2280 doctrina
2770 2220 3102 2293 arrogantia,
3135 2236 3207 2276 ex
3227 2218 3452 2291 justitia
3487 2218 3817 2289 crudelitas,

2199 2326 2269 2368 ex
2297 2313 2497 2385 pietate
2529 2313 2801 2381 remissio,
2846 2328 2916 2370 ex
2957 2313 3077 2369 zelo
3115 2312 3220 2381 ira,
3263 2328 3337 2369 ex
3380 2309 3819 2369 mansuetudine

2198 2409 2391 2476 torpor
2434 2403 2663 2460 oriatur.
2696 2402 2944 2476 Cumque
2990 2402 3136 2459 bona
3165 2400 3286 2459 hac
3336 2400 3473 2473 agit,
3502 2402 3525 2437 ⁵
3555 2399 3717 2475 quod
3764 2400 3818 2456 hi

2198 2500 2390 2549 contra
2418 2509 2474 2549 se
2497 2492 2683 2551 hostes
2711 2509 2807 2565 per
2834 2491 2953 2549 huic
2978 2502 3273 2565 exsurgere
3329 2490 3554 2547 valeant
3580 2490 3818 2563 conspi-

2198 2584 2293 2640 cit.
2325 2584 2462 2641 Nam
2481 2598 2608 2641 cum
2624 2582 2999 2657 adipiscendis
3035 2581 3304 2640 doctrinm
3322 2580 3525 2638 studiis
3543 2579 3818 2648 elaborat,

2201 2679 2440 2729 mentem
2470 2673 2707 2730 sollicite
2743 2679 2937 2729 contra
2971 2677 3252 2728 certamen
3297 2670 3632 2743 arrogantiae
3662 2686 3817 2743 prae-

2198 2771 2371 2836 parat.
2405 2763 2545 2821 Cum
2573 2763 2763 2835 culpas
2796 2762 3246 2835 delinquentium
3269 2760 3425 2835 juste
3445 2760 3648 2819 ulcisci
3678 2760 3820 2818 desi-

2199 2854 2372 2919 derat,
2405 2852 2752 2925 sagacissime
2771 2852 2944 2909 evitat
2968 2867 3040 2909 ne
3067 2851 3305 2909 modum
3335 2849 3582 2924 justitiam
3611 2851 3823 2910 crude-

2199 2943 2324 2998 litas
2362 2941 2627 2998 vindictae
2664 2939 3038 2997 transcendat.
3091 2939 3232 2999 Cum
3279 2940 3486 3014 pietate
3515 2940 3745 2997 frenare
3770 2957 3821 2997 se

2198 3030 2416 3100 nititur,
2450 3031 2678 3088 solerter
2705 3029 2970 3103 prospicit
2997 3044 3065 3086 ne
3093 3045 3209 3103 qua
3237 3027 3552 3103 disciplinae
3580 3029 3821 3087 dissolu-

2196 3120 2347 3176 tione
2377 3119 2649 3178 vincatur.
2682 3118 2822 3177 Cum
2851 3134 2909 3175 se
2938 3120 2961 3156 ⁸
2988 3119 3124 3176 recti
3159 3117 3264 3174 zeli
3311 3117 3557 3175 stimulis
3586 3118 3818 3189 excitat,

2196 3225 2543 3282 summopere
2573 3207 2827 3281 providet
2852 3223 2921 3265 ne
2953 3207 3079 3280 plus
3109 3222 3275 3280 quam
3297 3222 3520 3265 necesse
3540 3215 3627 3265 est
3645 3208 3753 3265 iraa
3770 3223 3821 3265 se

2199 3305 2421 3361 flamma
2447 3303 2762 3363 succendat.
2786 3302 2926 3362 Cum
2958 3317 3155 3376 magna
3180 3303 3635 3361 mansuetudinis
3656 3311 3821 3362 tran-

2200 3395 2477 3470 quillitate
2503 3410 2561 3451 se
2588 3400 2874 3468 temperat,
2908 3392 3206 3465 vigilanter
3224 3391 3484 3450 observat
3506 3408 3579 3449 ne
3599 3401 3824 3468 torpore

2199 3486 2619 3559 frigescat.Quia
2627 3501 2756 3558 ergo
2770 3484 3075 3558 spiritualis
3090 3484 3289 3541 militis
3299 3484 3645 3557 cogitatione
3657 3500 3823 3542 omne

2200 3577 2402 3633 vitium
2430 3574 2584 3648 prius
2597 3590 2762 3648 quam
2783 3576 2802 3610 “¹
2825 3573 3120 3647 subrepere
3142 3573 3318 3648 possit
3341 3572 3646 3646 aspicitur,
3676 3580 3824 3632 recte

2199 3663 2269 3722 de
2294 3681 2436 3739 equo
2455 3666 2554 3723 Dei
2571 3665 2776 3722 dicitur
2794 3681 2807 3720 :
2839 3665 3039 3721 Procul
3058 3664 3324 3720 odoratur
3338 3664 3553 3721 bellum.
3575 3665 3821 3740 Per-pen.

2200 3754 2284 3813 dit
2309 3755 2477 3811 etiam
2501 3770 2621 3829 quae
2650 3753 2811 3811 turba
2838 3751 3202 3827 iniquitatum
3222 3760 3471 3827 proruat,
3495 3752 3546 3809 si
3566 3753 3728 3811 mala
3753 3751 3816 3810 ad

2200 3860 2258 3902 se
2286 3844 2500 3918 ingredi
2528 3844 2618 3900 vel
2636 3859 2811 3918 pauca
2828 3842 3131 3916 permittat.
3166 3841 3322 3901 Unde
3349 3849 3406 3901 et
3438 3842 3705 3916 sequitur
3741 3860 3755 3900 :

2788 3958 3018 4017 CAPUT
3045 3956 3218 4017 XLV.

2270 4076 2409 4135 Inw.
2442 4107 2509 4121 —
2542 4073 2988 4134 Exhortationem
3015 4073 3230 4143 ducum,
3263 4077 3315 4129 et
3358 4071 3637 4129 ululatum
3660 4087 3818 4129 exer—

2200 4169 2355 4227 citus.

2270 4260 2360 4319 87.
2391 4256 2676 4318 Exercitus
2704 4256 2904 4314 diaboli
2932 4257 3046 4315 dux
3077 4254 3348 4331 superbia,
3382 4252 3539 4326 cuius
3594 4254 3817 4320 soboles,

2200 4356 2391 4424 septem
2426 4345 2759 4421 principalia
2786 4345 2939 4403 vitia.
2983 4375 3055 4388 —
3100 4344 3395 4402 Tentantia
3418 4341 3632 4424 quippe
3663 4343 3815 4411 vitia,

2201 4457 2322 4515 quae
2353 4437 2628 4496 invisibili
2662 4444 2856 4495 contra
2897 4453 3000 4493 nos
3042 4434 3234 4509 praelio
3272 4433 3533 4508 regnanti
3564 4451 3740 4508 super
3765 4448 3817 4488 se

2200 4528 2469 4604 superbiae
2505 4527 2770 4597 militant,
2817 4526 2926 4583 alia
2966 4541 3120 4582 more
3148 4523 3359 4582 ducum
3390 4531 3678 4596 praeeunt,
3717 4522 3819 4580 alia

480 4611 628 4695 {eote
675 4637 735 4694 in
779 4635 1040 4694 Ecclesia
1068 4611 1179 4694 ειῖε,
1222 4611 1479 4692 [audibis
1519 4633 1699 4691 dicit;
1744 4634 1923 4692 Nam;
1967 4639 2087 4688 tum
2120 4611 2170 4671 D
2198 4636 2350 4678 more
2387 4619 2662 4678 exercitus
2703 4617 3135 4691 subsequuntur.
3191 4615 3384 4689 Neque
3428 4614 3585 4671 enim
3646 4614 3816 4687 culpae

481 4727 617 4784 sistit
643 4726 835 4793 turris,
854 4742 972 4798 qua:
993 4731 1067 4782 est
1087 4725 1142 4781 in
1167 4725 1370 4781 Libano
1397 4724 1592 4797 (Cant.
1616 4737 1717 4793 vn,
1742 4722 1825 4795 4).
1859 4722 1963 4778 Per
1988 4736 2083 4777 na-

478 4834 601 4876 sum
631 4832 851 4892 quoque
873 4814 1070 4873 odores
1094 4815 1406 4888 fetoresque
1433 4814 1819 4872 discernimus.
1850 4812 1924 4867 Et
1951 4809 2091 4883 quid

476 4924 572 4982 per
600 4923 820 4973 nasum,
863 4905 974 4963 nisi
1011 4912 1325 4963 sanctorum
1368 4903 1600 4978 provida
1630 4901 1893 4960 discretio
1931 4899 2088 4958 desi-

479 5006 678 5072 gnatur
694 4997 723 5055 ‘i
748 4995 941 5052 Turris
961 5010 1093 5052 vero
1123 4992 1524 5068 speculationis
1552 4992 1609 5048 in
1637 4992 1812 5049 altum
1838 4990 2082 5064 ponitur.

474 5095 540 5144 ut
567 5086 741 5144 hostis
768 5085 999 5142 veniens
1037 5085 1196 5157 longe
1230 5082 1502 5139 videatur.
1552 5082 1718 5138 Recte
1763 5096 1892 5153 ergo
1922 5095 2089 5136 nasus

477 5178 739 5237 Ecclesiae
754 5178 896 5236 turri
926 5178 985 5235 in
1010 5176 1222 5249 Libano
1250 5176 1452 5233 similis
1479 5173 1706 5243 dicitur,
1725 5172 1855 5246 quia
1874 5180 2087 5229 sancto-

477 5284 602 5325 rum
632 5268 866 5341 provida
908 5266 1169 5326 discretio
1197 5267 1331 5323 dum
1360 5264 1601 5323 sollicite
1645 5263 2079 5336 circumquaque

476 5355 749 5428 conspicit
781 5356 841 5412 iu
875 5356 1049 5413 altum
1095 5354 1298 5430 posita,
1329 5354 1651 5429 priusquam
1700 5350 1889 5408 veniat
1918 5352 2083 5426 culpa

477 5441 857 5519 deprehendit,
902 5461 1132 5520 eamque
1177 5462 1288 5521 quo
1327 5444 1623 5518 vigilanter
1668 5449 1961 5517 praenotat,
2013 5458 2082 5500 eo

551 5638 569 5709 1
595 5634 798 5709 Laud.,
825 5634 949 5709 illos
976 5636 1278 5709 inopinatos
1297 5638 1484 5696 hostis.

546 5708 570 5743 ¹
589 5707 765 5765 Laud.
772 5749 790 5790 ε
820 5708 948 5790 quia
970 5707 1166 5780 qudnto
1196 5710 1558 5768 robustius....
1584 5714 1729 5768 tanto
1751 5707 2054 5767 tentationis
2073 5752 2086 5765 .

546 5780 568 5816 ⁸
595 5780 713 5849 AL,
742 5779 942 5851 sibique
968 5782 1128 5837 electa
1147 5797 1311 5837 mens.

545 5853 569 5888 ι
595 5820 874 5912 ἥόἶαίἶέἒῖ
882 5820 1462 5924 Ἕῖιὶἷοῖζῖἱιῖὶρονε.

2194 4727 2387 4769 omnes
2414 4710 2533 4784 pari
2560 4724 2781 4767 accessu
2810 4724 2908 4765 cor
2934 4711 3232 4779 occupant.
3263 4702 3372 4762 Sed
3399 4701 3538 4762 dum
3579 4703 3816 4777 majores

2195 4807 2250 4857 et
2281 4816 2467 4874 pauca:
2495 4798 2799 4871 neglectam
2819 4802 3060 4853 mentem
3076 4793 3450 4867 praeveniunt,
3493 4791 3749 4850 minores
3768 4797 3819 4846 et

2196 4890 2502 4947 innumerae
2521 4885 2590 4943 ad
2611 4886 2764 4944 illam
2791 4902 2849 4943 se
2876 4883 3202 4943 catervatim
3224 4882 3492 4940 fundunt.
3516 4880 3650 4955 Ipsa
3669 4897 3814 4939 nam-

2196 4996 2302 5054 que
2331 4978 2600 5035 vitiorum
2638 4976 2826 5051 regina
2855 4974 3115 5049 superbia
3157 4990 3284 5031 cum
3326 4970 3621 5029 devictum
3662 4970 3815 5045 plene

2196 5087 2293 5129 cor
2320 5070 2548 5143 ceperit,
2580 5085 2713 5126 mox
2746 5065 2889 5125 illud
2934 5074 3145 5139 septem
3189 5061 3601 5138 principalibus
3640 5060 3813 5127 vitiis,

2197 5158 2355 5235 quasi
2385 5157 2716 5232 quibusdam
2760 5156 2876 5214 suis
2905 5153 3151 5212 ducibus
3179 5149 3597 5211 devastandum
3628 5146 3812 5207 tradit.

2197 5253 2347 5321 Quos
2376 5249 2635 5307 videlicet
2663 5248 2830 5306 duces
2857 5245 3136 5303 exercitus
3168 5242 3454 5317 sequitur,
3479 5240 3617 5316 quia
3643 5257 3714 5298 ex
3741 5240 3813 5297 eis

2189 5340 2381 5415 procul
2394 5338 2566 5397 dubio
2582 5338 2914 5411 importunae
2932 5334 3200 5392 vitiorum
3217 5328 3620 5389 multitudines
3634 5330 3814 5388 oriun-

2189 5440 2300 5489 tur.
2332 5427 2492 5500 Quod
2519 5426 2720 5486 melius
2755 5424 3125 5494 ostendimus,
3174 5421 3223 5480 si
3271 5422 3421 5496 ipsos
3451 5419 3630 5479 duces
3654 5426 3817 5492 atque.

2264 5634 2284 5671 ⁵
2315 5630 2513 5702 Laud.,
2562 5635 2691 5702 quot
2722 5627 2818 5702 hic
2871 5632 3057 5684 contra
3100 5642 3182 5702 _s_e.
3240 5621 3367 5702 Val.
3416 5620 3531 5690 CL,
3584 5625 3718 5695 quot
3761 5613 3811 5672 hi

2193 5712 2378 5762 contra
2407 5722 2477 5761 se.
2498 5696 2669 5761 nam.
2703 5701 2912 5768 Gcrm.,
2942 5704 3070 5770 quot
3096 5696 3217 5753 hinc
3242 5700 3435 5751 contra
3463 5709 3537 5749 se.

2266 5779 2289 5815 ⁸
2310 5775 2560 5844 Ebroic.,
2592 5773 2721 5829 recti
2746 5772 2851 5828 zeli
2871 5771 3140 5844 stimulus.

2265 5850 2286 5886 ⁷
2318 5849 2436 5917 Al.,
2466 5840 2759 5919 surripere,
2793 5850 2856 5901 ut
2883 5842 2942 5900 in
2967 5842 3044 5916 pl.
3074 5840 3207 5900 Mss.
