3936 6378
165 336 257 400 621
881 346 1256 413 MORALIUM
1295 355 1428 416 LIB.
1470 360 1678 420 XXXI.
1718 393 1791 408 --
1828 364 1899 423 IN
1938 366 2166 428 CAPUT
2203 369 2448 433 XXXIX
2487 376 2548 434 Β.
2589 377 2732 438 JOB.

165 468 457 576 exercitum
511 470 851 576 specialiter,
898 483 960 531 ut
1011 493 1340 576 possumus,
1382 486 1754 544 enumerando
1788 491 1839 550 Α
1867 491 2100 563 adipisci
2137 494 2430 568 desiderat,
2471 510 2674 573 quanto
2722 506 2980 576 gaudium
3028 526 3140 570 non
3187 512 3356 572 habet
3402 515 3473 573 ad

166 557 518 644 proferamus.
551 560 732 617 Radix
759 562 960 636 quippe
999 567 1183 624 cuncti
1213 569 1343 625 mali
1374 573 1629 644 superbia
1656 584 1757 644 est,

170 643 230 700 de
257 661 380 718 qua,
412 647 695 720 Scriptura
719 658 1033 724 attestante,
1061 654 1299 714 dicitur:
1334 643 1554 716 Initium
1591 643 1760 719 omnis

163 733 354 806 peccati
381 741 455 789 est
482 737 727 808 superbia
752 739 944 810 (Ecclt.
977 759 1032 812 x,
1065 744 1179 815 15).
1204 745 1402 803 Prima
1430 758 1614 805 autem
1643 749 1760 822 ejus

168 822 394 892 soboles,
436 832 642 896 septem
688 825 954 886 nimirum
987 831 1314 906 principalia
1344 836 1500 906 vitia,
1551 838 1617 894 de
1659 839 1760 897 hac

165 911 432 971 virulenta
463 914 643 972 radice
671 917 1049 991 proferuntur,
1091 923 1302 980 scilicet
1343 925 1524 984 inanis
1564 928 1756 1000 gloria,

164 1001 387 1071 invidia,
428 1002 531 1073 ira,
581 1004 826 1077 tristitia,
885 1009 1136 1080 avaritia,
1195 1013 1404 1072 ventris
1464 1017 1756 1088 ingluvies,

162 1091 394 1148 luxuria.
440 1093 577 1149 Nam
622 1095 751 1168 quia
799 1096 886 1153 his
914 1106 1122 1172 septem
1166 1102 1435 1175 superbiae
1463 1105 1618 1162 vitiis
1659 1123 1760 1164 nos

163 1190 338 1254 captos
367 1181 569 1252 doluit,
603 1182 810 1242 idcirco
837 1187 1172 1262 Redemptor
1202 1200 1388 1248 noster
1416 1193 1485 1248 ad
1512 1194 1757 1266 spiritale

162 1270 498 1328 liberationis
525 1273 781 1347 pralium
817 1276 1017 1350 spiritu
1050 1279 1389 1353 septiformis
1419 1290 1605 1354 gratia
1632 1284 1758 1357 ple-

159 1377 256 1418 nus
282 1362 453 1418 venit.

219 1451 304 1508 88.
353 1452 580 1525 Singula
607 1453 738 1511 vitia
767 1457 1024 1530 capitalia
1052 1475 1208 1515 suum
1235 1459 1424 1518 habent
1448 1462 1752 1522 exercitum.

154 1572 219 1583 —
245 1541 347 1599 Sed
391 1541 602 1600 habent
647 1553 838 1602 contra
884 1563 984 1604 nos
1032 1548 1150 1606 hac
1199 1550 1414 1626 singula
1451 1553 1754 1611 exercitum

155 1645 327 1689 suum.
357 1631 494 1690 Nam
532 1632 600 1689 de
643 1634 793 1691 inani
824 1636 999 1709 gloria
1029 1637 1429 1708 inobedientia,
1467 1640 1752 1714 jactantia,

151 1719 476 1795 hypocrisis,
511 1724 913 1795 contentiones,
962 1727 1299 1801 pertinacia,
1343 1729 1650 1801 discordia,
1701 1741 1754 1790 et

153 1813 452 1872 novitatum
514 1817 970 1890 prasumptiones
1027 1818 1305 1877 oriuntur.
1375 1823 1452 1878 De
1517 1822 1751 1894 invidia,
1784 1851 1830 1911 B

152 1901 355 1974 odium,
387 1906 716 1974 susurratio,
749 1905 1037 1976 detractio,
1090 1907 1386 1964 exsultatio
1417 1909 1474 1964 in
1504 1910 1750 1968 adversis

150 1993 402 2066 proximi,
447 1993 680 2058 aﬂlictio
725 2005 909 2053 autem
947 1996 1007 2052 in
1045 1998 1320 2071 prosperis
1360 1999 1624 2057 nascitur.
1672 2003 1750 2058 De

150 2079 244 2152 ira,
273 2082 435 2153 rixa,
467 2083 659 2141 tumor
685 2085 908 2156 mentis,
944 2088 1315 2158 contumelia,
1347 2089 1575 2159 clamor,
1607 2091 1750 2148 indi-

150 2171 345 2244 gnatio,
377 2173 740 2248 blasphemiae
778 2176 1154 2248 proferuntur.
1186 2180 1264 2236 De
1294 2180 1541 2251 tristitia,
1581 2181 1752 2238 mali-

147 2261 237 2334 tia,
263 2281 482 2335 rancor,
516 2265 964 2338 pusillanimitas,
996 2266 1326 2340 desperatio,
1379 2280 1568 2344 torpor
1605 2271 1752 2329 circa

147 2371 430 2436 praecepta,
467 2365 686 2437 vagatio
714 2365 916 2423 mentis
949 2363 1138 2422 1036
1169 2384 1293 2441 erga
1329 2367 1526 2425 illicita
1557 2369 1751 2426 nasci-

148 2461 249 2510 tur.
279 2455 357 2512 De
385 2454 645 2520 avaritia,
689 2456 954 2529 proditio,
1000 2457 1172 2527 fraus,
1210 2458 1449 2527 fallacia,
1484 2458 1749 2532 perjuria,

145 2543 488 2619 inquietudo,
508 2543 807 2615 violentia,
834 2555 889 2603 et
912 2557 1105 2604 contra
1125 2547 1560 2604 misericordiam
1579 2548 1748 2604 obdu—

146 2635 374 2693 rationes
401 2635 587 2693 cordis
615 2635 892 2692 oriuntur.
925 2638 1004 2693 De
1033 2637 1242 2693 ventris
1273 2636 1540 2711 ingluvie,
1563 2638 1752 2711 inepta

147 2724 356 2795 latitia,
397 2725 727 2794 scurrilitas,
758 2725 1137 2792 immunditia,
1168 2727 1609 2800 multiloquium,
1641 2726 1750 2783 he-

147 2815 343 2874 betudo
374 2832 571 2873 sensus
599 2817 747 2872 circa
774 2817 1198 2889 intelligentiam
1228 2825 1618 2890 propagantur.
1670 2820 1748 2874 De

147 2904 383 2974 luxuria,
430 2905 651 2962 cacitas
681 2904 904 2974 mentis,
935 2904 1386 2976 inconsideratio,
1418 2907 1748 2984 inconstan—

148 2995 235 3065 tia,
262 2994 652 3069 pracipitatio,
683 3011 838 3051 amor
865 2994 1181 3064 sui,odium
1204 2996 1326 3066 Dei,
1357 2997 1585 3054 affectus
1615 3013 1749 3070 pra-

148 3085 307 3142 sentis
349 3085 566 3152 saculi,
609 3084 806 3141 horror
853 3095 1034 3143 autem
1086 3087 1172 3142 vel
1217 3086 1524 3160 desperatio
1571 3087 1748 3144 futuri

149 3183 488 3249 generantur.
521 3174 662 3242 Quia
687 3191 815 3248 ergo
845 3183 1052 3249 septem
1083 3176 1412 3250 principalia
1439 3177 1578 3234 vitia
1607 3186 1741 3235 tan-

147 3274 250 3322 tam
293 3265 361 3322 de
405 3281 463 3321 se
493 3263 757 3320 vitiorum
803 3265 1218 3322 multitudinem
1267 3266 1573 3338 proferunt,
1615 3284 1742 3326 cum

149 3354 210 3410 ad
237 3372 330 3412 cor
349 3353 606 3423 veniunt,
626 3354 781 3428 quasi
799 3354 1182 3428 subsequentis
1202 3357 1478 3413 exercitus
1498 3367 1744 3414 catervas

148 3448 382 3505 trahunt.
415 3450 506 3505 Ex
535 3448 737 3522 quibus
761 3448 1022 3506 videlicet
1056 3458 1265 3522 septem
1296 3450 1540 3524 quinque
1569 3448 1744 3524 spiri-

149 3541 288 3612 talia,
318 3541 540 3616 duoque
568 3542 813 3599 carnalia
841 3548 989 3599 sunt.

211 3630 294 3689 89.
333 3631 747 3703 Unumquodque
773 3631 960 3688 vitium
990 3631 1167 3686 oritur
1200 3647 1265 3686 ea:
1297 3632 1486 3689 altera.
1526 3663 1598 3675 —
1638 3632 1744 3691 Sed

147 3723 572 3797 unumquodque
601 3739 791 3780 eorum
819 3730 972 3779 tanta
990 3720 1096 3778 sibi
1118 3721 1443 3793 cognatione
1466 3720 1740 3796 jungitur,

147 3819 203 3872 ut
228 3829 335 3870 non
363 3814 475 3872 nisi
506 3831 680 3871 unum
710 3814 776 3871 de
807 3815 977 3870 altero
1007 3812 1337 3886 proferatur.
1362 3812 1546 3890 Prima
1576 3829 1745 3870 nam-

151 3917 245 3976 que
271 3904 541 3978 superbiae
580 3903 797 3961 soboles
837 3901 1021 3959 inanis
1067 3909 1150 3958 est
1176 3897 1388 3974 gloria,
1439 3917 1559 3976 qua
1608 3902 1743 3958 dum

149 4011 442 4070 oppressam
476 4004 717 4053 mentem
739 3994 1066 4068 corruperit,
1091 4010 1222 4050 mox
1246 3992 1517 4050 invidiam
1542 3995 1740 4068 gignit,

149 4087 268 4158 quia
290 4087 558 4145 nimirum
588 4085 722 4144 dum
753 4085 881 4140 vani
912 4083 1156 4141 nominis
1180 4083 1484 4158 potentiam
1514 4083 1741 4156 appetit,

151 4191 211 4233 ne
237 4180 354 4253 quis
391 4179 542 4236 hanc
576 4177 721 4234 alius
755 4175 988 4250 adipisci
1017 4175 1199 4232 valeat
1232 4176 1482 4232 tabescit.
1527 4174 1746 4232 Invidia

149 4280 349 4343 quoque
376 4269 519 4326 iram
550 4277 792 4340 generat,
838 4266 967 4341 quia
1003 4273 1211 4340 quanto
1249 4267 1265 4300 ¹
1303 4265 1524 4321 interno
1552 4264 1744 4321 livoris

153 4357 364 4416 vulnere
393 4359 615 4415 animus
645 4356 945 4427 sauciatur,
995 4364 1149 4413 tanto
1177 4354 1346 4411 etiam
1381 4353 1744 4420 mansuetudo

150 4447 556 4523 tranquillitatis
584 4446 896 4514 amittitur;
929 4453 983 4502 et
1011 4446 1142 4520 quia
1169 4444 1326 4518 quasi
1355 4443 1548 4500 dolens
1576 4461 1742 4500 mem-

150 4532 298 4592 brum
326 4539 594 4611 tangitur,
626 4535 834 4593 idcirco
863 4535 1126 4608 opposita
1156 4534 1390 4592 actionis
1415 4549 1610 4589 manus
1638 4549 1744 4588 ve-

151 4621 226 4681 lut
252 4629 468 4700 gravius
515 4642 699 4700 pressa
740 4625 997 4683 sentitur.
1045 4624 1134 4681 Ex
1163 4623 1245 4680 ira
1274 4638 1490 4697 quoque
1517 4621 1743 4679 tristitia

151 4711 332 4784 oritur,
362 4717 494 4791 quia
525 4714 741 4771 turbata
769 4729 924 4770 mens
952 4729 1061 4787 quo
1091 4728 1146 4770 se
1176 4711 1491 4769 inordinate
1528 4726 1744 4769 concu-

154 4800 235 4871 tit,
279 4821 340 4861 eo
381 4804 694 4863 addicendo
735 4802 1070 4862 confundit:
1119 4809 1174 4859 et
1220 4819 1346 4859 cum
1394 4801 1743 4860 dulcedinem

155 4894 560 4967 tranquillitatis
584 4894 851 4962 amiserit,
882 4891 1025 4949 nihil
1053 4891 1197 4948 hanc
1224 4891 1333 4947 nisi
1362 4907 1432 4947 ex
1460 4891 1743 4964 perturba-

154 4978 292 5039 tione
319 4985 654 5058 subsequens
684 5000 886 5061 mceror
913 4982 1107 5061 pascit.
1139 4981 1386 5037 Tristitia
1415 4997 1632 5055 quoque
1671 4981 1742 5038 ad

155 5072 426 5130 avaritiam
455 5059 757 5144 derivatur,
780 5073 910 5148 quia
935 5071 1068 5129 dum
1091 5059 1383 5129 confusum
1414 5086 1510 5127 cor
1532 5070 1742 5126 bonum

154 5155 348 5221 latitia
379 5167 436 5222 in
464 5165 759 5238 semetipso
795 5165 945 5221 intus
975 5161 1242 5230 amiserit,
1286 5159 1432 5216 unde
1469 5159 1741 5216 consolari

159 5245 339 5312 debeat
378 5254 513 5316 foris
555 5255 780 5332 quaerit;
813 5261 867 5311 et
895 5260 1048 5312 tanto
1078 5249 1251 5325 magis
1279 5247 1555 5307 exteriora
1596 5247 1742 5305 bona

221 5480 238 5567 ξ
268 5481 386 5567 Yal.
418 5486 526 5567 Cl._,
556 5483 835 5567 interni."
870 5554 885 5567 _
920 5551 974 5567 Μ
1122 5554 1137 5567 .
1198 5553 1209 5567 .

217 5555 238 5590 ⁸
266 5557 470 5629 Germ.,
499 5551 674 5618 Laud.
702 5564 759 5615 et
783 5551 1025 5626 Val.Cl.,
1053 5553 1306 5614 subnixa.

218 5627 238 5705 ξ
265 5628 491 5705 Turon.,
511 5632 650 5705 ﬁeri.
909 5701 920 5705 _

221 5700 242 5786 ξ
267 5674 748 5786 ,
777 5717 880 5786 nec
905 5701 1111 5786 inepte,
1149 5707 1451 5786 censentur.

191 5771 237 5851 f
263 5773 362 5831 Ms.
391 5775 616 5835 Roberti
643 5771 982 5836 Grostheade
999 5771 1251 5850 episcopi
1279 5773 1530 5833 Lincoln.
1538 5815 1557 5846 ,
1583 5771 1739 5843 vade,

158 5856 260 5898 sine
285 5848 439 5918 culpa
463 5855 559 5908 est.

1869 583 2015 654 quod
2059 585 2394 645 intrinsecus
2440 602 2702 649 recurrat.
2745 595 2873 654 Post
2901 598 3018 658 hac
3043 619 3174 660 vero
3203 604 3314 662 duo
3342 623 3474 664 car-

1868 673 2016 729 nalia
2055 676 2219 746 vitia,
2252 677 2307 734 id
2333 688 2416 737 est
2443 683 2654 739 ventris
2684 685 2958 758 ingluvies
3001 698 3057 746 et
3097 693 3338 764 luxuria,
3369 715 3474 753 su-

1869 771 2112 854 persunt.
2145 765 2252 823 Sed
2281 771 2497 826 cunctis
2525 772 2700 844 liquet
2729 775 2878 847 quod
2897 776 2964 832 de
2987 780 3196 836 ventris
3225 781 3472 854 ingluvie

1869 853 2091 911 luxuria
2119 856 2384 928 nascitur,
2416 859 2548 917 dum
2570 862 2628 919 in
2648 863 2768 936 ipsa
2789 864 3182 926 distributione
3202 853 3472 930 membro-

1868 959 1989 998 rum
2023 947 2202 1002 ventri
2232 948 2490 1020 genitalia
2511 952 2796 1011 ’subnexa
2827 956 3138 1016 videantur.
3163 961 3314 1018 Unde
3339 963 3473 1021 dum

1868 1049 2043 1089 unum
2085 1033 2398 1096 inordinate
2437 1040 2705 1113 reﬁcitur,
2756 1046 2909 1104 aliud
2953 1051 3144 1121 procul
3187 1050 3358 1110 dubio
3405 1053 3473 1110 ad

1867 1125 2230 1184 contumelias
2253 1129 2551 1188 excitatur.

1940 1266 2077 1342 [Vet.
2128 1271 2386 1350 XXXII.]
2445 1274 2533 1332 90.
2597 1276 2839 1335 Fallacia
2894 1289 3228 1353 argumenta,
3285 1285 3474 1359 quibus

1864 1361 2118 1431 capitalia
2148 1363 2279 1419 vitia
2320 1372 2537 1420 mentem
2575 1366 2808 1440 decipere
2853 1372 3166 1431 moliuntur.
3212 1406 3283 1418 —
3328 1379 3474 1436 Bene

1863 1456 2045 1505 autem
2075 1451 2239 1509 duces
2269 1454 2552 1512 exhortari
2577 1456 2713 1514 dicti
2743 1468 2894 1530 sunt,
2925 1462 3200 1521 exercitus
3237 1466 3470 1540 ululare,

1864 1539 1994 1613 quia
2029 1540 2207 1613 prima
2235 1543 2350 1600 vita
2395 1544 2633 1619 decepta
2683 1550 2855 1605 menti
2904 1552 3061 1624 quasi
3103 1553 3205 1610 sub
3236 1539 3471 1629 quadam

1864 1629 2076 1684 ratione
2119 1647 2176 1686 se
2224 1630 2494 1702 inserunt,
2546 1635 2641 1692 sed
2671 1636 2962 1695 innumera
2992 1657 3112 1714 qua
3141 1655 3470 1717 sequuntur,

1863 1716 1995 1773 dum
2036 1719 2178 1776 hanc
2219 1721 2288 1777 ad
2335 1739 2555 1779 omnem
2604 1723 2876 1782 insaniam
2920 1716 3267 1801 pertrahunt,
3314 1734 3471 1807 quasi

1861 1806 2079 1863 bestiali
2109 1810 2345 1866 clamore
2374 1811 2748 1869 confundunt.
2779 1814 2967 1871 Inanis
3010 1833 3248 1892 namque
3295 1822 3470 1892 gloria

1859 1897 2140 1954 devictum
2170 1916 2265 1955 cor
2294 1900 2451 1973 quasi
2481 1917 2551 1957 ex
2580 1901 2794 1959 ratione
2825 1903 2965 1959 solet
2993 1905 3298 1978 exhortari,
3344 1927 3471 1966 cum

1860 1989 2033 2045 dicit:
2067 1990 2242 2046 Debes
2270 1990 2477 2063 majora
2501 1999 2772 2066 appetere,
2825 2001 2886 2050 ut
2930 2012 3039 2070 quo
3069 2005 3336 2070 potestate
3365 2017 3474 2057 va-

1861 2078 2029 2135 lueris
2070 2079 2274 2136 multos
2303 2081 2585 2151 excedere,
2629 2099 2693 2138 eo
2735 2083 2901 2139 etiam
2952 2086 3135 2142 valeas
3181 2095 3234 2144 et
3282 2091 3473 2148 multis

1860 2165 2134 2238 prodesse.
2171 2167 2386 2223 Invidia
2414 2185 2631 2243 quoque
2663 2170 2946 2229 devictum
2980 2190 3074 2230 cor
3102 2174 3257 2247 quasi
3287 2191 3356 2231 ex
3387 2193 3469 2233 ra-

1860 2255 2010 2311 tione
2039 2256 2177 2312 solet
2204 2255 2509 2326 exhortari,
2540 2275 2666 2315 cum
2697 2259 2868 2316 dicit:
2902 2261 2964 2317 In
2993 2278 3103 2335 quo
3133 2262 3232 2318 illo
3253 2265 3341 2319 vel
3372 2263 3472 2322 illo

1861 2343 2043 2400 minor
2071 2345 2172 2400 es?
2197 2361 2298 2401 cur
2327 2362 2455 2418 ergo
2485 2347 2564 2403 eis
2593 2349 2678 2403 vel
2711 2349 2954 2422 aqualis,
2979 2352 3066 2408 vel
3089 2352 3339 2424 superior
3358 2369 3471 2409 non

1859 2434 1960 2490 es?
1981 2435 2194 2502 Quanta
2223 2434 2372 2490 vales
2396 2451 2516 2508 qua
2546 2435 2630 2492 illi
2656 2453 2767 2492 non
2798 2439 3028 2494 valent?
3053 2440 3174 2496 Non
3203 2456 3332 2511 ergo
3365 2441 3470 2497 tibi

1860 2532 1956 2579 aut
1985 2523 2292 2595 superiores
2321 2539 2461 2592 esse,
2493 2531 2587 2580 aut
2624 2525 2790 2580 etiam
2831 2527 3066 2599 aquales
3112 2527 3333 2584 debent.
3384 2529 3473 2584 Ira

1860 2612 2024 2668 etiam
2055 2613 2334 2669 devictum
2363 2630 2459 2670 cor
2481 2614 2637 2687 quasi
2659 2631 2728 2672 ex
2753 2616 2964 2674 ratione
2989 2618 3129 2674 solet
3159 2618 3468 2688 exhortari,

1859 2719 1986 2760 cum
2014 2703 2152 2760 dicit
2177 2721 2188 2759 :
2228 2703 2359 2772 Qua
2387 2720 2514 2777 erga
2540 2712 2594 2761 te
2623 2716 2864 2779 aguntur
2893 2707 3314 2782 aquanimiter3
3337 2708 3471 2766 ferri

1860 2809 1972 2848 non
2001 2801 2252 2866 possunt,
2283 2793 2396 2850 imo
2426 2793 2544 2852 hac
2586 2795 2858 2868 patienter
2904 2799 3137 2854 tolerare
3184 2806 3469 2870 peccatum

1859 2889 1958 2949 est,
1993 2881 2122 2955 quia
2153 2883 2255 2938 etsi
2285 2899 2398 2940 non
2431 2883 2509 2939 eis
2539 2899 2664 2940 cum
2696 2901 2895 2958 magna
2924 2888 3341 2961 exasperatione
3370 2903 3468 2944 re...

1857 2971 2094 3038 sistitur,
2145 2979 2338 3028 contra
2364 2978 2419 3028 te
2448 2972 2708 3046 deinceps
2737 2975 2857 3030 sine
2885 2991 3144 3031 mensura
3166 2977 3469 3032 cumulan-

1856 3067 1968 3117 tur.
2001 3059 2249 3117 Tristitia
2277 3076 2494 3134 quoque
2524 3061 2805 3118 devictum
2836 3080 2930 3120 cor
2959 3065 3114 3137 quasi
3145 3081 3214 3121 ex
3252 3064 3467 3121 ratione

1856 3151 1995 3208 solet
2024 3149 2328 3217 exhortari,
2364 3167 2491 3208 cum
2523 3150 2696 3208 dicit:
2746 3151 2893 3218 Quid
2940 3151 3108 3210 habes
3151 3155 3295 3211 unde
3325 3173 3469 3228 gau-

1772 3212 1816 3274 c
1851 3242 2000 3314 deas,
2031 3259 2157 3300 cum
2185 3212 2337 3298 tanta
2366 3241 2510 3298 mala
2537 3240 2605 3298 de
2628 3212 2898 3314 proximis
2926 3245 3151 3318 portas?
3176 3212 3457 3319 Perpende

1852 3349 1977 3391 cum
2021 3349 2130 3406 quo
2161 3347 2392 3389 maerore
2421 3348 2614 3388 omnes
2640 3331 2896 3389 intuendi
2931 3342 3062 3390 sunt
3098 3335 3195 3408 qui
3225 3335 3285 3392 in
3311 3345 3466 3396 tanto

1851 3436 2046 3486 contra
2074 3437 2126 3486 te
2152 3427 2539 3486 amaritudinis
2574 3427 2764 3486 1037
2792 3429 2921 3486 felle
2943 3432 2964 3466 ⁸
2986 3440 3303 3490 vertuntur.
3322 3437 3465 3492 Ava-

1851 3519 1984 3576 ritia
2031 3534 2250 3592 quoque
2295 3517 2578 3575 devictum
2621 3520 2870 3576 animum
2923 3519 3080 3594 quasi
3128 3537 3200 3578 ex
3253 3523 3466 3579 ratione

1851 3610 1992 3668 solet
2019 3608 2322 3678 exhortari,
2355 3624 2481 3665 cum
2512 3609 2690 3668 dicit:
2725 3613 2747 3646 ⁵
2778 3610 2950 3670 Valde
2989 3611 3108 3667 sine
3154 3611 3316 3683 culpa
3356 3619 3461 3681 est,

1851 3700 2002 3774 quod
2040 3701 2289 3772 quaedam
2321 3699 2574 3757 habenda
2604 3700 2971 3774 concupiscis,
3008 3699 3137 3774 quia
3166 3717 3279 3756 non
3307 3703 3465 3757 mul-

1857 3792 2094 3866 tiplicari
2129 3794 2340 3866 appetis
2386 3793 2483 3851 sed
2528 3796 2550 3830 θ
2591 3809 2746 3866 egere
2789 3793 3170 3866 pertimescis;
3215 3801 3270 3849 et
3311 3793 3463 3866 quod

1853 3889 1996 3945 male
2036 3889 2180 3946 alius
2225 3890 2446 3958 retinet,
2495 3890 2610 3962 ipse
2657 3889 2855 3944 melius
2900 3888 3187 3962 expendis.
3237 3887 3461 3945 Ventris

1853 3993 2070 4052 quoque
2099 3979 2372 4052 ingluvies
2401 3978 2682 4035 devictum
2711 3994 2806 4036 cor
2834 3979 2990 4050 quasi
3014 3993 3085 4033 ex
3113 3978 3326 4033 ratione
3355 3993 3457 4033 so-

1852 4070 1927 4125 let
1947 4068 2250 4137 exhortari,
2267 4084 2393 4125 cum
2414 4068 2582 4125 dicit:
2603 4068 2690 4124 Ad
2706 4083 2858 4124 esum
2878 4068 3026 4123 Deus
3045 4065 3231 4122 omnia
3253 4065 3459 4123 munda

1852 4159 2123 4228 condidit,
2141 4167 2197 4215 et
2221 4158 2316 4232 qui
2342 4157 2528 4215 satiari
2549 4158 2674 4215 cibo
2694 4158 2925 4231 respuit,
2953 4157 3088 4231 quid
3119 4156 3272 4213 aliud
3293 4173 3458 4232 quam

1853 4249 2071 4307 muneri
2101 4265 2358 4308 concesso
2387 4247 2759 4305 contradicit?
2787 4247 3036 4303 Luxuria
3061 4261 3278 4320 quoque
3307 4246 3458 4303 devi-

1853 4349 2005 4402 ctum
2033 4357 2130 4398 cor
2157 4339 2313 4414 quasi
2336 4355 2406 4396 ex
2424 4338 2635 4395 ratione
2667 4339 2806 4394 solet
2834 4337 3280 4406 exhortari,cum
3298 4337 3454 4394 dicit:

1851 4433 1964 4491 Cur
1992 4440 2044 4489 te
2071 4432 2133 4487 in
2153 4431 2434 4504 voluptate
2462 4437 2559 4487 tua
2586 4428 2752 4486 modo
2780 4445 2893 4484 non
2922 4427 3140 4496 dilatas,
3163 4444 3292 4484 cum
3323 4427 3459 4501 quid

1849 4531 1906 4580 te
1932 4529 2193 4598 sequatur
2220 4521 2486 4596 ignoras?
2513 4523 2816 4593 Acceptum
2845 4529 3062 4592 tempus
3090 4518 3150 4575 in
3170 4517 3459 4575 desideriis

1852 4614 2077 4687 perdere
2122 4629 2236 4670 non
2279 4611 2467 4682 debes,
2515 4613 2645 4685 quia
2691 4627 2857 4685 quam
2903 4610 3072 4668 citius
3122 4616 3458 4682 pertranseat

1856 4704 2054 4762 nescis.
2085 4704 2144 4761 Si
2172 4704 2319 4760 enim
2342 4703 2562 4762 misceri
2591 4704 2737 4760 Deus
2767 4701 3050 4758 hominem
3079 4699 3139 4757 in
3173 4701 3456 4772 voluptate

1853 4795 2035 4852 coitus
2061 4795 2256 4864 nollet,
2286 4793 2347 4852 in
2378 4793 2498 4868 ipso
2532 4792 2762 4850 humani
2807 4791 3020 4865 generis
3061 4788 3290 4847 exordio
3329 4805 3458 4846 ωει-

1851 4886 2068 4942 sculum
2098 4891 2153 4941 et
2178 4884 2442 4940 feminam
2473 4899 2584 4940 non
2610 4883 2829 4938 fecisset
2870 4882 3078 4953 (Gates.
3111 4896 3150 4948 ι,
3182 4879 3299 4951 27).
3328 4879 3456 4936 Hac

1851 4983 1933 5030 est
1961 4973 2163 5031 ducum
2191 4973 2527 5042 exhortatio,
2549 4989 2670 5046 qua
2686 4972 2818 5028 dum
2842 4971 3062 5028 incaute
3084 4969 3154 5025 ad
3182 4974 3454 5024 secretum

1849 5065 2034 5123 cordis
2089 5063 2424 5132 admittitur,
2500 5060 2834 5118 familiarius
2889 5060 3082 5132 iniqua
3140 5057 3451 5132 persuadet.

1849 5154 2025 5223 Quam
2073 5153 2334 5211 videlicet
2363 5156 2383 5190 ⁷
2423 5154 2699 5210 exercitus
2741 5151 2962 5206 ululans
3010 5147 3278 5221 sequitur,
3323 5149 3453 5221 quia

1851 5246 2048 5305 infelix
2077 5245 2261 5303 anima
2288 5245 2456 5303 semel
2473 5261 2505 5302 a
2524 5240 2921 5318 principalibus
2940 5239 3094 5298 vitiis
3122 5247 3299 5312 capta,
3317 5238 3451 5296 dum

1920 5484 1942 5521 ⁸
1973 5481 2186 5543 Vitiose
2216 5478 2274 5535 in
2303 5477 2472 5536 Gilot.
2506 5475 2688 5537 Vatic.
2720 5482 2774 5534 et
2803 5475 2900 5543 al.,
2931 5475 3020 5532 sed
3046 5487 3217 5545 agere.
3256 5471 3454 5530 Corri-

1848 5565 2050 5628 guntur
2079 5569 2149 5609 ex
2177 5551 2598 5628 Mss._A_nglic.,
2644 5551 2862 5620 Norm.,
2913 5549 3124 5616 Germ.,
3171 5553 3302 5616 etc.,
3336 5545 3452 5604 imo

1846 5623 2014 5684 {etiam
2045 5642 2115 5683 ex
2144 5631 2254 5679 vet.
2288 5623 2452 5695 Vulg.

1917 5701 1937 5736 ⁷
1970 5701 2052 5756 Ita
2077 5699 2206 5755 Mss.
2226 5692 2488 5763 Vindoc.,
2517 5693 2716 5765 Laud.,
2745 5693 2960 5765 Norm.,
2982 5693 3093 5754 duo
3115 5692 3446 5762 Gea'm.,.etc.

1845 5770 2022 5842 Editi,
2047 5770 2304 5827 exercitus
2326 5769 2588 5826 ululatus.
