3936 6388
1689 380 1938 450 SANCTI
1975 383 2313 451 GBEGOBII
2349 387 2574 452 MAGNl
2665 449 2671 455 .

3679 387 3788 449 624

457 517 844 590 multiplicatis
861 515 1326 592 iniquitatibusin
1339 515 1612 575 insaniam
1628 517 1882 584 venitur,
1901 515 2057 571 ferali
2089 519 2138 580 Α
2167 515 2236 572 ad
2273 516 2516 572 volatum
2555 523 2708 573 tanto
2746 515 3008 573 leviorem
3055 524 3262 590 quanto
3305 515 3596 574 noviorem
3648 519 3792 575 red-

449 607 567 680 jam
594 607 941 666 immanitate
960 615 1228 668 vastatur.

525 696 618 754 91.
651 697 812 767 Quid,
842 714 908 754 ne
926 697 1062 755 vitia
1087 705 1325 766 noceant,
1353 699 1631 772 agendum.
1671 726 1743 738 —
1769 694 1876 754 Sed
1901 695 2061 752 miles

453 785 576 854 Dei,
609 784 741 860 quia
766 787 996 844 solerter
1021 789 1324 862 praevidere
1353 787 1619 844 vitiorum
1649 783 1950 844 certamina
1978 785 2060 842 ni-

456 874 616 944 titur,
643 875 854 933 bellum
883 878 1075 950 procul
1104 878 1387 946 odoratur,
1413 877 1543 951 quia
1570 875 1715 932 mala
1737 874 2060 948 prmeuntia,

457 963 594 1036 quid
622 965 793 1021 menti
825 966 1149 1038 persuadere
1180 967 1420 1034 valeant,
1438 965 1570 1022 dum
1597 965 1930 1038 cogitatione
1958 966 2062 1022 sol-

457 1051 614 1109 licita
634 1053 878 1126 respicit,
903 1054 1350 1110 exhortationem
1371 1053 1576 1110 ducum
1593 1055 1744 1110 naris
1773 1054 2064 1127 sagacitate

458 1139 840 1213 deprehendit.
863 1144 936 1199 Et
965 1143 1096 1218 quia
1123 1160 1156 1200 a
1185 1143 1344 1215 longe
1371 1142 1709 1216 praesciendo
1731 1142 2064 1217 subsequen-

456 1231 599 1289 tium
630 1231 986 1307 iniquitatum
1013 1234 1392 1292 confusionem
1423 1234 1714 1308 conspicit,
1743 1233 1899 1308 quasi
1928 1233 2066 1290 ulu-

458 1322 633 1380 latum
666 1324 943 1382 exercitus
969 1323 1252 1382 odorando
1283 1326 1585 1398 cognoscit.
1875 1375 1897 1400 ,

531 1413 706 1486 Igitur
733 1413 864 1488 quia
892 1415 980 1470 vel
1014 1413 1433 1488 praedicatorem
1477 1413 1598 1483 Dei,
1647 1413 1737 1470 vel
1767 1412 2067 1488 quemlibet

460 1500 723 1577 spiritalis
751 1503 1072 1561 certaminis
1102 1503 1336 1560 militem
1368 1503 1705 1576 descriptum
1731 1502 1859 1576 equi
1885 1519 2068 1560 narra-

462 1595 614 1653 tione
642 1593 1025 1668 cognovimus,
1055 1609 1208 1651 nunc
1235 1593 1490 1650 eumdem
1518 1593 1720 1651 iterum
1752 1594 1809 1650 in
1839 1595 1957 1651 avis
1984 1593 2071 1649 si—

463 1681 816 1757 gniﬁcatione
857 1682 1166 1753 videamus,
1200 1692 1264 1740 ut
1292 1682 1388 1756 qui
1416 1699 1513 1756 per
1540 1698 1742 1757 equum
1773 1681 2072 1740 didicimus

463 1770 588 1844 ejus
625 1770 1036 1842 fortitudinem,
1085 1772 1252 1828 etiam
1281 1788 1377 1845 per
1403 1789 1559 1829 avem
1603 1773 1880 1832 discamus
1921 1773 2072 1830 illius

2165 602 2284 662 dat.

2242 692 2381 768 [νει.
2408 693 2698 770 ΧΧΧῙΙΙ.]
2727 694 2816 752 93.
2846 694 2935 752 Ad
2953 695 3088 750 hanc
3105 695 3500 752 renovationem
3527 713 3786 754 necessa-

2168 781 2259 838 ria
2289 781 2566 852 confessio.
2587 813 2658 824 —
2687 785 2758 840 Et
2785 783 2923 840 bene
2951 782 3030 840 ait
3054 800 3066 839 :
3097 784 3380 856 Empandit
3407 786 3528 841 atas
3556 802 3690 842 suas
3717 786 3792 842 ad

2171 870 2450 926 Austrum.
2484 872 2616 928 Alas
2643 872 2845 946 quippe
2872 879 3086 930 nostras
3125 871 3197 928 ad
3245 873 3515 930 Austrum
3563 889 3794 946 expan-

2172 958 2298 1016 dere
2320 968 2402 1017 est
2430 977 2526 1032 per
2553 961 2852 1018 adventum
2878 961 3056 1018 sancti
3084 961 3324 1034 Spiritus
3353 971 3573 1022 nostras
3602 963 3794 1021 conﬁ-

2173 1051 2338 1108 tendo
2367 1051 2729 1124 cogitationes
2763 1052 2994 1125 aperire,
3023 1061 3086 1109 ut
3108 1051 3226 1125 jam
3255 1069 3368 1110 non
3399 1053 3571 1112 libeat
3598 1053 3792 1111 defen-

2173 1140 2354 1198 dendo
2386 1157 2487 1198 nos
2529 1149 2730 1214 tegere,
2776 1141 2871 1199 sed
2914 1141 3224 1200 accusando
3271 1141 3580 1216 publicare.
3637 1144 3798 1201 Tunc

2174 1245 2302 1303 ergo
2344 1229 2608 1303 accipiter
2653 1231 2970 1304 plumescit,
3000 1247 3126 1288 cum
3157 1229 3226 1288 ad
3252 1231 3522 1289 Austrum
3552 1231 3672 1289 alas
3701 1249 3798 1290 ex-

2175 1319 2449 1394 panderit,
2479 1319 2607 1394 quia
2633 1327 2768 1378 tunc
2802 1319 3183 1394 unusquisque
3211 1336 3268 1376 se
3297 1320 3573 1378 virtutum
3595 1321 3801 1394 pennis

2177 1407 2381 1477 induit,
2414 1424 2542 1464 cum
2571 1416 2763 1466 sancto
2791 1407 3024 1482 Spiritui
3054 1407 3421 1481 cogitationes
3449 1426 3578 1468 suas
3605 1411 3802 1469 conﬁ-

2178 1497 2344 1554 tendo
2372 1497 2694 1554 substernit.
2723 1496 2828 1566 Qui
2852 1496 3002 1554 enim
3033 1506 3218 1554 vetera
3243 1497 3468 1555 fatendo
3498 1516 3613 1558 non
3646 1499 3799 1557 dete-

2181 1587 2280 1658 git,
2325 1602 2484 1642 novae
2514 1586 2642 1642 vitae
2672 1601 2838 1658 opera
2880 1585 3111 1642 minime
3156 1585 3436 1660 producit,
3473 1589 3570 1661 qui
3618 1590 3802 1648 nescit

2181 1677 2364 1748 lugere
2396 1673 2546 1748 quod
2575 1681 2786 1748 gravat,
2830 1691 2941 1732 non
2969 1675 3115 1731 vale’t
3143 1675 3388 1748 proferre
3417 1675 3567 1750 quod
3597 1677 3799 1736 suble-

2179 1771 2293 1820 vat.
2338 1765 2460 1837 Ipsa
2497 1779 2734 1838 namque
2775 1763 3220 1836 compunctionis
3261 1764 3348 1820 vis
3393 1781 3557 1838 poros
3601 1765 3798 1824 cordis

463 1859 1010 1932 contemplationem.
1049 1859 1194 1928 Quia
1235 1860 1383 1918 enim
1431 1878 1528 1934 per
1573 1861 1902 1936 descriptam
1943 1861 2075 1935 equi
2105 1887 2152 1948 B
2187 1853 2382 1948 aperit,
2413 1859 2468 1909 et
2490 1853 2706 1948 plumas
2734 1851 3006 1908 virtutum
3037 1850 3252 1948 fundit;
3283 1867 3522 1948 cumque
3551 1869 3610 1948 se
3629 1853 3654 1890 σ
3683 1860 3798 1948 ειη.

465 1947 906 2021 magnitudinem
934 1947 1252 2008 audivimus
1277 1958 1544 2026 quantum
1563 1959 1757 2010 contra
1771 1950 2073 2010 certamina

466 2035 734 2094 vitiorum
763 2035 852 2094 vir
878 2045 1102 2096 sanctus
1121 2055 1217 2112 per
1237 2039 1559 2113 patientiam
1577 2041 1796 2110 tolerat,
1811 2057 1960 2097 nunc
1979 2056 2074 2112 per

465 2126 655 2184 avium
679 2125 918 2199 speciem
943 2144 1335 2216 cognoscamus
1381 2134 1650 2204 quantum
1697 2145 1793 2202 per
1833 2135 2075 2186 contem-

465 2214 766 2290 plationem
794 2217 968 2274 volat.
996 2214 1288 2292 Sequitur:

831 2396 1060 2458 CAPUT
1086 2397 1264 2458 XLVI
1295 2395 1441 2473 [nea
1474 2395 1715 2472 XVIII].

540 2515 714 2576 Vnus.
743 2515 834 2574 26.
855 2546 927 2558 —
944 2516 1206 2587 Nunquid
1227 2533 1327 2588 per
1354 2514 1673 2587 sapientiam
1699 2531 1854 2570 suam
1874 2515 2076 2586 plume-

471 2605 568 2662 scit
597 2605 845 2678 accipiter
867 2607 885 2642 ί
907 2604 1212 2678 eapandens
1233 2605 1354 2660 alas
1383 2619 1508 2660 suas
1533 2603 1608 2660 ad
1632 2604 1934 2660 Austrum?

541 2721 634 2779 92.
678 2721 872 2778 Gratia
906 2720 1007 2778 Dei
1052 2725 1271 2776 veterem
1300 2719 1558 2775 hominem
1591 2717 1968 2792 exspoliamus.
1999 2720 2077 2776 De

470 2811 724 2885 accipitre
749 2812 993 2885 quadam
1018 2818 1206 2868 natatu
1243 2812 1424 2884 digna.
1469 2841 1540 2853 —
1583 2811 1723 2880 Quia
1764 2827 1860 2884 per
1903 2827 2077 2868 annos

471 2905 722 2978 singulos
761 2919 998 2977 pennam
1042 2911 1281 2960 veterem
1321 2903 1584 2976 accipiter
1631 2918 1777 2958 nova
1821 2909 2078 2960 nascente

472 2994 752 3069 projiciat,
809 3011 872 3052 ac
926 2994 1047 3050 sine
1107 2992 1518 3050 intermissione
1566 2993 1890 3066 plumescat,
1941 3008 2079 3066 pene

472 3084 662 3141 nullus
691 3083 928 3156 ignorat.
973 3083 1096 3140 Non
1130 3091 1311 3140 autem
1341 3081 1436 3139 hic
1463 3081 1604 3139 illud
1633 3082 1836 3155 plumae
1868 3090 2080 3155 tempus

472 3172 699 3243 dicitur,
749 3189 859 3246 quo
903 3173 962 3229 in
1003 3171 1138 3228 nido
1167 3173 1421 3240 vestitur,
1469 3169 1600 3244 quia
1632 3179 1768 3228 tunc
1812 3167 2080 3226 nimiruin

449 3262 654 3326 .adhuc
682 3261 942 3318 videlicet
987 3261 1174 3332 pullus
1205 3260 1278 3316 ad
1305 3261 1569 3316 Austrum
1615 3259 1728 3316 alas
1773 3258 2082 3332 expandere
2115 3247 2160 3309 C

473 3366 589 3408 non
618 3351 786 3417 valet,
827 3349 924 3406 sed
964 3349 1062 3404 illa
1099 3363 1282 3404 annua
1322 3347 1514 3420 pluma
1559 3347 1911 3418 describitur,
1961 3364 2082 3422 quae

475 3439 664 3496 laxata
691 3437 866 3494 veteri
894 3452 1076 3510 penna
1093 3443 1412 3492 renovatur.
1429 3437 1502 3492 Et
1519 3435 1746 3508 quidem
1767 3436 2084 3496 domesticls

478 3525 841 3600 accipitribus
859 3541 970 3600 quo
990 3525 1191 3581 melius
1209 3525 1546 3598 plumescere
1566 3523 1802 3582 debeant
1817 3526 1839 3560 ³
1855 3524 2086 3584 humida

477 3631 543 3673 ac
568 3613 814 3689 tepentia
842 3614 965 3671 loca
989 3613 1368 3688 requiruntur.
1403 3613 1728 3686 Agrestibus
1755 3631 1887 3671 vero
1917 3614 2087 3672 moris

479 3711 563 3762 est
588 3711 653 3760 ut
675 3702 844 3760 ﬂante
870 3705 1076 3760 Austro
1103 3703 1218 3760 alas
1230 3702 1566 3776 expandant,
1597 3711 1867 3777 quatenus
1895 3720 2085 3762 eorum

479 3793 730 3852 membra
755 3792 826 3850 ad
851 3791 1144 3850 laxandam
1183 3808 1418 3865 pennam
1448 3799 1686 3850 veterem
1717 3795 1870 3851 venti
1901 3801 2086 3867 tepore

479 3883 882 3943 concalescant.
909 3881 1048 3941 Cum
1069 3898 1201 3940 vero
1229 3889 1428 3938 ventus
1456 3881 1628 3952 deest,
1658 3883 1761 3940 alis
1787 3890 1978 3940 contra
2005 3899 2088 3939 ra-

479 3973 606 4030 dios
647 3971 783 4030 solis
821 3972 1068 4029 extensis
1121 3979 1284 4046 atque
1338 3970 1633 4044 percussis,
1679 3978 1953 4044 tepentem
1980 3971 2089 4028 sibi

479 4077 673 4120 auram
701 4061 936 4132 faciunt,
967 4061 1156 4134 sicque
1183 4061 1388 4134 apertis
1413 4061 1564 4132 poris
1591 4060 1680 4117 vel
1709 4067 1920 4116 veteres
1947 4057 2090 4115 exsi-

481 4151 650 4219 liunt,
669 4150 759 4207 vel
780 4166 940 4208 novat
959 4155 1332 4208 succrescunt.
1357 4148 1503 4218 Quid
1521 4155 1605 4206 est
1621 4164 1750 4220 ergo
1767 4147 2088 4221 accipitrem

483 4247 543 4305 in
561 4247 769 4304 Austro
781 4247 1140 4320 plumescere,
1172 4245 1284 4302 nisi
1312 4245 1458 4318 quod
1487 4245 1866 4319 unusquisque
1898 4242 2090 4301 1038

483 4342 804 4394 sanctorum
834 4341 1015 4390 tactus
1041 4333 1177 4391 ﬂatu
1207 4333 1386 4391 sancti
1413 4335 1653 4407 Spiritus
1687 4337 1708 4370 ³
1739 4335 2088 4405 concalescit,

484 4433 560 4495 et,
595 4440 761 4482 usum
789 4430 1021 4480 vetusta:
1049 4423 1486 4482 conversationis
1512 4423 1798 4496 abjiciens,
1827 4424 1962 4481 novi
1985 4423 2088 4481 ho-

485 4513 656 4572 minis
686 4513 921 4569 formam
937 4513 1151 4570 sumit?
1179 4513 1338 4582 Quod
1358 4513 1561 4572 Paulus
1579 4514 1856 4586 admonet,
1878 4515 2085 4577 dicens:

486 4601 868 4674 Easpoliantes
886 4618 986 4658 eos
1012 4607 1236 4658 veterem
1261 4603 1519 4660 hominem
1557 4620 1676 4660 cum
1715 4605 1916 4661 actibus
1961 4609 2093 4678 suis,
2124 4609 2174 4672 D

487 4698 538 4748 et
565 4691 838 4747 induentes
859 4707 1056 4746 novum
1081 4690 1318 4762 (Coloss.
1343 4708 1428 4762 In,
1454 4692 1536 4764 9).
1563 4691 1637 4749 Et
1664 4708 1920 4750 rursum:
1951 4695 2094 4751 Licet

486 4779 535 4836 is
561 4779 656 4852 qui
680 4777 821 4850 foris
848 4784 924 4836 est
949 4785 1130 4836 noster
1158 4781 1310 4836 homo
1340 4782 1362 4816 ‘
1391 4786 1791 4854 corrumpatur,
1840 4787 2011 4838 tamen
2044 4783 2092 4840 is

489 4869 585 4944 qui
603 4870 749 4927 intus
769 4876 847 4926 est
871 4877 1162 4928 renouatur
1188 4871 1252 4928 de
1279 4871 1364 4928 die
1381 4871 1438 4927 in
1454 4871 1591 4928 diem
1612 4873 1700 4945 (II
1719 4873 1847 4932 Cor.
1871 4889 1950 4941 Iv,
1975 4874 2088 4948 i6).

489 4959 778 5019 Vetustam
824 4968 1010 5019 autem
1055 4976 1293 5034 pennam
1335 4959 1602 5034 projicere
1657 4968 1740 5018 est
1792 4961 2096 5019 inveterata

488 5050 672 5108 studia
697 5050 904 5108 dolosa:
937 5049 1172 5108 actionis
1199 5049 1472 5119 amittere,
1519 5058 1575 5107 et
1613 5067 1816 5107 novam
1859 5068 2094 5124 pennam

489 5157 704 5198 sumere
735 5147 820 5198 est
846 5139 1039 5197 mitem
1063 5155 1128 5197 ac
1151 5138 1461 5212 simplicem
1488 5138 1629 5196 bene
1658 5141 1679 5176 δ
1710 5140 1949 5197 vivendo
1977 5158 2097 5199 sen-

2187 1941 2338 1999 diose
2370 1959 2523 1999 mens
2547 1942 2614 1998 de
2644 1941 2798 2014 pigra
2817 1947 3086 1997 vetustate
3106 1940 3407 2014 redarguit,
3437 1941 3610 1999 alacri
3635 1942 3801 1999 novi-

2184 2038 2294 2088 tate
2313 2030 2645 2104 juvenescit.
2676 2029 2904 2087 Dicatur
2929 2045 3058 2102 ergo
3076 2029 3234 2086 beato
3254 2029 3357 2086 Job
3380 2046 3394 2087 :
3421 2029 3683 2102 Nunquid
3698 2048 3802 2104 per

2185 2121 2498 2194 sapientiam
2529 2127 2672 2176 tuam
2697 2121 2978 2193 plumescit
3005 2120 3273 2192 accipiter,
3325 2121 3630 2194 expandens
3675 2122 3799 2178 alas

2186 2230 2310 2270 suas
2338 2213 2410 2269 ad
2436 2213 2734 2270 Austrum?
2760 2210 2817 2268 id
2846 2219 2948 2282 est,
2977 2211 3243 2286 Nunquid
3271 2211 3505 2270 cuilibet
3527 2213 3708 2271 electo
3738 2221 3799 2271 tu

2186 2301 2609 2374 intelligentiam
2653 2300 2961 2370 contulisti,
3007 2308 3070 2358 ut
3115 2300 3284 2358 ﬂante
3326 2309 3518 2359 sancto
3563 2301 3797 2376 Spiritu,

2185 2392 2581 2467 cogitationum
2621 2392 2734 2449 alas
2774 2390 3074 2464 expandat,
3115 2399 3386 2466 quatenus
3415 2391 3662 2466 pondera
3689 2409 3799 2450 ve—
3854 2411 3860 2416 ·

2183 2491 2345 2541 tustae
2372 2480 2806 2541 conversationis
2834 2479 3079 2553 abjiciat,
3100 2487 3155 2538 et
3182 2480 3456 2538 virtutum
3487 2482 3709 2555 plumas
3739 2482 3798 2539 in

2187 2590 2347 2630 usum
2379 2573 2512 2630 novi
2541 2573 2760 2629 volatus
2788 2579 2971 2629 sumat
2987 2571 3016 2629 ?
3041 2572 3113 2630 Ut
3140 2571 3276 2628 hinc
3295 2571 3557 2631 videlicet
3575 2573 3804 2646 colligat

2187 2662 2317 2737 quia
2347 2661 2692 2736 vigilantiam
2719 2678 2914 2719 sensus
2942 2661 3002 2718 in
3029 2662 3325 2735 semetipso
3353 2679 3422 2720 ex
3447 2675 3507 2720 se
3536 2679 3650 2720 non
3687 2661 3803 2719 ha-

2185 2753 2299 2821 bet,
2331 2751 2427 2825 qui
2458 2751 2602 2810 hanc
2630 2768 2700 2808 ex
2729 2767 2785 2808 se
2819 2751 3069 2808 conferre
3096 2751 3222 2809 aliis
3250 2768 3598 2827 nequaquam
3627 2753 3799 2810 valet.

2187 2843 2372 2899 Potest
2399 2841 2563 2898 etiam
2594 2857 2691 2915 per
2717 2840 2867 2898 hunc
2895 2839 3214 2913 accipitrem
3235 2849 3499 2898 renovata
3518 2841 3804 2914 gentilitas

2190 2931 2486 3004 designari,
2514 2947 2578 2988 ac
2605 2929 2654 2986 si
2688 2929 2848 2988 beato
2876 2929 2978 2986 Job
3005 2935 3190 3002 aperte
3219 2928 3530 2988 diceretur:
3563 2931 3804 2987 Futuras

2190 3021 2459 3078 virtutum
2503 3021 2717 3094 plumas
2758 3021 2817 3076 in
2861 3019 3166 3092 gentilitate
3209 3021 3440 3095 respice,
3469 3028 3525 3078 et
3553 3028 3803 3078 vetustas

2191 3111 2460 3184 superbia:
2489 3125 2696 3183 pennas
2724 3109 2935 3167 amitte.
2970 3109 3268 3182 Sequitur:

2557 3205 2785 3265 CAPUT
2821 3206 3022 3265 XLVII
3053 3205 3197 3282 [Rea
3230 3207 3366 3265 XIX
3371 3205 3416 3280 ’1.

2263 3307 2434 3366 Vnus.
2465 3307 2556 3364 27.
2584 3335 2656 3348 -—
2683 3305 2938 3377 Nunquid
2959 3307 3034 3361 ad
3054 3312 3374 3380 praeceptum
3404 3311 3553 3364 tuum
3581 3307 3602 3343 ⁷
3633 3309 3811 3366 eleva-

2193 3397 2336 3453 bitur
2361 3397 2570 3468 aquila,
2599 3402 2648 3453 et
2674 3397 2730 3452 in
2756 3396 2946 3454 arduis
2965 3403 3129 3469 ponet
3150 3397 3335 3454 nidum
3366 3398 3468 3455 sibi
3487 3401 3516 3457 ἵ

2263 3486 2354 3544 94.
2390 3486 2530 3555 Quid
2556 3487 2754 3559 aquilae
2779 3484 2988 3542 nomine
3017 3487 3304 3560 Scriptura
3330 3505 3490 3546 sacra
3525 3489 3811 3564 signiﬁcet.

2193 3579 2542 3638 Insidiatores
2587 3578 2834 3652 spiritus,
2875 3583 3182 3650 potestatem
3231 3584 3517 3650 terrenam,
3563 3582 3818 3640 subtilem

2195 3675 2495 3726 sanctorum
2525 3669 2945 3744 intelligentiam,
2974 3671 3054 3726 vel
3086 3670 3287 3729 Christi
3323 3673 3700 3732 ascensionem.
3739 3707 3818 3720 —

2196 3761 2258 3817 In
2305 3760 2590 3833 Scriptura
2629 3776 2784 3816 sacra
2817 3760 3087 3818 vocabulo
3118 3761 3321 3836 aquilae
3349 3761 3653 3838 aliquando
3679 3781 3818 3823 ma-

2195 3845 2334 3921 ligni
2362 3847 2588 3920 spiritus
2616 3855 2861 3920 raptores
2888 3847 3222 3920 animarum,
3243 3849 3544 3925 aliquando
3574 3869 3817 3925 praesen-

2195 3938 2270 3994 tis
2284 3937 2468 3995 saeculi
2485 3945 2800 4011 potestates,
2822 3938 3120 4012 aliquando
3141 3954 3276 3998 vero
3306 3943 3396 3999 vel
3423 3941 3816 4002 subtilissimas

2195 4035 2511 4086 sanctorum
2540 4027 2938 4102 intelligentiae,
2958 4028 3046 4085 vel
3068 4028 3386 4090 incarnatus
3403 4031 3684 4090 Dominus
3700 4034 3818 4092 ima

2196 4118 2448 4177 celeriter
2473 4121 2842 4191 transvolans,
2873 4127 2928 4178 et
2959 4136 3090 4179 mox
3129 4138 3345 4181 summa
3368 4131 3623 4198 repetens
3651 4124 3816 4184 desi-

2198 4219 2415 4287 gnatur.

2267 4301 2597 4376 Aquilarum
2621 4298 2844 4359 nomine
2864 4299 3216 4359 insidiatores
3233 4300 3464 4375 spiritus
3479 4305 3821 4376 exprimun.

2196 4397 2310 4460 tur,
2335 4391 2570 4448 Ieremia
2597 4397 2908 4460 attestante,
2938 4391 3034 4466 qui
3063 4391 3175 4449 ait:
3221 4391 3511 4451 Vetociores
3541 4401 3672 4450 sunt
3691 4413 3821 4467 per.

2196 4485 2450 4536 secutores
2468 4478 2642 4536 nostri
2657 4481 2856 4551 aquilis
2885 4479 2998 4536 caeli
3028 4479 3258 4554 (Thren.
3292 4501 3372 4555 Iv,
3405 4486 3520 4559 19).
3554 4486 3822 4546 Ρθτεθοιιο

2206 4576 2351 4626 tores
2388 4570 2538 4626 enim
2565 4570 2740 4628 nostri
2770 4571 2972 4646 aliquis
3010 4571 3133 4630 coeli
3165 4573 3469 4632 velociores
3498 4583 3656 4644 sunt,
3689 4593 3820 4633 cum

2203 4667 2356 4718 tanta
2383 4668 2576 4718 contra
2613 4678 2715 4718 nos
2752 4662 2983 4736 maligni
3012 4661 3270 4720 homines
3309 4664 3547 4736 faciunt,
3581 4675 3646 4722 ut
3675 4666 3824 4739 ipsas

2201 4750 2365 4806 etiam
2395 4766 2578 4808 aereas
2605 4759 2897 4824 potestates
2927 4752 3345 4810 inventionibus
3369 4755 3599 4812 malitia:
3621 4755 3821 4828 praeire

2200 4837 2513 4894 videantur.

2270 4929 2489 5002 Aquilae
2517 4929 2683 4987 etiam
2713 4929 2982 4989 vocabulo
3012 4938 3252 5005 potestas
3283 4939 3500 4991 terrena
3519 4933 3821 5007 ﬁguratur.

2203 5019 2358 5076 Unde
2411 5036 2508 5093 per
2561 5021 2906 5080 Ezechielem
2948 5024 3277 5098 prophetam
3322 5025 3563 5084 dicitur:
3615 5027 3824 5099 Aquila

2202 5109 2444 5181 grandis,
2475 5129 2792 5184 magnarum
2819 5114 3058 5183 alarum,
3089 5117 3240 5188 longo
3268 5105 3630 5172 membrorum
3661 5117 3826 5173 ductu

489 5245 614 5286 sum
652 5237 861 5288 tenere.
909 5229 1099 5286 Penna
1144 5199 1382 5304 nam-que
1424 5227 1628 5286 veteris
1664 5230 2100 5288 conversationis
2199 5199 2380 5304 Ριωξα-
2394 5201 2609 5304 ωαντιίὶ
2629 5209 2676 5304 εξ
2703 5203 2983 5304 “rima?
3007 5205 3148 5261 υθπίί
3173 5207 3554 5304 ιξιίζιίὲαηωηι
3581 5213 3653 5304 νεί
3703 5208 3827 5264 “‘m

492 5326 704 5390 gravat,
734 5327 790 5376 et
832 5320 1024 5393 pluma
1061 5336 1220 5377 novae
1265 5299 1670 5376 iinmutationis
1715 5319 1989 5392 sublevat,
2037 5338 2080 5379 u‘

2202 5301 2494 5359 medullam
2520 5301 2686 5367 cedri,
2716 5305 2764 5358 et
2791 5301 3143 5359 summitatem
3174 5299 3365 5359 1039
3395 5300 3685 5376 frondium
3710 5303 3825 5376 ejus

572 5499 588 5534 ²
620 5495 834 5585 Laud.,_
866 5499 1146 5585 expandit:
1165 5498 1256 5558 Sic
1283 5499 1713 5585 eﬂ‘ertur_infra_
1739 5499 1832 5558 hic
1875 5507 2092 5585 textus:

494 5569 752 5642 expandit
775 5572 898 5626 alas
923 5569 1048 5626 suas
1074 5573 1146 5628 ad
1173 5579 1436 5630 austrum.
1463 5574 1600 5630 Alas
1657 5574 1832 5646 uippe,
1864 5581 1968 5631 etc.

571 5641 594 5675 ²
641 5640 885 5715 Turon.,
931 5641 1050 5715 duo
1083 5642 1293 5712 Germ.,
1325 5645 1588 5714 Vindoc.,
1619 5589 1828 5713 iam,
1868 5646 2094 5715 Pratel.,

491 5717 746 5795 munita;
771 5712 974 5784 quibus
1003 5712 1444 5795 obsequeremur,
1475 5712 1586 5772 nisi
1614 5712 1914 5773 ridiculum
1945 5712 2096 5795 vide-

493 5790 649 5858 retur
677 5782 862 5840 dicere
906 5785 1126 5841 munita
1147 5782 1286 5842 'loca
1324 5795 1578 5858 praestare
1623 5796 1686 5845 ut
1733 5803 1860 5846 aves
1899 5790 2098 5848 melius

492 5855 860 5927 plumescant.

2278 5501 2299 5536 ³
2329 5496 2533 5554 Turon.
2544 5541 2561 5568 ,
2591 5496 2925 5554 convalescit.

2277 5573 2298 5644 4
2327 5570 2552 5644 [irate],
2575 5569 2686 5626 duo
2713 5569 2877 5644 Germ
2888 5613 2914 5644 ._
2932 5567 3140 5644 et_Yal.
3159 5568 3284 5644 91.,
3323 5573 3722 5644 corrumpitur.

2277 5643 2298 5678 δ
2330 5640 2492 5714 garb.
2526 5643 2734 5709 Germ.,
2766 5640 2966 5709 Laud.,
2989 5641 3112 5700 Val.
3147 5641 3229 5700 Cl.
3255 5651 3310 5699 et
3334 5640 3558 5714 Norm.,
3585 5646 3819 5703 vivendi.

2284 5716 2306 5750 ⁸
2337 5712 2574 5770 Vindoc.
2607 5721 2661 5768 et
2689 5715 2904 5781 Norm.,
2934 5714 3194 5771 studiosa.

2205 5783 2500 5932 cegsLaud'
2527 5793 2583 5842 et
2615 5785 2734 5843 val'
2773 5784 2883 5854 Cl"
2913 5786 3214 5846 elevatur”
3239 5788 3427 5860 Ροπίίὶ
3454 5797 3510 5847 ei
3536 5790 3625 5846 sic
3649 5788 3824 5846 dein-
