3936 6384
119 342 218 400 629

851 342 1232 404 MORALIUM
1270 345 1411 407 LIB.
1452 345 1665 408 XXXI.
1701 375 1774 394 -
1809 349 1881 408 IN
1919 349 2148 412 CAPUT
2185 353 2431 413 XXXIX
2468 357 2531 416 B.
2571 359 2715 418 JOB.

3341 369 3448 430 630

122 466 449 527 Intentionis
469 468 646 526 aciem
666 466 886 526 fortiter
901 468 1164 539 tendunt,
1191 469 1287 527 sed
1306 469 1579 528 necdum‘
1603 489 1726 546 pro-
1754 482 1807 543 Α
1835 474 2078 535 dicitur:
2128 479 2196 536 In
2225 479 2442 536 excelsis
2476 481 2751 541 habitabit.
2784 484 2944 553 Quod
2971 485 3065 547 hic
3093 488 3333 551 dicitur:
3375 495 3448 554 In

120 558 382 630 pinquum
424 556 728 632 aspiciunt,
768 557 928 631 cujus
976 558 1247 616 claritatis
1289 561 1729 634 magnitudinem

120 653 396 718 penetrare
425 661 772 722 nequaquam
801 656 1053 720 possunt.
1075 649 1126 706 A
1155 649 1276 706 luce
1307 650 1454 708 enim
1491 650 1512 686 ³
1543 649 1728 708 incor-

118 735 362 808 ruptibili
391 736 575 808 caligo
616 751 717 793 nos
764 745 966 794 nostra:
1001 739 1374 812 corruptionis
1421 738 1680 796 obscurat
1710 763 1725 813 ;

121 839 348 897 cumque
365 831 423 879 et
443 824 623 882 videri
650 825 999 899 aliquatenus
1022 833 1219 900 potest,
1242 835 1295 885 et
1317 835 1499 883 tamen
1543 827 1725 892 videri

123 914 212 970 lux
241 913 383 986 ipsa,
413 914 564 970 sicut
593 923 693 984 est,
712 931 824 972 non
854 923 1054 988 potest,
1087 933 1250 990 quam
1283 918 1445 990 longe
1474 917 1548 974 sit
1578 916 1723 973 indi-

119 1011 215 1061 cat.
247 1003 423 1072 Quam
455 1005 503 1060 si
533 1020 690 1062 mens
721 1014 1004 1080 utcunque
1033 1023 1147 1064 non
1179 1015 1452 1078 cerneret,
1476 1024 1577 1065 nec
1597 1009 1727 1082 quia

120 1097 268 1167 longe
296 1101 439 1151 esset
464 1093 700 1152 videret.
733 1096 792 1152 Si
822 1103 1008 1153 autem
1042 1097 1281 1169 perfecte
1299 1097 1418 1170 jam
1449 1104 1720 1181 cerneret,

118 1185 353 1258 profecto
373 1183 524 1242 hanc
546 1186 704 1260 quasi
724 1203 822 1259 per
840 1185 1134 1259 caliginem
1153 1203 1266 1244 non
1289 1187 1520 1244 videret.
1544 1187 1724 1259 lgitur

117 1273 238 1348 quia
266 1291 367 1332 nec
395 1275 630 1332 omnino
658 1276 929 1342 cernitur,
962 1292 1064 1333 nec
1093 1293 1314 1334 rursum
1345 1278 1575 1334 omnino
1603 1292 1715 1332 non

115 1365 373 1435 cernitur,
407 1372 559 1422 recte
605 1365 816 1424 dictum
868 1373 971 1435 est,
1001 1367 1128 1439 quia
1163 1383 1195 1425 a
1244 1367 1403 1440 longe
1449 1368 1596 1425 Deus
1623 1367 1720 1422 vi-

118 1453 286 1511 detur.

180 1605 301 1662 102.
333 1604 506 1670 Isaice
530 1605 628 1661 hac
653 1604 716 1660 de
744 1620 803 1660 re
823 1603 1192 1662 testimonium.
1225 1603 1423 1660 Actium
1448 1602 1570 1658 vitae
1595 1620 1718 1675 gra-

113 1694 254 1751 dibus
277 1693 348 1750 ad
375 1693 841 1766 contemplationis
871 1694 1076 1748 culmen
1116 1692 1440 1748 ascenditur.
1466 1721 1537 1732 -
1555 1691 1718 1747 Libet

114 1784 177 1841 ad
204 1783 451 1840 medium
483 1782 645 1840 Isaiae
681 1781 851 1838 verba
878 1781 1169 1850 deducere,
1200 1788 1362 1856 atque
1391 1779 1508 1838 haec
1535 1788 1589 1838 et
1618 1781 1715 1836 illa

115 1876 133 1907 ³
163 1889 324 1946 quam
353 1889 469 1930 uno
519 1871 722 1946 spiritu
768 1871 1120 1945 proferantur
1149 1869 1413 1928 indicare.
1454 1870 1560 1938 Qui
1590 1887 1717 1927 cum

116 1965 300 2024 activae
328 1964 462 2022 vitae
501 1964 739 2022 virtutes
766 1964 1120 2037 exprimeret,
1147 1963 1368 2037 dicens:
1406 1963 1510 2031 Qui
1536 1963 1716 2018 ambu-

117 2061 184 2115 lat
209 2059 264 2115 in
277 2057 543 2130 justitiis,
573 2064 623 2115 et
653 2057 894 2130 loquitur
919 2056 1215 2126 veritatem,
1230 2056 1324 2127 qui
1343 2055 1566 2128 projicit
1593 2073 1717 2114 ava-

114 2148 284 2205 ritiam
302 2166 368 2206 ex
389 2147 689 2214 calumnia,
707 2153 754 2203 et
772 2147 968 2204 excutit
984 2163 1175 2202 manus
1202 2162 1328 2202 suas
1355 2145 1421 2201 ab
1442 2145 1585 2201 omni
1605 2162 1718 2201 mu-

116 2255 246 2304 nere,
273 2237 367 2308 qui
394 2237 618 2293 obturat
644 2253 809 2293 aures
837 2253 964 2292 suas
997 2252 1065 2291 ne
1090 2233 1281 2291 audiat
1312 2234 1641 2306 sanguinem,
1671 2240 1720 2290 et

117 2326 304 2383 claudit
329 2326 513 2382 oculos
533 2340 658 2395 suos
676 2342 742 2382 ne
773 2323 1164 2382 videatmalum
1182 2323 1340 2395 (Isai.
1371 2339 1579 2393 χχχιιι,
1600 2323 1714 2396 15),

122 2415 260 2473 illico
280 2413 350 2471 ab
379 2413 636 2486 ejusdem
666 2413 865 2472 activae
896 2412 1026 2470 vita
1055 2411 1316 2486 gradibus
1343 2411 1412 2468 ad
1441 2427 1562 2485 quae
1589 2427 1716 2468 con-

118 2505 492 2579 templationis
537 2505 784 2563 culmina
829 2503 1157 2562 ascendatur
1183 2502 1462 2575 adjunxit,
1491 2501 1712 2560 dicens:

119 2596 214 2652 Iste
237 2596 295 2651 in
321 2593 546 2653 eatcelsis
573 2593 853 2662 habitabit,
876 2597 898 2630 ⁴
925 2594 1251 2649 munimenta
1279 2609 1536 2648 saxorum
1555 2590 1714 2646 subli-

116 2685 257 2741 mitas
279 2685 420 2757 ejus,
446 2685 610 2757 panis
656 2684 707 2740 ei
736 2685 893 2740 datus
921 2689 1017 2751 est,
1047 2699 1200 2754 aqua
1227 2681 1340 2752 ejus
1367 2682 1544 2754 ﬁdeles
1572 2685 1712 2737 sunt.

114 2775 283 2844 Regem
312 2775 372 2829 in
387 2774 572 2829 decore
591 2789 684 2828 suo
702 2771 955 2828 uidebunt
973 2771 1115 2828 oculi
1133 2769 1267 2840 ejus,
1289 2777 1498 2825 cernent
1517 2775 1716 2825 terram

115 2862 168 2916 de
189 2863 339 2936 longe
359 2861 838 2935 (Ibid.,16,l7).ln
857 2858 1096 2916 excelsis
1112 2874 1348 2932 namque
1368 2858 1617 2915 habitare
1635 2865 1717 2915 est

117 2967 200 3008 cor
243 2952 304 3008 in
334 2949 656 3008 caelestibus
685 2964 910 3022 ponere.
958 2949 1032 3005 Et
1071 2947 1418 3005 munimenta
1451 2963 1714 3006 saxorum

115 3041 418 3099 sublimitas
447 3048 636 3097 nostra
663 3049 768 3110 est,
797 3055 924 3096 cum
945 3039 1177 3095 fortium
1207 3045 1426 3111 patrum
1447 3043 1717 3110 praecepta

116 3138 162 3186 et
186 3130 442 3204 exempla
471 3128 805 3203 respicimus
833 3136 996 3202 atque
1038 3127 1106 3184 ab
1147 3126 1342 3183 inﬁma
1382 3125 1715 3198 cogitatione

115 3235 439 3293 separamur.
489 3218 840 3276 Munimenta
885 3233 1145 3274 saxorum
1186 3216 1498 3273 sublimitas
1528 3222 1715 3270 nostra
1748 3205 1791 3265 C

114 3318 205 3381 est,
234 3328 360 3369 cum
391 3317 580 3368 mente
610 3308 799 3368 choris
828 3309 1129 3382 castrisque
1171 3306 1488 3365 caelestibus
1511 3305 1712 3379 jungi-

114 3415 246 3470 mur,
275 3407 330 3456 et
357 3399 693 3457 insidiantes
725 3399 997 3470 malignos
1025 3397 1253 3470 spiritus
1282 3403 1489 3453 stantes
1511 3396 1568 3452 in
1588 3412 1710 3453 arce

113 3489 282 3546 cordis
310 3489 471 3565 quasi
502 3487 900 3562 subterpositos
929 3502 1331 3560 expugnamus.
1369 3485 1523 3542 Tunc
1551 3484 1711 3540 nobis

114 3577 265 3634 etiam
290 3580 450 3652 panis
483 3577 668 3647 datur,
703 3577 834 3652 quia
869 3577 927 3632 in
959 3574 1210 3650 supernis
1238 3583 1417 3632 erecta
1449 3573 1708 3643 intentio,

113 3668 425 3726 aternitatis
456 3666 925 3740 contemplatione
955 3664 1218 3723 reﬁcitur.
1242 3665 1416 3737 Aquae
1436 3663 1586 3720 enim
1612 3679 1707 3720 no-

115 3762 226 3812 stra:
245 3755 432 3814 ﬁdeles
451 3763 609 3824 sunt,
627 3755 758 3829 quia
769 3754 1021 3812 doctrina
1039 3753 1139 3810 Dei
1161 3752 1310 3828 quod
1329 3752 1421 3809 hic
1441 3769 1536 3825 per
1556 3768 1707 3826 spem

115 3845 394 3916 promittit,
447 3845 563 3902 hoc
604 3843 723 3902 illic
769 3845 829 3900 in
873 3859 1101 3900 munere
1139 3840 1384 3898 exhibet.
1431 3841 1710 3914 Sapientia

117 3951 337 4010 namque
357 3936 533 4011 hujus
554 3933 753 3991 mundi
773 3933 1018 3991 inﬁdelis
1035 3941 1134 4002 est,
1160 3932 1289 4007 quia
1311 3948 1566 3989 mansura
1587 3939 1709 4004 post

114 4033 331 4083 mortem
347 4043 462 4084 non
484 4032 583 4082 est.
603 4025 775 4099 Aqua
799 4031 1000 4080 nostrae
1017 4022 1206 4079 ﬁdeles
1217 4029 1367 4091 sunt,
1393 4021 1524 4095 quia
1543 4020 1710 4078 verba

117 4111 232 4169 vitae
259 4115 404 4190 quod
457 4121 590 4170 ante
628 4119 863 4169 mortem
912 4110 1225 4180 insinuant,
1256 4109 1364 4167 hoc
1391 4109 1557 4165 etiam
1587 4116 1709 4182 post

117 4210 330 4261 mortem
381 4204 789 4262 demonstrant.
825 4203 1026 4276 Regem
1067 4202 1124 4258 in
1173 4200 1368 4256 decore
1416 4215 1517 4254 suo
1559 4198 1708 4256 oculi

116 4292 275 4348 nostri
301 4292 677 4368 conspiciunt,
704 4291 835 4367 quia
858 4290 1192 4364 Redemptor
1220 4297 1406 4345 noster
1420 4288 1478 4343 in
1494 4286 1708 4360 judicio

117 4386 164 4434 et
187 4396 218 4437 a
252 4385 502 4457 reprobis
535 4388 728 4446 1043
759 4383 928 4440 homo
957 4380 1261 4448 videbitur,
1282 4377 1378 4436 sed
1406 4377 1475 4434 ad
1505 4377 1708 4434 divini-

119 4479 235 4536 tatis
252 4479 366 4554 ejus
395 4480 725 4541 intuendam
747 4478 1138 4539 celsitudinem
1153 4475 1258 4533 soli
1283 4473 1378 4550 qui
1395 4471 1556 4530 electi
1580 4478 1710 4529 sunt

1835 568 2005 639 petris
2032 575 2227 636 manet,
2247 576 2296 626 et
2322 571 2378 626 in
2390 573 2685 645 prceruptis
2706 575 2942 633 silicibus
2969 588 3349 654 commoratur,
3364 590 3444 640 at-

1839 673 1937 728 que
1964 659 1984 693 ⁸
2014 658 2290 715 inaccessis
2316 661 2562 733 rupibus,
2595 661 2701 720 boc
2731 663 2850 722 illic
2895 665 3218 739 subjicitur:
3251 672 3446 731 Muni-

1837 756 2010 806 menta
2043 767 2300 807 saxorum
2328 753 2630 809 sublimitas
2649 752 2781 824 q'us.
2805 754 2964 824 Quod
2983 774 3172 816 rursus
3201 760 3295 819 hic
3315 763 3447 820 sub-

1837 838 2105 898 infertur:
2138 842 2268 898 Inde
2297 845 2680 916 contemplatur
2709 861 2898 916 escam,
2935 845 3042 904 hoc
3074 848 3194 906 illic
3223 866 3442 924 quoque

1835 929 2126 988 subditur:
2163 932 2330 988 Panis
2359 933 2407 989 ei
2452 933 2610 989 datus
2639 940 2733 1000 est,
2763 951 2919 1007 aqua:
2948 935 3061 1006 ejus
3088 939 3268 1012 fideles
3297 947 3441 1008 sunt,

1833 1020 2019 1091 Regem
2052 1019 2110 1074 in
2138 1019 2320 1077 decore
2344 1037 2438 1076 suo
2461 1021 2710 1078 videbunt
2735 1024 2877 1081 oculi
2905 1024 3039 1095 ejus.
3071 1027 3143 1083 Et
3172 1028 3323 1101 quod
3349 1029 3444 1087 hic

1832 1113 2218 1186 subjungitur:
2255 1116 2408 1173 Oculi
2425 1115 2539 1187 ejus
2567 1116 2629 1173 de
2659 1118 2805 1190 longe
2818 1120 3173 1192 prospiciunt,
3199 1121 3305 1181 hoc
3327 1122 3444 1181 illic

1832 1211 1955 1275 apte
1985 1203 2312 1277 subjicitur:
2351 1206 2576 1262 Cernent
2606 1213 2806 1264 terram
2833 1209 2895 1264 de
2925 1211 3091 1282 longe.

1903 1289 2042 1365 [Vet.
2075 1293 2230 1350 XXX
2238 1293 2353 1369 VL]
2387 1295 2505 1352 103.
2539 1296 2746 1352 Paulus
2774 1314 2936 1368 quam
2965 1299 3205 1356 sublimis
3227 1301 3436 1372 aquila.

1827 1411 1899 1422 —
1915 1380 2339 1439 Consideremus
2359 1399 2523 1456 quam
2546 1384 2800 1441 sublimis
2816 1386 3001 1462 aquila
3020 1387 3189 1444 fuerit
3210 1388 3434 1459 Paulus,

1829 1471 1924 1544 qui
1952 1487 2127 1545 usque
2156 1470 2226 1528 ad
2248 1472 2473 1529 tertium
2501 1474 2704 1530 cmlum
2724 1476 2936 1532 volavit
2965 1477 3062 1546 (II
3080 1478 3208 1535 Cor.
3226 1495 3329 1547 χιι,
3348 1479 3432 1552 2),

1827 1557 1922 1614 sed
1937 1565 2120 1615 tamen
2140 1559 2199 1615 in
2220 1557 2324 1618 hac
2344 1560 2458 1616 vita
2473 1561 2684 1633 positus
2700 1578 2728 1619 e
2741 1563 3044 1637 longinquo
3065 1565 3248 1624 adhuc
3258 1569 3435 1624 Deum

1827 1648 2111 1720 prospicit,
2142 1649 2239 1723 qui
2259 1649 2336 1706 ait
2355 1668 2367 1707 :
2411 1651 2653 1709 Videmus
2671 1669 2810 1708 nunc
2833 1670 2933 1726 per
2948 1671 3100 1726 specu
3109 1657 3217 1712 lum
3236 1656 3294 1711 in
3311 1657 3438 1714 aeni-

1823 1744 2013 1809 gmate,
2049 1743 2173 1793 tunc
2217 1745 2394 1795 autem
2422 1738 2559 1810 facie
2586 1741 2659 1796 ad
2683 1740 2874 1811 faciem
2900 1743 2928 1814 (
2932 1743 2966 1798 Ι
2995 1744 3123 1800 Cor.
3153 1761 3282 1813 xm,
3316 1745 3432 1818 12).

1753 1843 1799 1905 Β
1829 1828 1900 1885 Et
1946 1845 2195 1886 rursum:
2241 1833 2356 1902 Ego
2395 1847 2475 1886 me
2511 1848 2618 1886 non
2663 1833 2908 1888 arbitror
2936 1835 2958 1870 ⁸
2987 1836 3436 1906 comprehendisse

1826 1919 2060 1992 (Philip.
2092 1936 2175 1987 ιιι,
2230 1919 2343 1992 13).
2387 1919 2494 1977 Sed
2525 1921 2781 1994 quamvis
2816 1929 3022 1980 aeterna
3049 1924 3208 1980 valde
3250 1925 3436 1983 minus

1827 2025 1993 2082 quam
2021 2016 2153 2065 sunt
2181 2008 2300 2081 ipse
2319 2010 2646 2082 conspiciat,
2667 2012 2922 2085 quamvis
2943 2028 3005 2069 ea
3028 2028 3085 2070 se
3100 2029 3430 2086 cognoscere

1827 2098 2065 2172 perfecte
2091 2114 2203 2155 non
2235 2114 2392 2172 posse
2419 2108 2734 2172 cognoscat,
2781 2101 3024 2160 inﬁrmis
3048 2110 3234 2160 tamen
3262 2103 3433 2162 audi-

1825 2189 2039 2248 toribus
2059 2203 2123 2246 ea
2137 2191 2256 2263 ipsa
2274 2190 2568 2248 infundere
2583 2191 2935 2264 praedicando
2957 2209 3068 2250 non
3090 2202 3291 2268 potest,
3309 2211 3432 2268 quae

1827 2279 2013 2336 videre
2046 2281 2240 2337 saltem
2270 2297 2367 2353 per
2391 2281 2678 2355 speculum
2709 2289 2763 2339 et
2793 2282 3091 2356 imaginem
3122 2292 3320 2357 potest.
3352 2287 3432 2342 De

1825 2368 2118 2442 semetipso
2147 2369 2350 2443 quippe
2373 2377 2635 2444 tanquam
2666 2370 2732 2427 de
2759 2371 2869 2429 alio
2904 2373 3174 2446 loquitur,
3204 2373 3427 2433 dicens:

1824 2459 2048 2516 Audiuit
2073 2476 2275 2516 arcana
2293 2460 2476 2526 verba,
2505 2477 2622 2532 qua:
2647 2477 2756 2516 non
2787 2461 2907 2518 licet
2931 2463 3135 2518 homini
3165 2464 3311 2535 loqui
3334 2466 3432 2535 (ΙΙ

1830 2548 1957 2605 Cor.
1980 2565 2082 2617 χιι,
2104 2549 2185 2621 4).
2204 2551 2428 2606 Interna
2441 2565 2570 2624 ergo
2590 2550 2845 2624 quamvis
2865 2551 3098 2609 minima
3113 2561 3167 2610 et
3182 2560 3430 2611 extrema

1826 2637 2382 2707 videantur,fortibus
2391 2646 2574 2698 tamen
2586 2639 3038 2713 praedicatoribus
3047 2658 3264 2699 summa
3274 2649 3425 2712 sunt,

1825 2726 2063 2784 inﬁrmis
2092 2743 2222 2784 vero
2251 2728 2596 2786 auditoribus
2624 2728 2976 2803 incapabilia.
3010 2729 3165 2787 Unde
3191 2739 3246 2788 et
3274 2748 3426 2805 prae-

1824 2815 2095 2873 dicatores
2124 2817 2321 2888 sancti,
2353 2835 2479 2876 cum
2509 2818 2789 2876 auditores
2817 2835 2946 2878 suos
2973 2819 3286 2878 divinitatis
3305 2838 3424 2879 ver-

1822 2905 1957 2962 bum
1986 2921 2178 2978 capere
2216 2922 2329 2962 non
2355 2922 2514 2979 posse
2533 2907 2906 2980 conspiciunt,
2933 2907 3001 2965 ad
3028 2909 3146 2966 sola
3174 2909 3426 2968 incarna-

1824 2995 1993 3051 tionis
2023 2994 2314 3052 dominicaa
2343 2995 2513 3052 verba
2544 2994 2902 3053 descendunt.
2955 2997 3111 3054 Unde
3137 2999 3278 3055 bene
3305 2999 3420 3068 hic,

1823 3084 1957 3142 dum
1984 3084 2270 3142 sublevata
2298 3085 2356 3141 in
2371 3084 2558 3142 arduis
2588 3085 2775 3159 aquila
2803 3087 2823 3122 ⁷
2856 3085 3017 3159 longe
3047 3086 3235 3144 videre
3263 3087 3418 3147 dici-

1820 3185 1932 3244 tur,
1965 3175 2120 3234 illico
2147 3175 2527 3234 subinfertur:

2245 3290 2474 3348 CAPUT
2502 3290 2597 3347 LII
2636 3288 2780 3364 [Rec.
2815 3289 2993 3366 XXI].

1891 3385 2062 3442 Vnus.
2094 3383 2181 3440 30.
2210 3415 2279 3426 —
2305 3383 2455 3440 Pulli
2479 3381 2589 3452 ejus
2622 3381 2859 3439 lambunt
2877 3383 3204 3456 sanguinem.

1894 3473 2016 3531 104.
2054 3473 2329 3532 Passionis
2374 3471 2575 3528 Christi
2614 3471 2951 3528 meditatione
2981 3472 3132 3545 pasci
3161 3472 3419 3530 debemus.

1817 3595 1888 3608 —
1916 3566 1996 3622 Ac
2038 3564 2085 3620 si
2114 3570 2297 3638 aperte
2326 3561 2634 3619 diceretur:
2680 3563 2802 3635 Ipsa
2844 3560 3067 3635 quidem
3106 3559 3424 3621 divinitatis

1817 3653 2282 3728 contemplatione
2311 3653 2573 3726 pascitur,
2602 3651 2698 3709 sed
2730 3653 2860 3726 quia
2886 3651 3164 3709 auditores
3193 3651 3311 3724 ejus
3339 3651 3422 3708 di-

1818 3745 2070 3802 vinitatis
2112 3745 2390 3818 percipere
2429 3759 2632 3801 arcana
2658 3758 3004 3817 nequaquam
3036 3749 3286 3814 possunt,
3316 3756 3422 3799 co-

1819 3834 1972 3908 gnito
2001 3833 2258 3893 cruciﬁxi
2284 3833 2510 3891 Domini
2538 3848 2734 3890 cruore
2762 3831 3053 3888 satiantur.
3085 3829 3419 3902 Sanguinem

1818 3941 2056 4000 namque
2083 3924 2325 3982 lambere
2351 3932 2432 3980 est
2461 3922 2732 3996 passionis
2755 3922 3059 3978 Dominicaa
3081 3921 3302 3976 inﬁrma
3329 3935 3418 3976 ve-

1817 4015 2019 4072 nerari.
2041 4015 2183 4072 Hinc
2214 4020 2296 4071 est
2325 4012 2473 4086 quod
2499 4011 2646 4068 idem
2677 4011 2901 4078 Paulus,
2933 4010 3050 4084 qui,
3082 4011 3228 4066 sicut
3255 4009 3420 4082 paulo

1817 4117 1941 4166 ante
1965 4108 2082 4182 jam
2111 4107 2377 4175 diximus,
2409 4105 2479 4162 ad
2506 4104 2658 4162 tertii
2709 4104 2835 4163 coeli
2876 4111 3084 4162 secreta
3110 4103 3417 4172 volaverat,

1817 4197 2105 4272 discipulis
2132 4197 2352 4255 dicebat
2375 4213 2387 4252 :
2419 4196 2540 4254 Non
2555 4195 2690 4251 enim
2701 4193 2945 4266 judicaoi
2965 4211 3044 4249 me
3065 4193 3198 4248 scire
3210 4192 3422 4265 aliquid

1815 4289 1954 4344 inter
1981 4305 2094 4356 vos,
2134 4287 2242 4343 nisi
2295 4285 2566 4344 Christum
2602 4285 2801 4354 Iesum,
2841 4290 2889 4341 et
2925 4284 3061 4339 hunc
3104 4283 3422 4356 cruciﬁxum

1821 4379 1879 4452 (Ι
1906 4379 2031 4438 Cor.
2064 4394 2128 4447 ιι,
2161 4378 2241 4450 2).
2274 4379 2356 4434 Ac
2384 4375 2430 4433 si
2459 4383 2642 4448 aperte
2667 4374 2788 4432 haec
2817 4374 3003 4448 aquila
3030 4372 3269 4432 diceret:
3303 4373 3422 4446 Ego

1818 4471 2042 4546 quidem
2072 4485 2251 4528 escam
2283 4485 2460 4526 meam
2505 4467 2822 4524 divinitatis
2856 4465 2975 4540 ejus
3022 4466 3324 4540 potentiam
3353 4465 3422 4523 de

119 4565 484 4630 sublevantur.
517 4569 684 4639 Quasi
713 4568 861 4625 enim
892 4566 1187 4642 quamdam
1215 4562 1520 4620 foeditatem
1550 4559 1711 4634 Regis
1737 4573 1787 4632 1)
1818 4562 1978 4635 longe
2007 4559 2305 4634 prospicio,
2323 4557 2418 4616 sed
2437 4557 2598 4615 vobis
2623 4556 2806 4615 adhuc
2825 4557 3075 4630 parvulis
3092 4554 3421 4614 incarnatio-

123 4653 292 4715 videre
317 4668 397 4718 est
422 4661 602 4719 solam
623 4658 883 4716 servilem
913 4655 1150 4713 formam
1180 4652 1238 4708 in
1271 4667 1378 4725 qua
1404 4651 1472 4706 ab
1502 4650 1711 4723 iniquis

122 4741 390 4821 despectus
423 4757 509 4808 est
537 4763 783 4809 cernere.
817 4745 923 4804 Sed
961 4745 1029 4802 ab
1068 4741 1257 4802 electis
1301 4741 1359 4797 in
1388 4739 1582 4798 decore
1612 4756 1711 4795 suo

125 4831 229 4890 Rex
258 4840 522 4908 cernitur,
548 4838 680 4912 quia
704 4837 854 4894 ultra
879 4833 1203 4906 semetipsos
1230 4831 1394 4904 rapti,
1411 4830 1471 4886 iu
1494 4829 1610 4902 ipso
1630 4827 1711 4884 di-

125 4920 362 4984 vinitatis
389 4929 605 5002 fulgore
626 4927 818 4985 oculos
845 4923 1030 4982 cordis
1057 4921 1255 4996 ﬁgunt.
1285 4922 1358 4977 Et
1378 4919 1507 4994 quia
1535 4934 1712 4993 quan-

125 5008 213 5069 diu
241 5014 297 5072 in
326 5017 428 5078 bac
459 5020 573 5076 vita
603 5025 754 5087 sunt,
786 5016 941 5074 illam
963 5013 1274 5072 viventium
1304 5011 1538 5085 patriam
1571 5009 1715 5067 sicut

127 5109 219 5170 est,
255 5106 438 5165 videre
489 5125 600 5165 non
632 5113 881 5182 possunt,
914 5113 1060 5162 recte
1107 5101 1459 5176 adjungitur:
1492 5099 1718 5158 Cernent

131 5193 314 5250 terram
333 5198 394 5254 de
425 5200 570 5272 longe
588 5197 784 5271 (Ibid.,
804 5196 917 5268 17).
940 5193 1098 5264 Quod
1114 5209 1241 5266 ergo
1270 5191 1362 5248 hic
1381 5190 1489 5246 ait:
1522 5191 1715 5245 Eleva-

131 5276 262 5338 b-itur
285 5289 492 5361 aquila,
521 5295 570 5346 et
597 5288 652 5346 in
691 5287 881 5346 arduis
905 5291 1064 5359 ponet
1090 5283 1274 5339 nidum
1303 5281 1426 5350 sibi,
1455 5279 1561 5337 hoc
1591 5278 1707 5336 illic

196 5520 208 5554 ¹
242 5519 496 5597 Yindoc.,
541 5527 730 5585 Germ.
781 5539 846 5582 ac
885 5523 1026 5597 'pler.
1073 5521 1290 5590 Norm.,
1329 5516 1708 5592 propinquius.

131 5586 315 5674 ιειξιίὲςι
345 5599 414 5674 at!
441 5586 830 5674 propinquum;
885 5586 983 5674 ξ--
1047 5665 1100 5674 -.
1250 5586 1285 5674 .ζ

197 5662 216 5696 ³
243 5662 462 5749 ιντειθις
492 5662 851 5742 corruptibili.
885 5667 1009 5724 Val.
1041 5665 1150 5735 CL,
1181 5664 1349 5738 caligo
1376 5669 1574 5720 nostrae
1598 5679 1714 5719 cor-

133 5740 380 5804 ruptionis
409 5744 745 5800 obscuratur.

189 5785 745 5886 5Editi,"5i.ii“ifié
789 5811 1004 5885 spiritu.
1054 5807 1286 5868 Plurimi
1317 5807 1482 5866 etiam
1510 5807 1716 5866 Excusi

133 5869 322 5928 habent
351 5882 604 5928 inibi/mra
656 5901 755 5928 nm
784 5883 1037 5928 intimare-

169 5874 322 5940 abeat
351 5874 626 5962 indagare,
656 5901 755 5960 pro
784 5874 1038 5942 indicare.

1819 4653 1906 4708 nis
1936 4652 2054 4726 ejus
2091 4648 2476 4707 tantummodo
2504 4647 2860 4705 lambendum
2891 4647 3211 4721 sanguinem
3241 4645 3420 4702 trado.

1819 4743 1956 4799 Nam
1987 4741 2082 4816 qui
2112 4757 2209 4814 per
2252 4737 2698 4812 praedicationem
2730 4753 2885 4795 suam
2914 4737 3083 4795 tacita
3111 4734 3424 4794 divinitatis

1819 4831 2172 4900 celsitudine,
2203 4829 2456 4886 inﬁrmos
2484 4827 2764 4884 auditores
2790 4826 2858 4883 de
2887 4826 3007 4882 solo
3026 4839 3221 4883 cruore
3240 4821 3422 4881 crucis

1821 4921 2033 4990 edocet,
2065 4919 2200 4995 quid
2227 4919 2379 4976 aliud
2410 4934 2574 4992 quam
2613 4916 2936 4991 sanguinem
2964 4914 3132 4987 pullis
3159 4912 3364 4986 praebet
3393 4912 3422 4970 τ

1822 5011 1963 5080 Quia
1987 5027 2118 5068 vero
2147 5008 2582 5083 uniuscujusque
2611 5006 2786 5065 sancti
2831 5003 3202 5078 praedicatoris
3236 5001 3424 5061 anima

1823 5099 2178 5172 corruptione
2206 5097 2388 5156 carnis
2417 5105 2583 5154 exuta
2610 5096 2680 5153 ad
2723 5111 2849 5152 eum
2878 5110 3012 5150 mox
3048 5093 3289 5160 ducitur,
3323 5093 3422 5166 qui

1829 5206 1929 5263 pro
1958 5189 2118 5244 nobis
2142 5195 2334 5260 sponte
2365 5203 2464 5243 sua
2490 5187 2548 5242 in
2579 5192 2811 5240 mortem
2829 5182 3049 5251 cecidit,
3067 5190 3120 5239 et
3147 5182 3214 5239 de
3243 5189 3422 5240 morte

1817 5277 2079 5349 surrexit,
2110 5285 2234 5351 apte
2263 5276 2328 5334 de
2358 5276 2462 5334 hac
2488 5276 2676 5350 aquila
2703 5273 2996 5331 subditur:

1894 5516 1916 5552 ‘
1946 5511 2146 5579 Laud.,
2175 5513 2531 5580 monumenta,
2563 5505 2712 5580 quod
2759 5521 2900 5579 saepe
2929 5505 3225 5580 repetitum
3269 5503 3425 5566 infe-

1822 5589 1958 5646 rius.
1991 5588 2074 5642 Ita
2103 5577 2270 5640 etiam
2300 5581 2358 5636 in
2391 5579 2552 5637 Germ
2563 5577 2734 5636 fante
2762 5577 3224 5636 emendationem.

1896 5662 1918 5695 ³
1945 5657 2142 5724 Laud.,
2174 5653 2231 5707 in
2259 5652 2475 5709 excelsis
2503 5651 2745 5724 rupibus.

1899 5733 1921 5768 ⁸
1950 5730 2074 5788 Val.
2109 5723 2219 5794 CL,
2245 5723 2666 5798 apprehendisse.

1901 5805 1920 5840 ⁷
1953 5801 2217 5868 Vindoc.,
2246 5795 2527 5856 etPratel.
2560 5803 2614 5854 et
2641 5795 2719 5870 pl.
2742 5795 2957 5866 Norm.,
2991 5795 3053 5852 de
3078 5795 3242 5866 longe.
