3936 6388
500 337 603 400 631
1208 398 1221 411 ,

487 416 535 503 δ
681 457 686 463 '
1092 458 1320 516 CAPUT
1358 458 1498 516 1.111.

571 606 711 660 Iam.
742 632 814 645 —
841 604 918 660 Et
948 602 1238 675 ubicunque
1265 604 1492 660 cadaver
1523 603 1710 674 fuerit,
1740 601 1918 658 statim
1935 599 2101 657 adest.

576 717 697 774 105.
736 717 980 775 Christus
999 719 1056 774 in
1080 718 1222 775 caelis
1250 734 1474 790 regnans
1500 718 1679 773 electos
1705 715 1778 771 ad
1805 732 1857 770 se
1884 712 2100 785 colligit.

501 835 572 848 —
600 804 846 863 Cadaver
876 807 1078 880 quippe
1109 824 1141 864 a
1168 823 1298 864 casu
1326 805 1550 862 dicitur.
1583 806 1655 861 Et
1684 818 1795 860 non
1825 802 2105 860 immerito

509 900 703 957 1044
720 912 919 968 corpus
937 896 1160 953 Domini
1197 902 1419 968 propter
1450 910 1634 951 casum
1658 892 1854 949 mortis
1874 892 2107 949 cadaver

503 999 755 1049 vocatur.
788 990 932 1064 [Rec.
958 990 1167 1065 ΧΧΙΙ.]
1190 990 1350 1059 Quod
1380 998 1561 1047 autem
1595 989 1690 1046 hic
1709 989 1776 1046 de
1806 989 1909 1045 hac
1922 987 2109 1062 aquila

504 1080 743 1139 dicitur:
788 1081 1092 1152 Ubicunque
1119 1082 1347 1136 cadaver
1372 1079 1561 1151 fuerit,
1591 1079 1769 1135 statim
1796 1078 1964 1146 adest,
2002 1077 2108 1133 hoc

505 1170 574 1227 de
612 1168 1023 1242 egredientibus
1067 1168 1364 1226 animabus
1392 1169 1514 1225 ﬁeri
1544 1170 1759 1227 Veritas
1789 1165 2105 1240 sp0pondit,

505 1259 699 1317 dicens
726 1260 949 1329 (Matth.
984 1276 1146 1325 xx1v,
1188 1259 1316 1331 28):
1357 1258 1659 1329 Ubicunque
1683 1257 1851 1328 fuerit
1895 1273 2106 1328 corpus,

505 1349 620 1406 illic
660 1348 1115 1422 congregabantur
1154 1353 1203 1403 et
1233 1348 1449 1419 aquilis.
1495 1348 1578 1404 Ac
1623 1346 1669 1403 si
1712 1353 1896 1421 aperte
1924 1346 2107 1403 dicat:

507 1439 614 1509 Qui
644 1439 853 1497 caelesti
881 1438 1350 1496 sedi'incarnatus
1385 1437 1721 1510 Redemptor
1750 1446 1932 1495 vester
1961 1453 2112 1509 pras-

509 1530 683 1599 sideo,
702 1532 1003 1588 electorum
1036 1544 1256 1602 quoque
1283 1527 1498 1585 animas
1524 1543 1651 1584 cum
1682 1543 1844 1586 carne
1874 1528 2109 1595 solvero,

507 1618 580 1679 ad
607 1620 863 1691 caelestia,
875 1618 1196 1678 sublevabo.

585 1735 726 1810 [Vet.
756 1738 910 1793 XXX
917 1734 1066 1809 γη]
1108 1734 1230 1792 I06.
1261 1735 1443 1791 Omnis
1482 1740 1724 1806 peccator
1752 1734 2017 1800 cadaver;
2043 1733 2116 1790 ad

511 1829 657 1900 quod
682 1828 940 1884 advolant
956 1827 1173 1898 aquilw,
1194 1827 1277 1899 pii
1303 1827 1537 1883 videlicet
1549 1826 1928 1899 praedicatores
1941 1843 2120 1898 pecca-
2150 1822 2197 1884 B

515 1922 693 1974 torum
726 1919 947 1974 salutem
996 1916 1299 1972 esurientes.
1350 1918 1475 1973 Haec
1506 1917 1716 1972 volatus
1756 1916 1923 1972 Pauli
1948 1916 2124 1971 orbem

508 2007 851 2081 peragrantis
878 2024 1061 2064 causa.
1080 2037 1152 2049 —
1179 2006 1286 2063 Sed
1315 2006 1423 2065 hoc
1442 2006 1593 2081 quod
1621 2006 1690 2064 de
1719 2005 1825 2062 hac
1838 2005 2025 2078 aquila
2042 2005 2123 2061 di-

512 2098 695 2156 citur:
735 2098 1032 2169 Ubicunque
1058 2096 1226 2168 fuerit
1252 2097 1480 2153 cadaver
1498 2096 1679 2153 statim
1698 2096 1864 2163 adest,
1888 2095 2122 2167 intelligi

514 2196 572 2246 et
597 2190 760 2246 aliter
786 2197 985 2262 potest.
1015 2188 1212 2245 Omnis
1240 2188 1389 2245 enim
1419 2188 1519 2261 qui
1564 2188 1623 2244 in
1654 2186 1861 2260 peccati
1891 2195 2122 2243 mortem

515 2281 799 2350 ceciderit,
822 2297 934 2337 non
964 2281 1422 2338 inconvenienter
1440 2279 1644 2353 poterit
1663 2278 1896 2336 cadaver
1916 2279 2121 2335 vocari.

517 2370 686 2439 Quasi
716 2370 988 2427 exanimis
1020 2385 1261 2443 namque
1284 2369 1450 2443 jacet,
1475 2367 1815 2442 quijustitiaa
1836 2367 2123 2425 viviﬁcan-

512 2462 631 2511 tem
660 2455 922 2529 spiritum
952 2474 1065 2514 non
1098 2457 1284 2514 habet.
1320 2457 1463 2524 Quia
1491 2473 1622 2529 ergo
1642 2463 1863 2513 sanctus
1892 2455 2125 2529 quisque

521 2544 855 2618 praedicator
878 2546 977 2603 ubi
996 2554 1310 2620 peccatores
1330 2562 1446 2602 esse
1461 2544 1795 2613 considerat,
1815 2544 1951 2600 illuc
1964 2544 2127 2600 anxie

527 2634 802 2707 pervolat,
822 2641 884 2690 ut
914 2634 973 2689 in
997 2633 1207 2706 peccati
1236 2642 1414 2690 morte
1438 2632 1752 2706 jacentibus
1780 2632 1957 2688 lucem
1987 2632 2127 2687 vivi-

510 2721 804 2779 .ﬁcationis
830 2720 1104 2790 ostendat,
1134 2722 1275 2778 bene
1298 2722 1366 2779 de
1394 2721 1498 2780 hac
1528 2722 1713 2795 aquila
1729 2721 1963 2778 dicitur:
1993 2720 2130 2778 Ubi-

512 2828 726 2883 .cunque
744 2812 971 2867 cadaver
991 2810 1178 2882 fuerit,
1195 2812 1372 2867 statim
1399 2813 1566 2869 adest.
1598 2812 1660 2870 Id
1689 2819 1791 2880 est,
1816 2814 1831 2846 ¹
1865 2811 2000 2868 illuc
2013 2818 2129 2866 ten-

523 2902 632 2968 dit,
661 2901 758 2958 ubi
786 2900 1084 2957 utilitatem
1116 2901 1523 2973 praedicationis
1562 2900 1848 2975 prospicit,
1879 2908 1941 2956 ut
1968 2917 2036 2956 ex
2065 2916 2131 2956 eo

528 2990 677 3065 quod
700 2991 814 3063 jam
848 2990 1175 3064 spiritaliter
1202 2991 1368 3056 vivit,
1403 2990 1602 3047 aliisin
1630 2996 1807 3046 morte
1836 3006 1936 3046 sua
1948 2989 2131 3062 jacen-

514 3081 677 3139 tibus
704 3080 901 3154 prosit,
917 3096 1055 3153 quos
1084 3078 1437 3151 corripiendo
1458 3079 1613 3153 quasi
1639 3078 1777 3148 edit,
1797 3077 1894 3135 sed
1911 3078 1981 3135 ab
2009 3077 2131 3133 ini-

1702 334 1953 393 SANCTI
1994 333 2332 392 GREGOBII
2368 329 2591 398 MAGNI

2133 456 2395 529 Apuisse
2436 455 2786 527 intelligitur,
2831 461 2886 512 et
2913 452 3016 513 sub
3057 451 3444 511 admirationis
3489 458 3707 510 terrore
3734 452 3822 510 si-

3710 327 3819 385 632

2214 545 2398 604 luisse.
2429 546 2567 604 Nam
2596 543 2877 618 sequitur:

2594 633 2821 691 CAPUT
2850 631 2971 689 LIV
3010 629 3156 705 [Rec.
3187 627 3428 704 XXIII].

2284 724 2453 782 Vnus.
2482 722 2570 792 31,
2601 723 2690 780 32.
2722 754 2794 765 —
2841 722 3054 794 Adjecit
3081 722 3371 791 Dominus,
3401 726 3451 777 et
3476 722 3707 787 locutus
3752 728 3827 777 est

2213 814 2285 869 ad
2310 813 2442 871 Job:
2494 811 2752 883 Nunquid
2790 811 2883 882 qui
2926 809 3189 867 contendit
3233 826 3353 865 cum
3384 810 3495 866 Deo
3526 815 3639 865 tam
3666 808 3827 881 facile

2215 902 2574 974 conquiescit?
2612 902 2797 972 Ungue
2824 900 2919 973 qui
2943 900 3128 973 arguit
3156 899 3326 958 Deum
3353 898 3499 956 debet
3522 904 3573 956 et
3598 915 3824 974 respon-

2215 994 2339 1050 dere
2365 992 2469 1048 illi.

2293 1083 2414 1139 107.
2436 1082 2537 1139 Pia
2568 1087 2616 1137 et
2638 1081 2911 1138 moderata
2937 1077 3037 1135 Dei
3063 1078 3137 1135 ad
3157 1078 3256 1136 Job
3286 1078 3601 1151 increpatio.
3634 1109 3710 1121 —
3729 1080 3832 1136 Vir

2216 1180 2438 1231 sanctus
2464 1178 2619 1229 tanta
2647 1170 2750 1228 hac
2777 1168 3125 1227 districtione
3154 1166 3354 1241 ﬂagelli
3385 1184 3498 1225 non
3527 1168 3833 1226 aestimavit

2217 1262 2403 1334 augeri
2432 1261 2540 1319 sibi
2569 1259 2786 1325 merita,
2815 1257 2909 1314 sed
2935 1256 3074 1313 vitia
3098 1256 3352 1314 resecari.
3384 1258 3518 1327 Qum
3537 1256 3676 1331 quia
3694 1256 3757 1314 in
3775 1274 3832 1313 se

2220 1351 2374 1408 nulla
2412 1349 2695 1422 cognovit,
2740 1361 3060 1420 percussum
3104 1343 3308 1417 injuste
3355 1362 3413 1403 se
3456 1345 3724 1413 credidit,
3777 1354 3834 1402 et

2221 1442 2616 1516 percutientem
2657 1455 2883 1513 prorsus
2927 1454 3157 1510 arguere
3210 1446 3292 1494 est
3346 1438 3413 1495 de
3472 1437 3834 1511 percussione

2164 1579 2173 1583 _
2223 1546 2587 1587 murmurare.
2639 1527 3005 1585 Considerans
3047 1533 3231 1582 autem
3272 1526 3545 1583 Dominus
3590 1525 3746 1599 quod
3775 1544 3837 1583 ea

2223 1637 2343 1696 quas
2372 1618 2605 1693 protulit
2634 1634 2745 1674 non
2775 1633 2844 1673 ex
2871 1624 3087 1673 tumore
3117 1613 3411 1687 superbiai,
3432 1614 3529 1672 sed
3555 1630 3628 1671 ex
3659 1616 3837 1689 quali-

2220 1719 2332 1768 tate
2361 1710 2656 1782 collegerat
2683 1698 2833 1777 vita,
2855 1706 2943 1779 pie
2976 1706 3136 1761 illum
3159 1704 3414 1779 increpat
3433 1704 3659 1763 dicens:
3686 1706 3837 1761 Nun-

2224 1800 2354 1873 quid
2396 1799 2490 1871 qui
2534 1796 2797 1854 contendit
2824 1812 2941 1851 cum
2969 1796 3077 1852 Deo
3122 1800 3229 1851 tam
3260 1794 3433 1866 facite
3461 1795 3838 1867 conquiescit?

2238 1890 2421 1960 Utique
2445 1888 2538 1960 qui
2564 1886 2748 1959 arguit
2771 1886 2940 1943 Deum
2967 1884 3111 1939 debet
3134 1890 3181 1939 et
3200 1885 3520 1956 respondere
3542 1884 3651 1941 illi.
3686 1885 3771 1941 Ac
3793 1882 3837 1939 si

2233 1978 2474 2051 apertius
2499 1975 2742 2033 diceret:
2773 1974 2881 2042 Qui
2909 1980 3062 2030 tanta
3074 1972 3142 2029 de
3162 1980 3257 2029 tua
3281 1973 3498 2031 actione
3517 1974 3744 2030 locutus
3759 1989 3839 2040 es,

2233 2087 2333 2128 cur
2359 2068 2548 2125 audita
2573 2074 2889 2124 sanctorum
2918 2066 3036 2122 vita
3064 2064 3270 2122 siluisti
3293 2065 3322 2122 ?
3340 2067 3425 2122 Me
3444 2064 3596 2122 enim
3625 2065 3739 2121 fuit
3759 2081 3840 2119 ar-

2214 2172 2419 2234 guere,
2446 2157 2513 2213 de
2542 2156 2894 2230 percussione
2935 2170 3057 2211 mea
3085 2170 3155 2211 an
3184 2154 3354 2211 fuerit
3375 2154 3527 2228 justa
3554 2153 3837 2212 dubitare.

2234 2251 2306 2306 Et
2331 2250 2477 2305 bona
2496 2247 2719 2321 quidem
2734 2254 2831 2303 tua
2850 2246 3122 2302 veraciter
3147 2246 3454 2319 protulisti,
3475 2244 3572 2303 sed
3593 2244 3715 2302 hac
3730 2262 3842 2319 quo

2234 2338 2523 2395 tenderent
2564 2335 2777 2409 ﬂagella
2805 2334 3051 2403 nescisti,
3085 2334 3217 2407 quia
3243 2335 3348 2391 etsi
3385 2351 3495 2391 non
3527 2333 3702 2391 habes
3722 2334 3841 2407 jam

2236 2426 2385 2502 quod
2415 2426 2680 2498 corrigas,
2728 2424 2897 2480 babes
2925 2423 3109 2481 adhuc
3143 2430 3327 2480 tamen
3357 2440 3468 2498 quo
3508 2440 3746 2481 crescas.
3782 2426 3843 2481 In

2236 2525 2497 2592 quantam
2526 2531 2658 2572 vero
2687 2514 2913 2571 virtutis
2937 2529 3116 2571 arcem
3147 2529 3313 2588 quam
3344 2514 3618 2588 plurimos
3647 2515 3845 2572 suble—

2236 2624 2383 2676 vem,
2428 2623 2515 2663 me
2545 2622 2669 2664 ecce
2698 2611 2955 2661 narrante
3000 2604 3330 2676 cognovisti.
3362 2606 3483 2678 Ipse
3510 2605 3845 2662 considera-

2237 2695 2333 2753 bas
2360 2704 2538 2763 tuam,
2569 2694 2666 2752 sed
2694 2694 2929 2751 aliorum
2960 2693 3345 2751 celsitudinem
3376 2692 3686 2751 nesciebas.
3718 2697 3847 2751 Au-

2238 2787 2371 2843 ditis
2400 2786 2572 2859 igitur
2615 2785 2851 2841 aliorum
2900 2783 3225 2852 virtutibus,
3268 2784 3314 2840 si
3348 2783 3484 2858 quid
3512 2784 3689 2853 vales,
3719 2802 3847 2841 res-

2239 2878 2419 2951 ponde
2460 2875 2528 2932 de
2555 2875 2686 2931 tuis.
2723 2873 2939 2931 Scimus
2968 2880 3147 2929 autem
3179 2872 3328 2947 quod
3356 2873 3540 2931 cordis
3581 2873 3670 2930 sui
3717 2891 3847 2932 ocu-

2238 2967 2354 3024 lum
2385 2983 2483 3040 per
2508 2964 2764 3023 elationis
2790 2963 3048 3021 tenebras
3074 2964 3403 3036 exstinguit,
3422 2964 3682 3037 qui,cum
3697 2973 3847 3022 recta

2240 3056 2371 3128 agit,
2413 3055 2761 3114 considerare
2794 3054 3088 3110 meliorum
3128 3054 3325 3111 merita
3366 3054 3620 3128 negligit.
3655 3060 3847 3117 104,5

530 3152 739 3244 quitate
768 3169 837 3227 ad
867 3152 1243 3227 innocentiam
1272 3152 1640 3242 permutando
1668 3168 1728 3224 in
1756 3183 1855 3224 sua
1884 3168 2129 3223 membra
2161 3184 2206 3245 ο
2241 3159 2314 3215 At
2330 3164 2523 3215 contra
2537 3171 2737 3245 magno
2752 3152 3087 3245 humilitatis
3106 3152 3261 3209 radio
3280 3169 3379 3211 sua
3395 3169 3561 3245 opera
3582 3152 3846 3221 illustrat,

525 3261 682 3333 quasi
709 3259 923 3317 edendo
969 3258 1265 3316 convertit.
1317 3258 1459 3315 Ecce
1510 3259 1644 3330 ipse,
1689 3273 1853 3331 quem
1883 3255 1951 3313 ad
1976 3256 2127 3313 testi-

530 3348 783 3405 monium
810 3346 924 3418 jam
945 3363 1087 3419 saepe
1107 3343 1463 3415 deduximus,
1488 3347 1691 3402 Paulus
1717 3362 1843 3403 cum
1871 3362 2021 3402 nunc
2038 3346 2131 3401 Ju-

530 3436 729 3504 daeam,
760 3450 911 3491 nunc
938 3434 1292 3503 Corinthum,
1325 3450 1475 3492 nunc
1500 3434 1805 3507 Ephesum,
1835 3450 1985 3491 nunc
2011 3434 2132 3490 Ro—

529 3542 700 3594 mam,
733 3541 883 3582 nunc
911 3523 1206 3596 Hispanias
1252 3530 1484 3596 peteret,
1525 3531 1588 3579 ut
1617 3522 1675 3579 in
1704 3524 1914 3595 peccati
1956 3530 2131 3579 morte

520 3613 859 3687 jacentibus,
892 3620 1109 3670 aeternae
1139 3612 1269 3669 vitae
1314 3612 1544 3685 gratiam
1587 3612 1886 3679 nuntiaret,
1919 3610 2051 3685 quid
2077 3628 2134 3667 se

532 3702 686 3760 aliud
714 3718 880 3777 quam
909 3718 1028 3759 esse
1043 3701 1284 3775 aquilam
1315 3700 1764 3768 demonstrabat;
1798 3716 1917 3773 quae
1936 3699 2135 3757 veloci-

527 3802 612 3851 ter
629 3794 819 3852 omnia
828 3792 1197 3861 transvolans,
1210 3791 1530 3865 ubicunque
1539 3790 1728 3863 jacens
1742 3788 1973 3848 cadaver
1993 3807 2137 3863 qure-

537 3882 714 3953 rebat,
746 3890 809 3939 ut
838 3881 973 3940 dum
1002 3883 1346 3939 voluntatem
1376 3882 1476 3941 Dei
1507 3880 1734 3938 lucratis
1761 3879 2138 3953 peccatoribus

520 3973 762 4042 .faceret,
795 3971 953 4046 quasi
994 3988 1173 4029 escam
1220 3987 1379 4028 suam
1422 3971 1481 4026 in
1527 3969 1790 4028 cadavere
1828 3967 2139 4041 reperiret?

529 4063 677 4121 Esca
694 4064 900 4137 quippe
923 4062 1205 4136 justorum
1237 4069 1321 4119 est
1338 4061 1627 4119 conversio
1647 4076 2049 4135 perversorum,
2071 4058 2139 4115 de

2238 3244 2334 3321 qui
2363 3247 2599 3302 aliorum
2620 3243 2765 3300 bona
2792 3242 3073 3299 subtiliter
3102 3251 3313 3315 pensat,
3334 3242 3463 3316 quia
3483 3241 3619 3299 dum
3640 3258 3706 3299 ea
3725 3259 3847 3316 qua:

2240 3335 2353 3407 ipse
2383 3334 2579 3391 fecerit
2606 3331 2752 3388 facta
2779 3330 2914 3386 foris
2941 3339 2997 3388 et
3025 3329 3093 3387 ab
3119 3330 3243 3387 aliis
3263 3329 3560 3404 conspicit,
3591 3347 3723 3387 eum
3752 3331 3847 3403 qui

2239 3424 2307 3481 de
2330 3421 2709 3496 singularitate
2738 3421 2887 3477 intus
2912 3436 3197 3493 erumpere
3226 3422 3427 3478 nititur
3455 3420 3734 3493 superbia
3763 3429 3847 3476 tu-

2241 3529 2448 3569 morem
2478 3510 2699 3583 premit.
2733 3508 2876 3565 Hinc
2903 3517 2984 3565 at
3014 3510 3162 3583 quod
3190 3527 3324 3567 voce
3339 3510 3440 3568 Dei
3470 3510 3540 3567 ad
3561 3510 3749 3568 Etiam
3768 3528 3849 3566 so-

2242 3602 2358 3659 lum
2380 3618 2436 3658 se
2462 3600 2825 3657 restimantem
2847 3597 3084 3656 dicitur:
3121 3600 3334 3671 Reliqui
3358 3600 3491 3656 mihi
3518 3606 3714 3672 septem
3734 3600 3850 3654 mit-

2245 3693 2321 3749 lia
2353 3692 2591 3747 virorum
2633 3690 2726 3761 qui
2768 3693 2959 3752 1046
3005 3706 3113 3744 non
3149 3697 3507 3745 curvaverunt
3531 3706 3707 3763 genua
3734 3696 3853 3745 ante

2243 3789 2387 3845 Baal
2418 3788 2539 3860 (ΙΙΙ
2563 3790 2688 3859 Reg.
2732 3804 2855 3856 xIx,
2889 3786 3005 3860 18),
3045 3794 3109 3843 ut
3142 3785 3276 3844 dum
3306 3803 3419 3843 non
3446 3787 3632 3844 solum
3671 3803 3731 3845 se
3759 3805 3853 3843 re-

2244 3879 2511 3935 mansisse
2548 3884 2919 3950 cognosceret,
2968 3876 3223 3933 elationis
3253 3876 3511 3949 gloriam,
3543 3892 3668 3950 qua
3699 3877 3753 3934 ei
3788 3878 3853 3933 de

2245 3969 2625 4041 singularitate
2654 3983 2876 4040 surgere
2910 3975 3145 4041 poterat,
3177 3969 3385 4026 evitare
3412 3976 3619 4040 posset.
3656 3969 3854 4025 Beatus

2247 4059 2433 4132 itaque
2458 4056 2562 4115 Job
2591 4056 2736 4114 nihil
2766 4073 3017 4130 perverse
3043 4057 3216 4129 egisse
3237 4057 3260 4092 ²
3289 4057 3743 4131 reprehenditur,
3765 4058 3853 4114 sed

516 4168 640 4225 qua
672 4152 916 4210 dicitur:
954 4152 1265 4225 Operamini
1289 4169 1398 4209 non
1426 4153 1597 4208 cibum
1624 4150 1717 4224 qui
1740 4151 1901 4223 perit,
1931 4151 2018 4205 sed
2048 4149 2144 4221 qui
2248 4146 2315 4203 de
2342 4146 2581 4204 aliorum
2623 4145 2792 4202 etiam
2830 4145 2971 4203 bene
3018 4144 3183 4219 gestis
3226 4144 3476 4214 docetur,
3521 4154 3585 4202 ut
3632 4145 3769 4202 dum
3802 4164 3854 4203 se

528 4248 807 4314 permanet
843 4242 902 4298 in
943 4241 1106 4298 vitam
1149 4248 1401 4298 cateruam
1448 4242 1631 4313 (Joan.
1661 4258 1743 4310 v1,
1772 4240 1887 4314 27).
1920 4239 2142 4297 Auditis

2250 4236 2485 4309 mquales
2513 4241 2571 4293 et
2596 4235 2736 4292 alios
2765 4234 2967 4295 habere
2994 4234 3326 4303 considerat,
3354 4234 3405 4291 ei
3435 4235 3533 4309 qui
3562 4235 3855 4311 singulari-

535 4330 721 4404 itaque
750 4338 835 4389 tot
862 4338 1184 4389 sanctorum
1212 4331 1539 4403 virtutibus,
1576 4330 1770 4388 beatus
1808 4331 1911 4389 Joh
1940 4330 2141 4388 obstu-
2167 4329 2217 4390 D
2252 4331 2336 4383 ter
2363 4341 2615 4384 summus
2642 4331 2746 4395 est,
2776 4339 2833 4381 se
2862 4322 3149 4381 humiliter
3175 4322 3397 4381 subdat.

518 4580 524 4585 ἡ
611 4506 627 4541 ¹
659 4504 857 4575 Laud.,
888 4504 1012 4564 Val.
1060 4504 1171 4576 CL,
1202 4504 1387 4564 Germ.
1438 4514 1494 4564 et
1534 4504 1798 4576 Vindoc.,
1829 4507 1925 4563 illo
1957 4507 2137 4564 tendit.

2324 4506 2346 4542 ³
2375 4504 2579 4576 Laud.,
2611 4505 2797 4564 Germ.
2831 4513 2885 4563 et
2910 4505 3037 4565 Val.
3069 4504 3178 4576 CL,
3208 4505 3645 4580 deprehenditur.

1258 4788 1598 4877 LIBER
1703 4786 2387 4876 TRIGESIMUS
2499 4786 3122 4876 SECUNDUS.

534 4950 790 5016 Duobus
831 4949 1087 5016 ultimis
1127 4949 1466 5034 uersiculis
1510 4949 1745 5034 capitis
1782 4967 1978 5034 xxgux
2018 4946 2386 5034 explicatis,
2432 4954 2719 5034 quatuor
2762 4964 2970 5034 supra
3013 4947 3231 5013 decem
3276 4951 3534 5034 priores
3570 4968 3739 5034 cap,
3787 4971 3857 5018 χι.

528 5050 531 5053 '
612 5040 1082 5115 exponuntur;
1113 5030 1463 5113 multaque
1493 5027 1634 5094 tum
1665 5030 1746 5093 de
1776 5030 2054 5110 inﬁnita
2091 5027 2202 5092 Dei
2234 5027 2530 5111 potentia
2577 5035 2718 5091 tum
2759 5027 2856 5092 de’
2878 5027 3150 5092 Satanae
3180 5027 3403 5093 umetis
3436 5033 3514 5094 in
3561 5027 3857 5100 homines

613 5113 906 5177 consiliis
934 5114 1273 5176 docentur.

1065 5245 1295 5306 CAPUT
1323 5246 1618 5304 PRIMUM.

612 5334 663 5391 1.
702 5334 883 5392 Sancti
911 5336 1050 5391 unde
1077 5336 1343 5408 digniores
1375 5336 1688 5409 efficiuntur,
1733 5336 1855 5391 inde
1900 5335 2003 5392 sibi
2032 5352 2142 5391 ma-

537 5422 619 5494 gis
643 5422 892 5479 videntur
932 5424 1155 5497 indigni.
1188 5454 1260 5467 —
1296 5425 1481 5483 Sancti
1513 5424 1621 5481 viri
1661 5441 1771 5499 quo
1798 5424 1943 5497 apud
1967 5426 2143 5482 Deum

512 5509 711 5567 ‘altius
739 5511 1013 5588 virtutum
1042 5513 1312 5587 dignitate
1339 5514 1657 5588 proﬁciunt,
1680 5531 1745 5571 eo
1772 5514 2033 5572 subtilius
2061 5516 2143 5573 in-

619 5682 638 5758 ξ
664 5680 821 5758 Editi
848 5688 965 5758 tam
1007 5691 1116 5739 vet.
1166 5702 1329 5758 quam
1360 5687 1711 5756 recentiores,
1742 5694 1941 5758 quanto
1970 5687 2148 5742 minus

538 5753 846 5832 pulchrum.
877 5752 1077 5832 Erro‘re
1105 5752 1453 5832 gravissimo,
1483 5775 1591 5832 quo
1620 5752 1836 5832 teritum
1877 5758 2148 5832 purgavi-

545 5820 688 5898 inus,
732 5820 1067 5881 attendendo
1108 5820 1177 5882 ad
1222 5827 1351 5885 Mss.
1387 5820 1627 5887 m'aiime
1656 5820 2143 5902 Norm.,‘TuVron.,

2256 5244 2453 5323 dignos
2481 5260 2538 5301 se
2566 5260 2683 5302 esse
2711 5244 3150 5319 deprehendunt,
3173 5246 3304 5320 quia
3317 5245 3453 5303 dum
3474 5248 3731 5320 proximi
3751 5248 3856 5306 luci

2253 5335 2418 5405 ﬁunt,
2450 5334 2724 5409 quidquid
2752 5351 2846 5391 eos
2875 5336 2935 5392 in
2965 5336 3160 5410 seipsis
3182 5337 3389 5394 latebat
3416 5337 3762 5406 inveniunt;
3808 5345 3858 5393 et

2254 5434 2408 5485 tanto
2435 5426 2611 5499 magis
2657 5424 2794 5483 foris
2838 5424 2948 5482 sibi
2977 5425 3249 5483 deformes
3275 5435 3569 5499 apparent,
3603 5430 3621 5465 ¹
3656 5436 3854 5504 quanto

2224 5554 2230 5559 ι
2254 5514 2424 5577 nimis
2451 5512 2748 5591 pulchrum
2777 5522 2859 5571 est
2878 5513 3026 5588 quod
3050 5515 3200 5571 intus
3226 5514 3443 5572 vident.
3468 5516 3856 5593 Unusquisque

2254 5686 2455 5769 μυός,
2489 5687 2629 5769 duos
2657 5688 2867 5769 Germ”
2898 5686 3054 5768 eiad
3082 5704 3302 5769 sensum
3333 5705 3366 5744 a
3388 5696 3597 5769 sancto
3627 5691 3857 5769 Doctore

2258 5758 2553 5841 intentum.
2591 5758 2862 5834 Loquitur
2889 5758 3038 5816 enim
3067 5759 3135 5818 de
3163 5758 3359 5818 divina
3388 5760 3536 5830 luce,
3587 5779 3702 5837 qua
3731 5761 3855 5841 quid

2258 5829 2544 5909 pulchrius
2564 5830 2593 5890 Ὺ
