3936 6384
178 361 292 421 633

913 369 1283 428 OMRALIUM
1324 372 1459 430 LIB.
1500 373 1736 432 XXXII.
1774 405 1845 419 -—
1884 379 1956 434 IN
1991 378 2224 438 CAPUT
2262 381 2504 439 XXXIX
2544 384 2604 439 B.
2647 386 2789 442 JOB.

3401 390 3508 448 634

176 487 335 588 enim
367 487 494 558 sibi,
527 488 658 588 dum
689 498 840 549 tactu
860 494 976 588 veri
1006 495 1232 552 luminis
1260 497 1586 568 illustratur,
1609 508 1785 556 osten-
1814 514 1860 573 Α
1895 505 2170 575 sciuntur,
2202 523 2316 563 non
2343 508 2539 566 audaci
2579 527 2830 570 sermone
2851 515 3207 577 discutienda
3234 527 3382 588 sunt,
3413 519 3510 576 sed

179 575 376 647 ditur;
409 587 464 635 et
492 580 638 636 unde
667 583 915 654 agnoscit
938 584 1072 657 quid
1093 593 1173 641 est
1187 583 1427 657 justitia,
1455 587 1586 644 inde
1615 589 1795 644 erudi-

181 675 300 738 tur,
340 676 403 726 ut
432 668 618 726 videat
651 671 786 744 quid
832 680 915 729 est
949 673 1132 746 culpa.
1185 675 1327 732 Hinc
1365 685 1447 732 est
1475 677 1622 750 quod
1655 695 1796 750 saepe

179 776 345 817 mens
371 769 558 820 nostra
605 763 860 836 quamvis
903 765 1102 837 frigida
1132 765 1190 822 in
1219 769 1653 826 conversationis
1682 769 1798 826 hu—

181 867 366 907 manae
395 851 613 908 actione
642 859 934 925 torpescat,
965 856 1219 928 quamvis
1251 857 1309 913 in
1335 858 1662 932 quibusdam
1692 859 1798 916 de-

183 941 408 1016 linquat
450 949 505 998 et
546 943 776 1014 nesciat,
809 945 1062 1018 quamvis
1089 953 1309 1018 peccata
1351 948 1609 1021 quaedam
1641 949 1796 1021 quasi

179 1031 346 1086 nulla
375 1034 679 1104 perpendat
707 1051 720 1102 ;
749 1051 878 1090 cum
907 1041 1092 1092 tamen
1123 1035 1193 1091 ad
1213 1037 1521 1110 appetenda
1539 1037 1801 1094 sublimia

181 1120 460 1177 orationis
483 1123 914 1194 compunctione
944 1141 1000 1181 se
1029 1125 1216 1199 erigit,
1255 1126 1373 1198 ipso
1396 1143 1507 1182 suae
1537 1143 1799 1199 compun-

181 1209 394 1267 ctionis
435 1212 600 1267 oculo
641 1213 880 1269 excitata
909 1214 978 1270 ad
1007 1214 1563 1288 circumspiciendam
1593 1232 1650 1272 se
1678 1222 1801 1288 post

184 1298 384 1356 fletum
412 1300 739 1372 vigilantior
768 1302 931 1358 redit.
964 1304 1112 1378 Nam.
1136 1319 1263 1360 cum
1294 1304 1596 1377 neglectam
1627 1319 1682 1360 se
1711 1303 1801 1360 de-

179 1390 344 1460 serit,
377 1399 431 1448 et
460 1393 632 1448 noxio
655 1401 838 1465 tepore
865 1393 1147 1466 torpescit,
1181 1397 1267 1452 vel
1300 1395 1478 1452 otiosa
1506 1396 1690 1465 verba,
1714 1395 1799 1451 vel

183 1480 422 1537 inutiles
452 1481 812 1554 cogitationes
855 1483 1088 1541 minoris
1129 1499 1244 1541 esse
1273 1493 1453 1542 reatus
1483 1484 1802 1542 omnimodo

186 1571 391 1629 credit.
425 1571 500 1627 At
538 1573 606 1640 si,
656 1572 781 1645 igne
827 1574 1278 1646 compunctionis
1325 1575 1678 1643 incalescens,
1716 1577 1730 1610 ¹
1772 1590 1805 1630 a

185 1667 381 1732 tepore
409 1676 531 1730 suo,
563 1668 706 1718 tacta
734 1662 918 1719 subito
947 1663 1134 1720 afﬂatu
1162 1664 1664 1738 contemplationis,
1690 1662 1804 1718 evi-

95 1808 102 1824 ι
188 1749 348 1820 gilet,
379 1749 477 1804 illa
507 1766 630 1822 quae
663 1750 808 1806 levia
838 1751 1004 1823 paulo
1029 1760 1156 1808 ante
1179 1753 1418 1809 credidit
1445 1771 1575 1809 mox
1604 1760 1665 1809 ut
1689 1768 1804 1824 gra-

188 1837 287 1893 via
315 1855 381 1894 ac
406 1837 694 1894 mortifera
735 1840 1124 1912 perhorrescit.
1178 1841 1388 1900 Cuncta
1439 1841 1588 1898 enim
1623 1843 1706 1897 vel
1749 1840 1804 1896 in

190 1927 447 1984 minimis
475 1928 666 1998 noxia,
698 1929 852 2002 quasi
880 1929 1224 1987 atrocissima
1249 1931 1474 2004 refugit,
1498 1931 1628 2004 quia
1657 1929 1806 1984 vide-

191 2018 328 2075 licet
358 2019 380 2054 ²
407 2035 504 2092 per
546 2020 964 2094 conceptionem
1021 2021 1249 2095 spiritus
1298 2023 1544 2095 gravida,
1577 2021 1807 2077 introire

191 2107 264 2164 ad
295 2125 351 2165 se
372 2107 490 2180 jam
523 2109 713 2165 inania
741 2111 898 2166 nulla
930 2111 1225 2183 permittit.
1273 2113 1358 2168 Ex
1389 2101 1453 2168 eo
1482 2111 1628 2167 enim
1660 2109 1808 2183 quod

196 2192 354 2254 intus
383 2199 674 2272 conspicit,
707 2217 870 2274 quam
901 2201 1016 2258 sint
1044 2201 1321 2259 horrenda
1350 2201 1468 2258 haec
1497 2219 1616 2275 qua:
1643 2209 1810 2256 exte-

192 2287 316 2344 rius
336 2297 692 2363 perstrepunt
711 2291 880 2347 sentit
904 2310 917 2358 ;
948 2299 1002 2347 et
1033 2300 1238 2364 quanto
1259 2293 1498 2364 amplius
1525 2291 1808 2347 sublevata

193 2377 518 2450 profecerit,
571 2387 725 2436 tanto
771 2381 946 2453 magis
997 2381 1200 2454 refugit
1243 2381 1456 2448 inﬁma,
1501 2379 1558 2436 in
1609 2379 1810 2452 quibus

193 2474 474 2539 prostrata
503 2468 723 2526 defecit.
759 2471 912 2526 Nihil
944 2471 1147 2544 quippe
1186 2487 1302 2526 eam
1336 2471 1444 2527 nisi
1470 2469 1526 2526 id
1557 2469 1703 2544 quod
1730 2467 1810 2523 in-

192 2557 372 2614 terius
403 2559 620 2616 viderat
647 2561 823 2633 pascit
855 2579 869 2628 ;
911 2569 1074 2633 atque
1101 2578 1167 2618 eo
1188 2561 1410 2634 gravius
1429 2561 1627 2617 tolerat
1654 2557 1811 2630 quid-

193 2647 340 2721 quid
357 2664 413 2705 se
443 2648 494 2704 ei
524 2651 869 2706 extrinsecus
890 2649 1110 2721 ingerit,
1133 2667 1242 2723 quo
1265 2649 1405 2706 illud
1426 2665 1537 2705 non
1563 2655 1646 2704 est
1664 2646 1812 2720 quod

192 2737 541 2794 intrinsecus
572 2737 738 2802 vidit,
763 2737 857 2792 sed
876 2754 946 2792 ex
973 2737 1062 2793 his
1086 2737 1443 2794 interioribus
1465 2754 1584 2811 quae
1610 2735 1810 2808 raptim

192 2825 394 2882 videre
434 2825 638 2898 potuit,
671 2825 737 2882 ad
768 2827 1041 2882 exteriora
1065 2844 1184 2900 quae
1204 2827 1402 2882 tolerat
1417 2825 1704 2898 judicandi
1727 2841 1811 2879 re-

195 2915 392 2988 gulam
421 2914 612 2972 sumit.
663 2914 837 2988 Super
865 2932 922 2972 se
951 2915 1099 2971 enim
1146 2916 1360 2987 rapitur
1390 2915 1522 2970 dum
1553 2913 1814 2969 sublimia

193 3005 616 3076 contemplatur
648 3023 661 3073 ;
699 3013 755 3061 et
792 3005 1138 3077 semetipsam
1174 3004 1290 3078 jam
1338 3003 1565 3060 liberius
1596 3005 1616 3039 ³
1643 3018 1815 3059 exce-

196 3094 387 3152 dendo
415 3093 782 3167 conspiciens,
816 3093 1088 3167 quidquid
1117 3093 1167 3150 ei
1197 3109 1266 3150 ex
1291 3093 1468 3166 seipsa
1505 3091 1608 3148 sub
1640 3091 1817 3164 seipsa

202 3191 480 3253 remanet,
513 3183 776 3240 subtilius
817 3182 1256 3256 comprehendit.
1288 3183 1376 3238 Ex
1423 3198 1530 3255 qua
1576 3197 1634 3236 re
1671 3181 1813 3236 miro

199 3273 371 3331 modo
400 3273 601 3346 agitur,
634 3280 716 3343 ut,
744 3272 890 3328 sicut
918 3272 1170 3343 superius
1195 3271 1406 3328 dictum
1430 3279 1529 3339 est,
1553 3270 1698 3326 unde
1727 3269 1807 3326 di-

202 3363 368 3436 gnior
413 3363 672 3431 efﬁcitur,
722 3361 850 3417 inde
889 3360 1116 3417 sibimet
1159 3359 1388 3432 indigna
1433 3359 1707 3428 videatur,
1757 3365 1811 3414 et

201 3461 342 3510 tunc
361 3451 682 3509 rectitudini
713 3468 769 3508 se
795 3452 955 3523 longe
982 3466 1098 3507 esse
1119 3449 1340 3518 sentiat,
1363 3465 1490 3505 cum
1520 3448 1812 3522 appropin-

203 3548 358 3616 quat.
389 3541 543 3598 Unde
563 3541 820 3598 Salomon
840 3539 917 3595 ait
949 3558 960 3595 :
1001 3541 1201 3598 Cuncta
1232 3539 1426 3595 tentavi
1444 3540 1501 3594 in
1528 3537 1811 3610 sapientia,

204 3639 260 3689 et
281 3631 399 3688 dixi
430 3648 442 3687 :
481 3631 704 3704 Sapiens
733 3631 948 3704 efﬁciar,
981 3635 1028 3685 et
1056 3629 1172 3702 ipsa
1204 3629 1411 3700 longius
1441 3629 1652 3684 recessit
1677 3646 1711 3683 α
1736 3643 1815 3682 me

208 3723 414 3796 (Eccle.
461 3741 566 3792 vii,
612 3723 728 3795 24).
780 3721 1020 3789 Quaesita
1051 3720 1199 3776 enim
1233 3719 1503 3792 sapientia
1531 3718 1689 3790 longe
1719 3733 1816 3772 re-

205 3811 406 3870 cedere
437 3812 664 3881 dicitur,
695 3811 824 3884 quia
866 3808 1334 3883 appropinquanti
1381 3807 1546 3864 altior
1573 3807 1811 3863 videtur.

207 3903 322 3970 Qui
352 3918 484 3958 vero
514 3901 656 3958 hanc
684 3917 1030 3975 nequaquam
1055 3907 1327 3975 quaerunt,
1355 3906 1510 3954 tanto
1539 3913 1596 3954 se
1623 3896 1674 3952 ei
1697 3912 1818 3968 pro-

207 3991 453 4065 pinquos
480 3991 776 4060 aestimant,
810 3999 1015 4064 quanto
1045 3998 1099 4046 et
1127 3988 1245 4062 ejus
1285 3986 1636 4045 rectitudinis
1664 4001 1819 4057 regu-

207 4080 323 4136 lam
355 4078 634 4153 ignorant,
663 4080 792 4152 quia
819 4079 913 4135 siti
944 4079 1001 4134 in
1033 4077 1273 4133 tenebris
1301 4076 1484 4133 mirati
1529 4075 1669 4133 lucis
1696 4074 1820 4132 cla-

207 4168 431 4226 ritatem
466 4169 742 4237 nesciunt,
760 4186 924 4242 quam
950 4185 1232 4242 nunquam
1255 4167 1514 4223 viderunt
1537 4184 1550 4233 ;
1584 4179 1819 4237 cumque

212 4259 279 4316 in
309 4258 542 4315 formam
565 4257 684 4331 ejus
704 4256 1137 4332 pulchritudinis
1167 4272 1278 4313 non
1299 4253 1622 4323 tenduntur,
1653 4254 1711 4309 in
1741 4268 1819 4309 se-

208 4349 464 4422 metipsis
515 4349 752 4405 libenter
797 4347 1048 4422 quotidie
1090 4346 1451 4404 deformiores
1491 4344 1650 4402 fiunt.
1683 4343 1819 4401 Nam

213 4438 476 4514 quisquis
503 4437 622 4512 ejus
642 4437 812 4495 radiis
832 4437 1097 4510 tangitur,
1128 4452 1226 4492 sua
1246 4435 1328 4492 illi
1349 4435 1695 4492 manifestius
1714 4434 1821 4490 for-

209 4527 398 4586 titudo
428 4535 806 4594 monstratur;
841 4535 894 4583 et
910 4542 974 4582 eo
996 4524 1182 4583 verius
1202 4525 1418 4581 invenit
1442 4531 1708 4599 quantum
1731 4523 1823 4580 ﬂe-

1908 593 2268 652 formidoloso
2297 595 2521 653 silentio
2562 600 2894 670 veneranda,
2926 606 3055 677 quia
3080 615 3134 662 et
3162 625 3288 663 cum
3318 625 3510 665 causas

1909 699 2092 739 rerum
2120 684 2376 740 conditor
2405 685 2462 740 in
2495 685 2711 758 ﬂagello
2739 705 2850 744 non
2887 691 3084 762 aperit,
3114 709 3178 748 eo
3208 693 3385 765 justas
3413 696 3511 751 in-

1903 773 2079 844 .dicat,
2101 791 2210 847 quo
2236 791 2293 830 se
2318 791 2408 832 eas
2428 776 2606 833 facere
2627 779 2723 851 qui
2743 794 2955 836 summe
2969 779 3155 852 justus
3181 791 3263 838 est
3289 785 3511 840 demon-
3613 849 3624 853 _

1910 873 2064 922 strat.
2116 863 2218 919 Vir
2255 880 2383 936 ergo
2423 864 2670 935 sanctus,
2721 875 2776 923 et
2817 867 2973 940 prius
3001 869 3070 925 de
3117 871 3413 940 locutione,
3458 882 3514 930 et

1911 960 2035 1026 post
2061 955 2128 1009 de
2155 954 2378 1010 silentio
2408 955 2794 1027 reprehensus,
2825 958 2959 1030 quid
2979 959 3049 1016 de
3067 960 3364 1033 semetipso
3391 977 3512 1018 sen-

1911 1045 2013 1101 tiat
2046 1044 2371 1102 innotescat.
2401 1047 2498 1103 Ait
2526 1047 2673 1102 enim
2711 1066 2724 1104 :

2547 1169 2778 1229 CAPUT
2807 1173 2874 1229 ΙΙ.

1984 1266 2114 1324 Car.
2149 1284 2350 1336 χχχιχ,
2379 1267 2551 1326 Vens.
2581 1268 2668 1326 34.
2697 1301 2767 1311 -
2800 1271 2905 1340 Qui
2935 1272 3117 1328 leviter
3145 1273 3348 1329 locutus
3379 1290 3514 1344 sum,

1913 1359 2228 1430 respondere
2250 1359 2379 1430 quid
2402 1377 2619 1431 possum
2649 1362 2677 1417 ἵ

1985 1447 2037 1503 2.
2067 1449 2144 1504 De
2173 1449 2324 1504 verba
2345 1449 2510 1504 otioso
2532 1467 2595 1504 ne
2609 1450 2776 1505 sancti
2790 1450 3000 1522 quidem
3019 1452 3264 1508 excusari
3272 1461 3514 1526 possunt.

1916 1538 2016 1594 Sed
2038 1537 2230 1610 lingua:
2249 1541 2432 1610 culpas
2460 1539 2582 1593 vitae
2608 1539 2811 1594 meritis
2843 1545 3006 1612 tegere
3030 1549 3240 1598 curant.
3265 1574 3336 1585 —
3364 1545 3444 1600 Ac
3470 1543 3517 1601 si

1915 1625 2062 1684 dicat
2096 1644 2107 1682 :
2140 1627 2464 1684 Sermonem
2497 1644 2680 1684 meum
2709 1628 3082 1698 defenderem,
3129 1630 3175 1686 si
3215 1630 3365 1687 hunc
3391 1649 3516 1689 cum

1916 1715 2146 1772 rationis
2175 1717 2417 1789 pondere
2447 1717 2822 1789 protulissem.
2875 1719 2948 1773 At
2995 1729 3285 1792 postquam
3334 1721 3522 1793 lingua

1917 1805 2142 1860 levitate
2174 1821 2274 1859 usa
2292 1805 2668 1872 convincitur,
2687 1804 2822 1878 quid
2844 1813 3010 1860 restat
3034 1806 3143 1862 nisi
3164 1814 3226 1862 ut
3243 1808 3520 1865 conticen-

1833 1885 1880 1947 B
1914 1896 1985 1953 do
2015 1897 2322 1952 refrenetur
2351 1897 2380 1953 ?
2409 1896 2669 1970 Sequitur
2702 1915 2713 1952 :

1988 1987 2126 2042 Iern.
2161 2017 2226 2026 —
2249 1986 2468 2042 Manum
2500 2003 2666 2040 meam.
2690 2003 2888 2058 ponam
2917 2003 3076 2058 super
3102 2003 3160 2041 os
3187 2003 3376 2043 meum.

1989 2075 2101 2131 Usu
2129 2073 2269 2131 sacri
2301 2073 2509 2146 eloquii
2541 2074 2598 2129 in
2622 2090 2790 2129 manu
2819 2073 3087 2147 operatio,
3110 2073 3167 2129 in
3198 2091 3291 2129 ore
3319 2072 3524 2130 locutio

1917 2166 2056 2222 solet
2085 2163 2340 2236 intelligi.
2370 2165 2591 2220 Manum
2623 2180 2749 2237 ergo
2779 2180 2942 2236 super
2970 2181 3030 2220 os
3061 2180 3260 2236 ponere
3289 2171 3369 2219 est
3397 2164 3524 2219 vir-

1919 2262 2035 2311 tute
2060 2253 2192 2310 boni
2225 2253 2406 2326 operis
2441 2255 2461 2288 "
2501 2253 2691 2326 culpas
2722 2261 2900 2326 tegere
2931 2252 3164 2309 incautae
3207 2252 3524 2308 locutionis.

1918 2343 2053 2412 Quis
2081 2359 2212 2399 vero
2257 2341 2496 2398 inveniri
2541 2351 2720 2415 potest
2757 2332 2874 2416 qui,
2923 2341 3226 2416 quamlibet
3253 2343 3526 2415 perfectus

1919 2433 2011 2502 sit,
2062 2431 2129 2488 de
2175 2431 2353 2488 otioso
2387 2439 2573 2486 tamen
2616 2447 2868 2487 sermone
2909 2447 3023 2486 non
3054 2431 3298 2504 peccet?
3323 2431 3525 2487 Jacobo

1920 2529 2232 2590 attestante,
2251 2521 2346 2594 qui
2360 2521 2440 2576 ait
2470 2538 2482 2576 ;
2517 2521 2691 2576 Nolite
2699 2523 2886 2592 plures
2903 2519 3146 2592 magistri
3161 2519 3298 2592 fieri,
3323 2519 3376 2572 in
3393 2521 3525 2574 mul-

1922 2613 1988 2667 tis
2015 2611 2151 2666 enim
2180 2610 2492 2682 offendimus
2521 2627 2695 2665 omnes
2719 2609 2922 2682 (Jacob.
2957 2625 3040 2676 ni,
3075 2609 3151 2682 1).
3175 2609 3245 2664 Et
3265 2625 3482 2664 rursum
3511 2625 3522 2664 :

1921 2701 2184 2773 Linguam
2225 2701 2409 2755 nullus
2455 2699 2726 2754 hominum
2769 2699 2986 2754 domare
3015 2705 3186 2770 potest
3228 2698 3415 2770 (Ibid.,
3443 2697 3524 2770 8).

1921 2787 2094 2859 Cujus
2141 2789 2332 2860 culpas
2378 2787 2712 2860 redarguens
2759 2805 2856 2861 per
2890 2787 3236 2860 semetipsam
3287 2786 3526 2854 Veritas,

1922 2876 2060 2932 dicit
2091 2894 2102 2931 :
2135 2876 2266 2931 Dico
2283 2883 2457 2930 autem
2473 2877 2617 2930 vobis
2639 2877 2888 2948 quoniam
2905 2893 3055 2931 omne
3073 2876 3283 2930 verbum
3304 2874 3527 2930 otiosum

1922 2974 2064 3046 quod
2085 2974 2243 3030 locuti
2260 2973 2464 3044 fuerint
2482 2973 2734 3042 homines,
2755 2974 2975 3030 reddent
2994 2975 3056 3030 de
3072 2991 3130 3028 eo
3154 2970 3344 3027 1047
3362 2972 3528 3026 ratio-

1921 3082 2040 3120 nem
2068 3064 2126 3119 in
2153 3065 2237 3120 die
2256 3063 2464 3134 judicii-
2495 3064 2716 3134 (Matth.
2765 3080 2870 3131 xu,
2918 3064 3036 3134 36).
3081 3061 3186 3118 Sed
3214 3061 3388 3118 sancti
3419 3059 3526 3116 viri

1923 3161 2051 3210 ante
2069 3153 2171 3210 Dei
2201 3154 2392 3210 oculos
2427 3152 2651 3210 student
2678 3153 2865 3226 culpas
2886 3151 3087 3225 linguae
3115 3159 3294 3224 tegere
3315 3149 3528 3206 meritis

1841 3244 1884 3304 C
1924 3243 2074 3311 vitae,
2125 3242 2349 3298 student
2392 3241 2667 3298 bonorum
2721 3257 2951 3314 operum
2999 3241 3239 3313 pondere
3287 3255 3528 3312 premere

1921 3334 2284 3390 immoderata
2310 3331 2632 3389 verborum.
2667 3331 2822 3388 Unde
2854 3331 2912 3387 in
2933 3339 3121 3387 sancta
3148 3329 3395 3388 Ecclesia
3419 3346 3528 3386 ma-
3606 3401 3608 3404 _

1923 3440 2028 3480 nus
2057 3438 2222 3496 super
2249 3439 2310 3478 os
2339 3421 2591 3493 ponitur,
2622 3420 2756 3477 dum
2805 3421 2864 3476 in
2905 3421 3094 3478 electis
3137 3418 3255 3492 ejus
3283 3418 3531 3494 quotidie

1924 3512 2112 3568 otiosae
2143 3511 2440 3569 locutionis
2469 3511 2672 3568 vitium
2701 3510 2860 3568 bona;
2889 3510 3124 3568 actionis
3155 3510 3361 3567 virtute
3391 3525 3532 3582 ope-

1925 3609 2097 3658 ratur.
2130 3602 2410 3674 Scriptum
2439 3617 2678 3677 namque
2705 3609 2790 3659 est
2823 3618 2835 3658 :
2870 3602 3026 3658 Beati
3052 3618 3280 3674 quorum
3303 3600 3532 3657 remissa:

1924 3697 2046 3746 sunt
2077 3691 2400 3762 iniquitates,
2433 3697 2481 3747 et
2511 3709 2739 3764 quorum
2780 3697 2908 3747 tecta
2938 3697 3061 3747 sunt
3097 3696 3310 3762 peccata
3354 3688 3528 3761 (Psai.

1924 3795 2089 3849 xxxx,
2115 3780 2193 3853 1).
2222 3779 2329 3836 Sed
2349 3796 2568 3836 rursum
2591 3797 2716 3838 cum
2739 3780 3004 3852 scriptum
3026 3778 3098 3835 sit
3132 3795 3144 3834 :
3181 3777 3372 3836 Omnia
3387 3777 3531 3832 nuda

1925 3877 1973 3925 et
2005 3876 2193 3941 aperta
2230 3877 2353 3925 sunt
2393 3871 2560 3926 oculis
2597 3869 2710 3940 ejus
2746 3871 2938 3940 (Hebr.
2984 3886 3065 3938 iv,
3111 3868 3226 3940 13),
3257 3864 3532 3941 quomodo

1932 3959 2038 4031 tegi
2068 3966 2300 4032 possunt
2339 3976 2460 4032 qua:
2489 3957 2610 4030 ejus
2657 3958 2834 4015 oculis
2865 3959 2957 4016 cui
2992 3964 3193 4016 cuncta
3229 3955 3378 4012 nuda
3405 3963 3534 4011 sunt

1928 4049 2190 4105 abscondi
2239 4064 2584 4121 nequaquam
2633 4055 2862 4121 possunt
2892 4049 2920 4105 Τ
2949 4047 3055 4104 Sed
3093 4046 3223 4120 quia
3251 4045 3358 4103 hoc
3385 4044 3532 4118 quod

1927 4138 2186 4212 tegimus,
2217 4137 2450 4194 inferius
2480 4138 2758 4210 ponimus,
2789 4145 2954 4211 atque
2982 4137 3088 4194 hoc
3116 4135 3263 4193 unde
3297 4135 3536 4208 tegimus

1929 4232 2196 4289 nimirum
2227 4231 2672 4306 superducimus,
2721 4239 2784 4288 ut
2814 4230 2964 4306 quod
2991 4238 3073 4287 est
3103 4227 3535 4302 subterpositum

1928 4331 2197 4396 tegamus,
2229 4331 2409 4397 tegere
2449 4331 2670 4397 peccata
2696 4322 2936 4380 dicimur
2972 4339 3092 4396 qua;
3123 4321 3281 4394 quasi
3313 4319 3539 4378 subter-

1931 4413 2191 4487 ponimus
2210 4413 2343 4471 dum
2365 4413 2708 4482 abdicamus,
2726 4411 2911 4486 eisque
2927 4410 3080 4468 aliud
3096 4409 3538 4495 superducimus,

1931 4503 2066 4562 dum
2111 4503 2271 4562 bonae
2299 4504 2536 4561 actionis
2583 4519 2722 4577 opus
2768 4501 2836 4559 ad
2880 4501 2987 4559 hoc
3031 4510 3153 4576 post
3199 4500 3456 4575 eligimus
3481 4508 3544 4557 ut

211 4625 400 4677 ctatur
428 4617 489 4674 in
518 4616 682 4686 vitio,
726 4631 856 4690 quo,
901 4615 1149 4688 sagacius
1189 4630 1406 4672 summa
1451 4595 1807 4673 considerans

1937 4598 2318 4670 praeferamus.
2350 4598 2460 4667 Qui
2486 4613 2614 4671 ergo
2661 4597 2848 4671 priora
2890 4597 3038 4653 mala
3065 4595 3288 4666 deserit,
3318 4603 3373 4652 et
3399 4595 3543 4653 bona

215 4707 500 4782 conspicit
529 4714 798 4781 quantum
840 4705 1009 4762 distat
1037 4721 1065 4761 a
1094 4712 1264 4762 recto.
1307 4703 1463 4761 Unde
1497 4702 1690 4760 beatus
1726 4701 1829 4760 Job

212 4800 534 4858 humanum
554 4813 726 4871 genus
746 4794 1049 4852 virtutibus
1068 4793 1360 4862 transiens,
1379 4793 1586 4851 amicos
1604 4794 1829 4866 loquen-

216 4890 293 4948 do
325 4888 616 4964 superavit
639 4906 653 4957 ;
686 4887 781 4945 sed
811 4886 1070 4960 loquente
1090 4887 1223 4954 Deo,
1245 4883 1540 4942 sublimius
1559 4882 1828 4954 eruditus,

215 4979 580 5053 semetipsum
611 4976 994 5052 cognoscendo
1023 4975 1266 5033 reticuit.
1299 4975 1430 5031 Illos
1465 4988 1702 5046 namque
1732 4971 1832 5027 in-

209 5071 366 5146 juste
394 5070 685 5143 loquentes
715 5065 985 5136 subdidit,
1017 5064 1111 5122 sed
1144 5063 1214 5120 ad
1238 5062 1406 5120 verba
1435 5061 1730 5119 locutionis
1750 5061 1830 5117 in-

220 5160 376 5218 timae
408 5175 564 5216 reum
592 5174 649 5216 se
675 5157 825 5231 juste
848 5154 1130 5230 cognovit.
1162 5155 1234 5211 Et
1262 5153 1485 5227 quidem
1510 5168 1610 5210 cur
1639 5149 1834 5222 ﬂagel-

219 5252 369 5308 latus
395 5250 471 5307 sit
495 5248 694 5318 nescit,
723 5246 818 5305 sed
838 5254 1025 5305 tamen
1046 5262 1146 5304 cur
1173 5244 1386 5317 ﬂagella
1408 5249 1698 5299 veneratus
1723 5256 1833 5297 non

219 5337 316 5407 sit,
346 5335 562 5394 silendo
592 5334 893 5407 redarguit.
926 5333 1132 5392 Divina
1159 5332 1310 5390 enim
1334 5329 1549 5405 judicia
1575 5346 1702 5390 cum
1725 5345 1822 5387 ne-

301 5533 317 5568 ¹
348 5533 432 5590 Ita
456 5532 586 5590 Mss.
618 5529 838 5603 Anglic.
875 5537 929 5586 et
957 5531 1146 5586 Norm.
1180 5526 1427 5602 Vulgati,
1458 5544 1586 5586 cum
1614 5527 1830 5586 duobus

222 5604 437 5672 Germ.,
459 5623 496 5660 a
519 5610 748 5675 torpore.

301 5677 324 5711 ²
350 5671 516 5734 COrb.
549 5671 734 5732 Germ.
758 5681 813 5732 et
841 5673 1238 5733 Gemeticensis
1255 5673 1390 5733 Cod.
1423 5671 1834 5730 vetustissimus

223 5753 466 5823 quatuor
494 5746 722 5804 ultimos
751 5747 945 5807 Mora].
980 5744 1152 5808 libros
1179 5746 1570 5820 complectens,
1592 5762 1694 5823 per
1716 5762 1834 5806 con-

224 5819 636 5898 templationem.
1309 5819 1322 5820 ’
1598 5819 1606 5868 ‘.

1937 4689 2212 4761 posterius
2241 4688 2394 4758 facit,
2439 4705 2536 4762 per
2563 4687 2671 4744 hoc
2697 4687 2847 4762 quod
2876 4685 3052 4753 addit,
3083 4693 3408 4744 transactam
3436 4701 3542 4742 ne-

1939 4779 2172 4852 quitiam
2219 4781 2379 4853 tegit,
2430 4777 2520 4838 cui
2567 4776 2702 4835 boni
2745 4777 2926 4850 operis
2973 4776 3170 4833 merita
3202 4775 3539 4848 superducit.

1939 4870 2141 4928 Beatus
2169 4871 2344 4945 igitur
2372 4870 2474 4928 Job
2504 4878 2705 4928 sanctae
2734 4869 2994 4926 Ecclesiae
3023 4875 3216 4941 typum
3248 4875 3459 4936 tenens,
3489 4875 3544 4924 et

1940 4960 2000 5016 in
2030 4961 2215 5017 verbis
2243 4960 2358 5018 suis
2379 4976 2478 5017 sua
2506 4962 2527 4995 δ
2555 4960 2817 5032 allegans,
2838 4965 3026 5015 nostra
3053 4956 3362 5027 designans,
3395 4956 3544 5013 dicat

1940 5070 2011 5110 ex
2038 5070 2116 5124 se,
2134 5053 2286 5127 dicat
2313 5069 2383 5110 ex
2411 5052 2571 5110 nobis
2607 5069 2619 5108 :
2649 5053 2874 5112 Manum
2895 5066 3065 5105 meam
3083 5063 3280 5119 ponam
3309 5065 3466 5119 super
3486 5066 3544 5104 os

1939 5159 2112 5198 meum
2141 5159 2162 5208 ;
2192 5141 2250 5198 id
2279 5150 2380 5211 est,
2411 5141 2519 5200 hoc
2546 5140 2694 5216 quod
2714 5139 2968 5197 districto
2992 5136 3170 5210 judici
3198 5137 3266 5193 de
3293 5153 3543 5195 sermone

1943 5249 2065 5290 meo
2095 5232 2154 5288 in
2184 5248 2271 5288 me
2299 5232 2648 5307 displicuisse
2695 5228 3006 5297 considero,
3055 5234 3180 5284 ante
3208 5226 3328 5302 ejus
3356 5228 3545 5289 oculos

1943 5324 2045 5383 sub
2075 5321 2349 5382 velamine
2376 5322 2513 5381 recti
2541 5320 2721 5395 operis
2765 5317 3060 5376 abscondo.
3093 5318 3354 5393 Sequitur
3385 5336 3397 5375 :

2015 5528 2036 5562 ³
2071 5526 2284 5584 Gemet.
2307 5531 2362 5581 et
2391 5522 2556 5582 Corb.
2579 5522 2794 5589 Germ.,
2823 5519 3167 5577 ascendendo.

2015 5599 2039 5634 ‘
2069 5597 2266 5664 Laud.,
2295 5597 2479 5668 culpas
2511 5601 2723 5668 tergere.

2013 5672 2035 5706 ⁸
2067 5670 2305 5738 Gemet.,
2337 5664 2521 5725 Germ.
2564 5664 2628 5724 ac
2671 5664 2868 5739 Laud.,
2907 5665 3161 5739 alligans.
3210 5664 3292 5721 Ita
3329 5676 3545 5738 quoque

1945 5741 2113 5802 Corb.
2143 5737 2329 5800 Germ.
2360 5747 2492 5800 ante
2520 5737 2942 5798 correctionem.
