3936 6388
427 384 535 448 638

1049 508 1281 568 CAPUT
1312 509 1408 567 III.

494 609 668 673 ,Vuns.
699 608 789 668 35.
819 639 892 656 -
921 610 1096 669 Unum
1123 610 1326 665 locutus
1355 625 1492 678 sum,
1525 607 1668 680 quod
1693 606 1901 662 utinam
1925 622 2034 661 non

425 701 681 757 dixissem
699 718 723 767 ;
756 708 806 757 et
829 702 1079 768 alterum,
1107 700 1297 773 quibus
1325 702 1473 756 ultra
1498 716 1610 755 non
1636 697 1851 753 addam.

497 787 552 846 3.
583 788 681 846 Job
718 790 828 846 Deo
864 789 1160 862 increpanti
1204 788 1476 845 humiliter
1502 803 1555 841 se
1593 800 1830 857 peccasse
1859 784 2035 857 conli—

428 882 588 936 tetur.
620 908 692 923 -
709 877 769 934 Si
796 883 1071 936 transacta
1098 877 1245 935 beati
1266 875 1369 933 Job
1391 874 1558 931 verba
1576 873 1930 943 discutimus,
1953 874 2035 930 ni-

429 966 511 1024 hil
541 983 668 1027 eum
712 968 969 1041 nequiter
1008 967 1220 1025 dixisse
1262 966 1587 1038 reperimus.
1637 964 1696 1021 Si
1722 979 1857 1020 vero
1886 962 2035 1021 dicta

428 1055 569 1129 ejus,
600 1072 720 1130 qua;
748 1072 874 1114 cum
915 1057 1147 1113 veritate
1176 1072 1241 1113 ac
1267 1054 1518 1111 libertate
1546 1053 1758 1126 prolata
1784 1060 1937 1121 sunt,
1977 1051 2035 1107 in

429 1144 652 1219 aliquod
670 1146 938 1219 superbiai
966 1146 1167 1204 vitium
1197 1145 1489 1213 ﬂectimus,
1524 1142 1635 1200 duo
1659 1142 1775 1215 jam
1811 1145 2033 1200 solum-

430 1235 597 1294 modo
624 1251 735 1295 nou
764 1244 944 1305 erunt,
976 1236 1108 1311 quia
1136 1235 1312 1292 multa
1345 1241 1527 1291 erunt.
1580 1232 1686 1290 Sed
1719 1232 1849 1306 quia
1885 1230 2037 1305 loqui

431 1333 681 1383 nostrum
712 1334 796 1383 est
823 1323 1146 1382 hominibus
1166 1324 1445 1382 occultum
1466 1338 1685 1380 sensum
1708 1320 1893 1379 verbis
1914 1335 2037 1392 ape-

433 1415 565 1485 rire,
595 1415 748 1489 loqui
777 1431 908 1473 vero
937 1421 1188 1472 nostrum
1217 1412 1287 1470 ad
1315 1412 1534 1470 divinas
1554 1427 1711 1468 aures
1727 1417 1809 1477 est
1825 1417 2039 1466 motum

433 1504 636 1562 mentis
666 1503 833 1562 etiam
864 1502 1216 1577 expressione
1240 1501 1475 1561 actionis
1504 1500 1812 1569 ostendere,
1848 1498 2040 1555 beatus

432 1594 534 1652 Job
559 1594 628 1653 ad
653 1593 852 1653 libram
880 1610 938 1651 se
965 1593 1320 1652 subtilissimi
1349 1592 1625 1650 examinis
1654 1606 1912 1663 pensans,
1946 1589 2041 1645 lo—

433 1683 657 1743 cutione
685 1700 784 1743 sua
811 1683 1054 1742 secundo
1082 1699 1138 1739 se
1183 1681 1483 1756 deliquisse
1512 1679 1827 1740 conﬁtetur.
1860 1679 2039 1737 Unum

433 1775 582 1835 enim
601 1774 756 1849 loqui
776 1775 975 1833 illicito
1003 1782 1089 1832 est
1115 1790 1201 1830 res
1229 1772 1444 1845 ﬂagello
1471 1770 1667 1844 dignas
1695 1784 1872 1841 agere,
1890 1766 2043 1824 aliud

1630 377 1882 439 SANCTI
1918 377 2257 439 GREGORII
2297 380 2536 439 MAGNl

2058 510 2109 570 A
2139 508 2269 582 quia
2301 510 2488 567 nullus
2518 510 2575 567 in
2602 508 2705 568 hac
2734 511 2850 567 vita
2880 510 2957 568 ita
2985 511 3257 585 perfectus
3286 523 3387 583 est,
3433 521 3495 570 ut
3540 529 3753 590 quam—

3640 382 3751 442 636

2142 596 2277 656 libet
2303 600 2416 656 Deo
2447 600 2679 657 devotus
2706 600 2799 669 sit,
2831 600 2976 657 inter
3004 602 3121 674 ipsa
3147 603 3168 637 ⁸
3190 603 3753 679 quantulumcunque

2142 687 2235 759 pia
2261 695 2389 744 vota
2415 705 2523 745 non
2547 697 2754 762 peccet,
2784 705 2883 762 pro
2907 698 3129 763 peccato
3158 707 3295 767 agna
3322 692 3510 748 oﬂ‘erri
3540 691 3611 749 de
3634 707 3754 765 gre-

2144 779 2303 852 gibus
2322 779 2438 835 sive
2467 795 2629 851 capra
2656 778 2995 852 praecipitur.
3035 780 3181 849 Quid
3232 782 3382 837 enim
3423 797 3521 854 per
3550 797 3754 854 agnam

2143 870 2252 926 nisi
2281 870 2474 927 activae
2494 869 2622 925 vita:
2644 869 2977 940 innocentia,
3001 870 3135 943 quid
3157 888 3252 942 per
3269 888 3512 944 capram,
3538 888 3663 947 quae
3693 871 3755 931 iu

2144 960 2377 1017 summis
2404 976 2546 1032 stupe
2573 960 2943 1033 extremisque
2971 958 3204 1032 rupibus
3219 961 3462 1033 pendens
3482 960 3753 1035 pascitur,

2144 1053 2253 1108 nisi
2283 1051 2712 1125 contemplativa
2741 1051 2857 1107 vita
2884 1050 3132 1124 signatur
3153 1050 3181 1107 ?
3212 1050 3317 1119 Qui
3352 1067 3482 1124 ergo
3519 1068 3578 1108 se
3608 1067 3759 1111 con-

2146 1146 2309 1218 spicit
2338 1145 2605 1218 promissa
2635 1161 2698 1202 ac
2727 1146 3004 1218 proposita
3032 1161 3144 1201 non
3174 1144 3450 1219 implesse,
3482 1146 3555 1202 ad
3585 1144 3757 1203 sacri-

2146 1235 2335 1293 ﬁcium
2363 1236 2459 1293 Dei
2492 1253 2605 1293 sese
2636 1236 2935 1293 studiosius
2963 1236 3125 1293 debet
3154 1237 3240 1293 vel
3271 1235 3591 1295 innocentia
3620 1235 3761 1294 boni

2147 1326 2347 1399 operis,
2377 1327 2467 1381 vel
2496 1325 2721 1381 sublimi
2753 1334 2909 1398 pastu
2936 1325 3420 1399 contemplationis
3440 1327 3757 1401 accingere.

2147 1416 2219 1471 Et
2245 1414 2382 1471 bene
2411 1431 2549 1487 agna
2573 1414 2641 1470 de
2670 1414 2945 1487 gregibus,
2975 1431 3140 1489 capra
3168 1430 3299 1470 vero
3328 1414 3515 1471 oﬂ'erri
3546 1414 3617 1472 de
3643 1430 3764 1491 gre-

2151 1502 2308 1575 gibus
2337 1520 2447 1559 non
2471 1502 2717 1576 jubetur,
2750 1504 2879 1576 quia
2908 1503 3092 1559 activa
3128 1501 3244 1558 vita
3294 1503 3603 1561 multorum
3653 1512 3762 1574 est,

2150 1592 2577 1666 contemplativa
2616 1609 2934 1666 paucorum.
2980 1594 3053 1649 Et
3084 1608 3212 1650 cum
3243 1590 3361 1649 haec
3389 1592 3606 1665 agimus
3636 1610 3762 1669 qua:

2151 1682 2355 1737 multos
2401 1697 2557 1755 agere
2608 1690 2662 1737 et
2697 1681 2869 1755 egisse
2915 1681 3306 1755 conspicimus,
3356 1681 3510 1755 quasi
3559 1697 3764 1755 agnam

2151 1771 2219 1829 de
2262 1773 2515 1845 gregibus
2552 1772 2767 1830 damus.
2808 1771 2912 1831 Sed
2946 1789 3073 1830 cum
3105 1773 3387 1830 offerentis
3427 1772 3607 1828 virtus
3638 1773 3661 1806 ⁸
3692 1771 3765 1829 ad

435 1866 586 1940 loqui
607 1872 689 1923 est
708 1865 873 1922 etiam
902 1864 970 1922 de
1002 1864 1214 1936 ﬂagello
1228 1876 1589 1921 murmurare.
1623 1860 1730 1928 Qui
1759 1875 1888 1931 ergo
1916 1864 2045 1913 ante
2073 1869 2118 1932 Β
2154 1880 2347 1936 agnam
2373 1879 2700 1937 capramque
2729 1879 2841 1919 non
2882 1863 3107 1933 suﬂicit,
3147 1861 3208 1919 in
3238 1863 3543 1920 remedium
3569 1858 3768 1936 patui—

436 1954 867 2030 increpationem
898 1951 1238 2011 dominicam
1261 1951 1321 2007 in
1346 1950 1499 2007 omni
1529 1964 1690 2022 opere
1722 1946 2045 2003 hominibus

436 2044 694 2119 pralatus
720 2043 829 2101 fuit
856 2042 976 2116 ipsa
1000 2041 1059 2099 in
1097 2041 1272 2099 altum
1304 2037 1683 2112 increpatione
1729 2034 2044 2108 proﬁciens,

437 2140 493 2190 et
519 2132 705 2190 minus
730 2147 789 2189 se
816 2138 1031 2203 rectum
1061 2130 1215 2201 prius
1244 2128 1302 2185 in
1331 2142 1512 2201 opere,
1554 2133 1610 2181 et
1643 2123 1829 2182 minus
1857 2140 1913 2180 se
1942 2140 2047 2196 pa-

437 2221 666 2279 tientem
699 2228 824 2293 post
852 2220 912 2278 in
940 2219 1170 2277 verbere
1209 2216 1453 2291 agnovit.
1490 2213 1644 2272 Unde
1693 2213 2046 2285 semetipsum

439 2310 743 2385 redarguit,
777 2309 966 2368 dicens
998 2327 1011 2366 :
1068 2310 1237 2367 Unum
1279 2308 1480 2365 locutus
1508 2321 1643 2375 sum,
1674 2302 1815 2376 quod
1843 2302 2048 2360 utinam

441 2417 551 2459 non
578 2400 870 2469 dixissem,-
899 2406 947 2456 et
974 2400 1223 2468 alterum,
1256 2397 1445 2470 quibus
1473 2396 1624 2452 ultra
1657 2394 1803 2449 ‘non
1829 2391 2044 2449 addam.

438 2491 522 2549 Ac
544 2491 593 2549 si
621 2490 806 2549 dicat:
834 2490 1063 2548 Rectum
1092 2504 1181 2545 me
1208 2485 1429 2563 quidem
1459 2485 1604 2543 inter
1633 2481 1890 2540 homines
1917 2497 2047 2539 cre-

441 2580 605 2641 didi:
645 2581 762 2651 sed,
791 2588 846 2639 te
874 2581 1154 2654 loquente,
1202 2584 1257 2636 et
1284 2584 1409 2634 ante
1436 2574 1652 2648 ﬂagella
1696 2589 1950 2647 pravum,
1993 2580 2048 2630 et

439 2679 564 2746 post
603 2672 817 2746 ﬂagella
846 2687 934 2729 me
962 2669 1205 2743 rigidum
1238 2668 1449 2726 inveni.
1501 2665 1701 2734 Quibus
1748 2666 1895 2722 ultra
1941 2681 2049 2719 non

438 2762 654 2831 addam,
684 2760 813 2835 quia
835 2759 953 2834 jam
982 2766 1188 2833 quanto
1208 2765 1428 2816 nuncte
1448 2757 1763 2830 loquentem
1788 2752 2049 2812 subtilius

441 2851 712 2926 intelligo,
743 2856 898 2910 tanto
928 2849 1201 2923 meipsum
1231 2845 1503 2904 humilius
1530 2844 1822 2917 investigo.

511 2993 652 3071 [Vet.
682 2995 762 3064 II,
793 2995 913 3052 Rec.
934 2992 1059 3068 ηε]
1076 2992 1130 3050 4.
1145 2990 1473 3051 Ρωηίιεηείω
1486 2988 1740 3059 objectum
1762 2992 1887 3042 sunt
1914 2986 2050 3042 bona

438 3087 688 3159 neglecta,
706 3092 754 3142 et
778 3087 927 3141 mala
948 3089 1278 3158 perpetrata.
1296 3082 1486 3139 Actica
1500 3080 1612 3136 vita
1638 3081 1931 3135 multorum
1953 3082 2047 3145 est,

438 3176 840 3248 contemplativa
855 3191 1171 3248 paucorum.
1193 3203 1265 3215 —
1283 3173 1356 3229 Et
1375 3171 1506 3245 quia
1522 3169 1714 3227 beatus
1732 3168 1834 3226 Joh
1851 3176 2051 3225 sancta

437 3263 698 3322 Ecclesiae
709 3272 908 3337 typum
923 3267 1327 3336 tenet,possunt
1338 3255 1925 3317 electisomnibushasc
1934 3254 2053 3328 ejus

441 3354 609 3410 verba
624 3353 1045 3426 congruere,qui
1059 3358 1450 3425 cognoscentes
1462 3351 1782 3420 Dominum,
1803 3352 1862 3407 in
1874 3366 1986 3406 uno
1998 3357 2053 3406 et

442 3442 553 3500 alio
572 3441 871 3515 deliquisse
882 3458 937 3497 se
948 3441 1216 3510 sentiunt,
1234 3441 1365 3515 quia
1378 3456 1435 3498 se
1450 3440 1771 3513 intelligunt
1784 3440 1871 3497 vel
1890 3440 1948 3497 in
1962 3457 2051 3498 co-

444 3532 713 3606 gitatione
733 3538 787 3588 et
805 3547 988 3604 opere,
1013 3531 1099 3588 vel
1122 3530 1179 3588 in
1205 3528 1306 3588 Dei
1322 3546 1386 3587 ac
1409 3528 1650 3603 proximi
1680 3531 1925 3602 neglecta
1954 3530 2051 3588 di-

443 3620 682 3679 lectione
707 3637 978 3695 peccasse.
1000 3620 1213 3689 Quibus
1231 3635 1289 3677 se
1310 3618 1644 3693 promittunt
1668 3619 1813 3675 ultra
1842 3620 1922 3676 nil
1942 3619 2051 3676 ad—

443 3707 590 3778 dere,
609 3708 739 3782 quia
758 3723 857 3781 per
874 3706 1251 3765 conversionis
1276 3706 1504 3779 gratiam
1525 3706 1547 3741 ²
1566 3712 1763 3763 curant
1782 3707 2048 3779 paeniten-

443 3797 516 3857 do
536 3797 787 3874 quotidie
814 3796 984 3854 etiam
1012 3803 1288 3854 transacta
1319 3811 1571 3870 purgare.
1603 3796 1708 3853 Per
1734 3794 1841 3853 hoc
1867 3803 2050 3853 tamen

442 3890 589 3963 quod
624 3887 818 3946 beatus
844 3886 948 3945 Job
975 3886 1043 3945 de
1072 3885 1291 3944 duobus
1318 3902 1376 3944 se
1406 3884 1722 3960 pmnitendo
1748 3885 2048 3960 redarguit,

443 3978 658 4054 liquido
678 3977 920 4036 ostendit
939 3977 1088 4054 quod
1113 3981 1303 4042 1048
1334 3984 1588 4052 peccator
1601 3975 1782 4034 omnis
1798 3977 1857 4034 in
1877 3977 2051 4052 poeni-

439 4077 614 4135 tentia
633 4076 913 4151 duplicem
931 4075 1131 4134 habere
1153 4075 1418 4150 gemitum
1436 4074 1616 4143 debet,
1640 4074 1907 4132 nimirum
1923 4074 2053 4149 quia

440 4174 496 4224 et
512 4166 721 4226 bonum
737 4165 885 4241 quod
904 4164 1153 4239 oportuit
1173 4182 1285 4223 non
1301 4165 1455 4233 fecit,
1476 4175 1529 4222 et
1546 4167 1753 4223 malum
1771 4164 1917 4239 quod
1940 4181 2053 4222 non

441 4255 689 4330 oportuit
706 4256 859 4313 fecit.
888 4254 1035 4313 Hinc
1052 4263 1135 4311 est
1159 4255 1308 4311 enim
1339 4253 1487 4327 quod
1513 4269 1611 4325 per
1636 4254 1863 4326 Moysen
1894 4253 1961 4311 de
1988 4271 2053 4311 eo

441 4347 537 4423 qui
554 4345 934 4420 juramentum
954 4343 1208 4418 protulit,
1228 4351 1291 4399 ut
1309 4344 1397 4398 vel
1420 4344 1561 4399 male
1584 4343 1718 4415 quid
1733 4343 1820 4401 vel
1838 4343 2053 4401 benefa-

441 4440 608 4504 ceret,
623 4441 677 4491 et
692 4432 799 4491 hoc
817 4432 999 4506 ipsum
1015 4431 1299 4489 oblivione
1320 4431 1683 4501 transcendit,
1700 4431 1907 4489 dicitur
1924 4449 1937 4489 :
1961 4433 2053 4504 0f-

440 4522 586 4597 ίαν-αι
604 4539 798 4596 agnam
823 4522 886 4579 de
903 4521 1146 4595 gregibus
1164 4521 1271 4577 sive
1298 4537 1537 4593 capram,
1570 4521 1843 4594 orabitque
1863 4538 1967 4597 pro
1996 4542 2053 4581 eo

442 4614 705 4682 sacerdos,
728 4618 777 4670 et
797 4628 902 4686 pro
911 4616 1122 4685 peccato
1138 4609 1269 4681 ejus.
1294 4611 1392 4668 Sin
1410 4616 1585 4667 autem
1607 4628 1713 4667 non
1728 4613 1963 4684 potuerit
1972 4613 2052 4685 of.
2084 4605 2134 4665 D

440 4706 587 4781 ferre
594 4722 770 4780 pecus,
794 4706 984 4779 oﬂ'erat
1000 4704 1138 4760 duos
1159 4708 1414 4772 turtures,
1422 4704 1503 4759 vel
1516 4704 1649 4760 duos
1661 4704 1843 4777 pullos
1861 4706 2055 4762 colum-

442 4799 651 4868 barum,
695 4814 861 4856 unum
898 4813 1004 4872 pro
1031 4801 1262 4868 peccato,
1289 4795 1584 4851 etalterum
1608 4795 1669 4850 in
1696 4795 2056 4851 holocaustum

439 4892 635 4965 (lavit.
667 4909 726 4962 v,
753 4891 807 4961 6,
832 4891 912 4964 7).
988 4888 1370 4946 Juramentum
1410 4902 1653 4960 namque
1684 4887 1930 4959 proferre
1973 4897 2055 4945 est

442 4989 577 5041 voto
606 4998 708 5041 nos
728 4982 749 5017 ³
772 4979 980 5038 divinat
1012 4976 1299 5036 servitutis
1325 4976 1571 5048 alligare.
1618 4975 1692 5032 Et
1736 4992 1863 5033 cum
1909 4975 2056 5033 bona

443 5089 607 5148 opera
625 5071 1025 5147 promittimus,
1049 5068 1189 5126 bene
1210 5083 1310 5124 nos
1327 5067 1505 5123 facere
1526 5064 1878 5138 spondemus.
1911 5064 2053 5124 Cum

443 5178 575 5220 vero
596 5161 985 5219 abstinentiam
1015 5157 1432 5229 cruciatumque
1458 5155 1640 5213 carnis
1654 5162 1856 5212 nostrae
1874 5170 2056 5211 vove-

445 5267 591 5324 mus,
608 5252 751 5309 male
780 5250 849 5309 ad
869 5265 1109 5325 prasens
1130 5263 1231 5305 nos
1252 5244 1414 5306 nobis
1443 5244 1620 5303 facere
1644 5242 1917 5318 juramus.
1947 5244 2055 5303 Sed

521 5455 542 5534 ξ
572 5455 783 5534 gemet.
814 5462 868 5510 et
896 5454 1104 5534 Germ!”
1131 5450 1417 5534 nonaddo.

520 5526 542 5560 ³
572 5528 808 5592 Gemet.,
839 5532 1071 5580 currunt
1088 5523 1409 5596 paenitendo.

520 5598 541 5633 ³
573 5596 697 5654 Val.
737 5595 824 5653 Cl.
855 5603 909 5652 et
934 5595 1168 5665 Gemet.,
1199 5595 1393 5651 dicina
1418 5595 1662 5653 servituti
1678 5594 1925 5666 alligare.

522 5669 543 5705 ι
572 5638 679 5751 ne.
873 5638 1350 5751 quantumcunque,
1374 5667 1523 5740 quod
1538 5638 2056 5751 ι’ἷιομίιιεῇἶάειωφξ

449 5743 521 5825 ad
680 5744 819 5807 vota,
851 5753 964 5795 non
994 5755 1124 5796 vero
1154 5738 1207 5819 .si
1239 5738 1311 5794 ad
1338 5738 1445 5794 non
1468 5745 1639 5811 peccet
1663 5738 1952 5795 referatur.
1981 5738 2057 5796 At

451 5831 509 5871 1n
654 5855 668 5870 .
699 5819 755 5870 et
782 5816 892 5868 vet.
920 5809 1030 5869 Ed.
1062 5810 1296 5873 legimus
1322 5811 1859 5873 quantulumcunque.

451 5814 509 5871 in
524 5809 668 5891 _M_ss.
699 5819 755 5891 et
782 5816 892 5868 vet.
920 5809 1030 5869 Ed.
1062 5809 1296 5891 legimus
1322 5809 1859 5891 quantulumcunque.

523 5889 544 5925 ⁵
575 5882 776 5957 Laud.,
806 5898 1070 5958 agnam...
1092 5881 1283 5953 offerre
1310 5896 1419 5938 non
1444 5881 1652 5956 sufﬁcit.

2154 1953 2320 2008 tentis
2335 1951 2673 2025 adiungitur,
2705 1959 2767 2008 ut
2795 1952 2905 2008 duo
2932 1952 3072 2025 pulli
3099 1952 3501 2020 columbarum,
3526 1950 3615 2007 vel
3638 1949 3754 2009 duo

2152 2048 2395 2097 turtures
2433 2043 2752 2099 oﬂ'erantur.
2794 2042 3011 2099 Scimus
3040 2042 3171 2117 quia
3201 2042 3588 2100 columbarum
3619 2040 3769 2115 pulli

2155 2131 2242 2187 vel
2285 2138 2528 2187 turtures
2556 2148 2655 2204 pro
2683 2138 2847 2188 cantu
2876 2133 3112 2205 gemitus
3156 2130 3383 2189 habent.
3432 2130 3581 2200 Quid
3633 2147 3767 2205 ergo

2155 2241 2251 2298 per
2279 2225 2418 2281 duos
2445 2224 2828 2281 columbarum
2856 2225 3056 2299 pullos,
3081 2226 3169 2282 vel
3198 2224 3339 2282 duos
3368 2231 3634 2293 turtures,
3654 2222 3767 2280 nisi

2155 2315 2360 2389 duplex
2400 2315 2736 2388 paenitentiae
2786 2322 2985 2371 nostra)
3030 2316 3265 2388 gemitus
3313 2315 3659 2389 designatur,
3704 2320 3772 2370 ut

2154 2423 2281 2464 cum
2311 2405 2379 2461 ad
2409 2404 2684 2463 oﬂ'erenda
2716 2404 2862 2461 bona
2888 2420 3051 2478 opera
3080 2420 3193 2463 non
3222 2404 3583 2477 assurgimus,
3625 2419 3770 2459 nos-

2156 2493 2418 2568 metipsos
2474 2494 2770 2569 dupliciter
2815 2493 3133 2567 deﬂeamus,
3182 2495 3314 2570 quia
3356 2501 3413 2551 et
3454 2501 3605 2552 recta
3650 2509 3771 2551 non

2156 2584 2407 2655 fecimus,
2439 2592 2494 2641 et
2522 2602 2691 2659 prava
2717 2586 2926 2658 operati
2956 2585 3187 2643 sumus?
3214 2585 3371 2643 Unde
3393 2593 3449 2641 et
3476 2599 3621 2643 unus
3652 2591 3770 2640 tur.

2155 2683 2249 2734 tur
2278 2694 2378 2752 pro
2406 2686 2649 2753 peccato,
2682 2676 2820 2733 alter
2858 2692 2990 2733 vero
3037 2674 3224 2733 oﬂ'erri
3276 2676 3335 2733 in
3378 2674 3768 2733 holocaustum

2150 2767 2399 2843 jubetur.
2452 2768 2847 2826 Holocaustum
2873 2782 3111 2842 namque
3141 2773 3321 2824 totum
3351 2765 3640 2827 incensum
3671 2764 3772 2822 di-

2157 2859 2323 2917 citur.
2358 2858 2539 2915 Unum
2569 2872 2697 2931 ergo
2727 2864 2997 2913 turturem
3047 2872 3147 2929 pro
3189 2864 3416 2931 peccato
3457 2855 3768 2924 oﬂ'erimus,

2157 2965 2284 3006 cum
2314 2964 2413 3022 pro
2443 2947 2605 3021 culpa
2633 2946 2897 3020 gemitum
2923 2945 3152 3015 damus;
3202 2944 3270 3003 de
3296 2945 3470 3003 altero
3498 2961 3633 3002 vero
3665 2944 3771 3002 ho-

2160 3040 2466 3098 locaustum
2493 3038 2749 3107 facimus,
2783 3054 2911 3095 cum
2940 3053 3039 3110 pro
3067 3052 3132 3093 eo
3162 3035 3309 3110 quod
3334 3035 3480 3093 bona
3508 3036 3774 3110 neglexi-

2162 3146 2302 3198 mus,
2334 3128 2696 3201 nosmetipsos
2723 3127 2974 3185 funditus
3005 3129 3026 3164 ⁸
3057 3125 3471 3195 succendentes,
3504 3127 3631 3201 igne
3659 3126 3773 3185 do—

2083 3238 2127 3298 c
2164 3219 2295 3275 loris
2342 3218 2616 3275 ardemus.
2668 3218 2808 3287 Quia
2856 3217 3026 3292 igitur
3081 3216 3289 3291 duplex
3338 3216 3397 3273 in
3439 3216 3776 3291 paenitentia

2160 3309 2395 3381 gemitus
2426 3307 2677 3376 debetur,
2708 3307 2899 3364 beatus
2934 3307 3035 3365 Job
3068 3306 3275 3364 divinae
3318 3307 3471 3365 vocis
3518 3307 3769 3383 increpa-

2159 3400 2309 3456 tione
2338 3398 2650 3472 proﬁciens,
2682 3405 2842 3472 atque
2873 3398 2932 3454 in
2958 3414 3059 3455 sua
3087 3396 3512 3471 reprehensione
3532 3414 3771 3456 succre-

2158 3506 2333 3559 scens,
2366 3488 2571 3546 dixisse
2595 3504 2652 3545 se
2693 3503 2865 3544 unum
2896 3495 2951 3545 et
2977 3488 3208 3545 alterum
3238 3487 3513 3563 pcenitens
3540 3488 3767 3557 fatetur,

2159 3596 2221 3637 ac
2248 3580 2296 3637 si
2324 3587 2507 3654 aperte
2536 3578 2719 3637 dicat:
2766 3578 2837 3635 Et
2868 3595 2994 3653 erga
3038 3577 3184 3636 bona
3228 3594 3325 3653 per
3371 3580 3768 3654 negligentiam

2158 3671 2365 3744 torpui,
2395 3679 2448 3729 et
2476 3670 2545 3728 ad
2570 3673 2714 3728 mala
2742 3686 2838 3745 per
2867 3670 3153 3728 audaciam
3182 3670 3447 3743 prorupi:

2231 3759 2363 3819 Car.
2400 3778 2492 3828 XL,
2526 3760 2697 3819 Vnus.
2734 3761 2783 3829 1,
2816 3760 2869 3817 2.
2897 3790 2970 3803 --
2996 3759 3331 3833 Respondeas
3367 3765 3543 3816 autem
3569 3761 3772 3819 Domi-

2157 3867 2258 3905 nus
2285 3850 2383 3906 Job
2407 3850 2469 3906 dc
2507 3850 2733 3918 turbine,
2761 3849 2905 3905 dixit
2935 3866 2947 3906 :
2994 3848 3218 3922 Accinge
3252 3848 3388 3905 sicut
3430 3848 3518 3904 vir
3566 3849 3788 3907 lumbos.

2162 3945 2298 4007 tuos,
2328 3939 2663 4013 interrogabo
2694 3944 2759 4008 te,
2789 3945 2837 3995 et
2865 3938 3041 3995 indica
3066 3938 3216 3995 mihi.

2233 4026 2373 4103 [Vet.
2405 4027 2516 4096 ΙΙΙ,
2551 4029 2672 4085 Rec.
2713 4027 2800 4103 V.]
2839 4026 2984 4097 Quid
3015 4027 3090 4085 sit
3114 4025 3416 4086 Dominum
3446 4024 3514 4084 de
3544 4026 3772 4085 turbine

2162 4118 2506 4192 respondere,
2531 4118 2665 4193 quid
2688 4117 2911 4175 beatum
2941 4118 3043 4176 Job
3064 4118 3284 4176 lumbos
3303 4116 3609 4191 accingere,
3632 4116 3774 4193 quid

2162 4208 2498 4283 interrogare
2521 4208 2644 4278 Dei,
2675 4206 2808 4282 quid
2837 4206 3083 4265 hominis
3118 4207 3381 4277 indicare,
3427 4208 3613 4282 primo
3651 4208 3773 4282 jam

2162 4299 2385 4357 Domini
2412 4315 2661 4357 sermone
2684 4306 2976 4356 tractatum
2996 4307 3077 4356 est
3103 4299 3266 4373 (Sup.
3292 4299 3382 4358 lib.
3415 4316 3626 4370 xxvm,
3656 4318 3716 4358 τι.
3742 4302 3770 4358 1

2161 4398 2208 4448 et
2235 4390 2392 4463 scq.).
2425 4388 2565 4460 Quia
2589 4405 2715 4461 ergo
2741 4388 2963 4447 lectoris
2990 4388 3155 4447 taedio
3182 4389 3481 4464 parcimus,
3505 4407 3775 4451 curamus

2160 4495 2506 4555 summopere
2533 4495 2603 4537 ne
2631 4478 2781 4538 dicta
2805 4480 3153 4554 replicemus.
3177 4479 3474 4555 Sequitur:

2777 4578 3005 4639 CAPUT
3041 4580 3140 4638 IV.

2235 4679 2408 4740 Vnus.
2439 4679 2493 4738 3.
2515 4709 2587 4722 —
2612 4680 3101 4752 Nunquidirritum
3114 4678 3277 4751 facies
3285 4677 3556 4751 judicium
3572 4695 3774 4747 meum,

2163 4782 2212 4834 et
2236 4775 2601 4835 condcmnabis
2618 4792 2719 4846 me,
2749 4781 2810 4830 ut
2838 4781 2894 4832 tu
2910 4773 3223 4849 justiﬁccris
3237 4777 3266 4835 l’

2246 4873 2439 4932 1049
2465 4876 2521 4934 δ.
2567 4876 2666 4933 Job
2704 4874 2849 4945 juste
2886 4880 3179 4947 correptus,
3219 4880 3279 4931 ut
3313 4875 3532 4933 amitis
3557 4875 3775 4947 Deiju-

2162 4969 2315 5027 diciis
2341 4969 2500 5026 etiam
2526 4967 2755 5023 nesciens
2782 4965 3111 5025 subderetur.
3153 4994 3226 5008 —
3265 4964 3530 5039 Quisquis
3574 4974 3779 5023 contra

2161 5058 2386 5116 Domini
2407 5057 2624 5130 ﬂagella
2650 5055 3005 5129 semetipsum
3026 5053 3319 5112 defendere
3339 5054 3564 5124 nititur,
3584 5053 3775 5129 ﬂagel-

2163 5148 2327 5205 lautis
2348 5146 2627 5220 judicium
2655 5160 2921 5203 evacuare
2946 5150 3198 5203 conatur.
3230 5146 3250 5180 ⁷
3281 5144 3420 5201 Nam
3449 5160 3576 5201 cum
3605 5146 3779 5219 culpa

2161 5257 2261 5299 sua
2288 5239 2443 5299 feriri
2471 5254 2529 5297 se
2557 5238 2808 5314 denegat,
2838 5237 2973 5312 quid
3001 5236 3154 5294 aliud
3184 5236 3206 5271 ⁸
3235 5252 3398 5311 quam
3431 5234 3774 5307 injustitiam

2235 5446 2258 5482 ⁸
2288 5444 2403 5513 AL,
2434 5444 2781 5501 ascendentes.

2234 5517 2255 5552 ⁷
2287 5510 2551 5587 Vindoc.,
2577 5515 2802 5573 Ebroic.
2850 5513 3063 5587 aliique
3095 5514 3312 5587 Norm.,
3350 5510 3546 5570 eodem
3576 5527 3771 5570 sensu.

2162 5604 2284 5645 nam
2313 5605 2432 5644 cum
2461 5584 2566 5645 non
2592 5605 2692 5644 sua
2719 5589 2875 5660 culpa
2905 5584 3153 5660 fefiriy
3173 5584 3335 5660 dicat.

2235 5660 2259 5695 ⁸
2286 5659 2379 5717 Sic
2403 5661 2533 5735 Mss.
2565 5654 3025 5735 Turon:,_'l.au_d._,_
3054 5657 3178 5735 Yal.
3207 5656 3291 5714 Cl.
3323 5656 3399 5713 At
3424 5670 3555 5713 cum
3591 5654 3771 5735 duob.

2163 5731 2375 5812 Germ”
2404 5732 2605 5792 Pratel.
2636 5739 2692 5790 et
2725 5730 2895 5801 Utic.,
2922 5729 3079 5788 Editi
3106 5728 3275 5786 etiam
3304 5735 3416 5785 vet.
3447 5743 3614 5800 quam
3633 5728 3776 5799 jus-

2168 5804 2360 5863 titiam.
