3936 6378
127 371 220 431 637
899 374 1273 435 MORALIUM
1309 377 1443 436 LIB.
1486 379 1722 442 XXXII.

1765 412 1831 426 —
1872 384 1945 444 IN
1982 385 2212 448 CAPUT
2250 391 2346 451 XL
2384 395 2447 451 B.
2489 397 2631 454 JOB.

3315 408 3420 472 638

127 495 356 612 ﬁerieiiltis
401 497 665 612 a‘ccusat?
692 496 918 557 Beatum
960 499 1145 604 itaque
1187 505 1288 563 Joh
1334 522 1446 562 non
1492 507 1702 566 idcirco
1730 513 1781 574 Α
1811 529 1876 571 eo
1903 531 2057 574 mens
2084 534 2407 592 corporeum
2437 525 2763 597 suspicetur.
2785 529 2847 586 In
2862 518 3418 612 Anthropomorphi-

128 586 323 660 ﬂagella
343 585 585 644 cmlestia
615 599 1026 658 percusserunt,
1049 601 1111 648 ut
1129 592 1187 650 in
1209 610 1274 651 eo
1293 597 1484 670 culpas
1503 599 1710 656 exstin-

127 682 356 749 guerent,
388 675 482 732 sed
511 676 695 748 potius
723 685 786 734 ut
817 680 1014 736 merita
1028 694 1311 756 augerent,
1327 696 1597 758 quatenus
1614 689 1711 762 qui

126 763 527 838 tranquillitatis
558 772 804 841 tempore
833 769 891 826 in
922 779 1076 829 tanta
1102 776 1393 833 sanctitate
1416 778 1709 848 claruerat,

127 862 174 911 et
197 869 262 910 ex
288 853 638 927 percussione
669 864 970 929 patesceret
989 877 1111 934 quae
1141 863 1199 919 in
1220 879 1286 920 eo
1315 864 1480 922 etiam
1503 867 1710 939 patien-

127 945 207 1001 tiae
235 942 406 1000 virtus
435 943 659 1001 latebat.
691 945 799 1016 Qui
830 949 1057 1023 quidem
1086 953 1306 1026 culpam
1359 973 1515 1014 suam
1563 958 1713 1016 inter

127 1032 322 1108 ﬂagella
349 1049 462 1090 non
480 1034 792 1106 inveniens,
817 1054 919 1096 nec
936 1047 1120 1098 tamen
1141 1042 1356 1116 ﬂagella
1371 1046 1561 1104 eadem
1581 1065 1708 1106 cauo‘

125 1138 227 1178 sam
256 1120 358 1178 sibi
387 1138 503 1179 esse
531 1123 768 1196 augendi
814 1128 998 1185 meriti
1043 1130 1478 1206 deprehendens,
1508 1136 1712 1210 injuste

125 1228 172 1269 se
197 1211 342 1268 feriri
370 1212 630 1282 credidit,
664 1231 790 1272 cum
822 1217 956 1291 quid
988 1219 1045 1276 in
1075 1237 1131 1277 se
1180 1221 1464 1282 debuisset
1505 1228 1711 1302 corrigi

126 1317 221 1357 non
241 1299 470 1358 invenit.
494 1303 603 1360 Sed
633 1321 702 1361 ne
731 1304 850 1378 ipsa
870 1307 1190 1368 innocentia
1218 1313 1276 1370 iii
1299 1321 1571 1373 tumorem
1601 1299 1713 1374 ela-

123 1388 274 1445 tionis
300 1389 545 1460 inﬂetur,
579 1391 771 1450 divina
800 1411 934 1453 voce
967 1399 1285 1472 corripitur,
1309 1411 1364 1460 et
1392 1421 1548 1462 mens
1592 1405 1711 1478 ejus

122 1478 480 1568 abinﬁiquitate
503 1480 696 1552 libera,
727 1483 824 1540 sed
845 1485 1168 1546 verberibus
1189 1506 1388 1563 pressa,
1407 1495 1475 1550 ad
1499 1495 1712 1568 judicia

119 1567 316 1625 occulta
342 1578 655 1639 revocatur,
687 1579 751 1628 ut
777 1589 1016 1646 superna
1044 1581 1336 1650 sententia,
1356 1584 1460 1639 etsi
1491 1567 1608 1640 non
1629 1593 1710 1642 est

118 1657 336 1732 cognita,
368 1675 476 1717 non
517 1668 702 1718 tamen
728 1663 987 1722 credatur
1016 1667 1256 1741 injuste;
1291 1673 1387 1729 sed
1415 1689 1481 1730 eo
1511 1676 1710 1733 saltem

113 1747 304 1820 justum
331 1749 526 1807 credat
551 1768 713 1809 omne
744 1754 891 1828 quod
912 1757 1141 1829 patitur,
1164 1776 1272 1833 quo
1300 1763 1565 1820 nimirum
1581 1782 1709 1824 con-

118 1845 212 1895 stat
225 1838 349 1913 quia
365 1840 478 1897 Deo
501 1848 722 1899 auctore
743 1844 1006 1916 patiatur.
1024 1848 1219 1921 Magna
1233 1851 1382 1910 enim
1404 1854 1708 1913 satisfactio

119 1928 467 2001 percussionis
503 1937 587 1987 est
617 1931 876 1990 voluntas
899 1932 1049 2006 justa
1077 1937 1403 1997 conditoris.
1429 1941 1560 2010 Quae
1578 1960 1708 2002 cum

119 2017 367 2094 injustum
397 2019 580 2078 facere
609 2021 754 2079 nihil
783 2025 943 2094 solet,
960 2025 1112 2098 justa
1139 2030 1459 2102 agnoscitur
1474 2033 1640 2090 etiam
1661 2035 1708 2092 si

120 2107 254 2165 latet.
271 2109 405 2166 Nam
437 2126 568 2168 cum
598 2127 699 2186 pro
727 2112 1014 2186 injustitia;
1034 2126 1256 2189 peccato
1275 2121 1638 2194 percutimur,
1661 2122 1708 2180 si

123 2197 171 2255 in
190 2199 538 2272 percussione
553 2210 741 2260 nostra
760 2203 966 2262 divinae
993 2208 1268 2267 voluntati
1289 2210 1414 2284 conj
1424 2213 1705 2286 ungimur,

123 2304 239 2345 mox
264 2305 296 2344 a
323 2297 515 2347 nostra
541 2290 817 2365 injustitia
847 2292 964 2367 ipsa
977 2295 1370 2370 conjunctione
1386 2300 1704 2362 liberamur.

123 2375 364 2452 Quisquis
391 2379 541 2437 enim
560 2380 675 2454 jam
710 2384 1119 2456 percussionem
1150 2389 1366 2459 tolerat,
1393 2391 1491 2448 sed
1520 2391 1706 2450 adhuc

121 2483 292 2526 causas
315 2471 687 2545 percussionis
717 2473 954 2546 ignorat,
984 2477 1031 2533 si
1071 2476 1287 2550 justum
1333 2481 1565 2539 credens
1602 2481 1710 2541 hoc

122 2559 284 2632 ipsum
313 2570 508 2620 contra
535 2581 592 2621 se
605 2563 882 2638 judicium
913 2568 1284 2641 amplectitur,
1307 2588 1372 2629 eo
1393 2572 1514 2647 ipso
1534 2574 1604 2631 ab
1624 2574 1706 2631 in-

120 2646 322 2719 justitia
337 2669 438 2710 sua
459 2651 576 2726 jam
607 2662 882 2712 correctus
897 2662 998 2724 est,
1022 2673 1132 2731 quo
1152 2646 1470 2732 percussum
1488 2679 1545 2720 se
1556 2662 1708 2736 juste

120 2741 429 2812 gratulatur.
456 2743 517 2798 In
538 2743 786 2801 vindicta
805 2745 952 2801 enim
983 2763 1083 2803 sua
1106 2749 1219 2805 Deo
1248 2767 1306 2807 se
1333 2752 1568 2821 socians,
1591 2768 1710 2810 sese

118 2838 290 2890 contra
317 2847 376 2888 se
405 2829 598 2904 erigit;
631 2839 685 2888 et
713 2849 909 2905 magna
941 2842 1021 2891 est
1046 2834 1160 2908 jam
1184 2836 1424 2911 justitia,
1444 2841 1592 2914 quod
1614 2858 1707 2898 vo-

119 2917 301 2976 luntati
326 2919 539 2992 judicis
567 2921 866 2978 concordat
888 2923 946 2980 in
974 2941 1154 2997 pinna,
1176 2929 1268 2984 cui
1297 2928 1629 3004 discrepavit
1650 2931 1708 2988 in

121 3009 286 3082 culpa.
310 3008 416 3066 Vir
446 3009 617 3083 igitur
645 3018 886 3080 sanctus,
920 3013 1049 3086 quia
1081 3017 1096 3050 ¹
1128 3015 1188 3072 in
1224 3019 1378 3074 nulla
1405 3021 1518 3076 Deo
1547 3021 1710 3094 culpa

119 3095 527 3174 discrepaverat,
549 3099 704 3174 quasi
725 3116 852 3157 cum
869 3099 1193 3164 difﬁcultate
1208 3107 1257 3163 ei
1280 3108 1424 3164 inter
1437 3110 1709 3184 supplicia

120 3189 491 3248 concordabat.
514 3190 700 3264 Neque
720 3189 870 3247 enim
891 3193 1130 3252 credidit
1159 3197 1310 3271 quod
1340 3197 1554 3272 ﬂagella
1581 3217 1702 3273 quas

611 3249 629 3264 ι
993 3249 1127 3252 ""”'
1167 3249 1176 3251 ν
1205 3249 1310 3253 "'_
1340 3249 1553 3272 _"O"'-
1586 3249 1700 3273 1"“

119 3275 280 3333 solent
307 3277 447 3334 vitia
474 3277 826 3350 exstinguere
848 3278 906 3335 in
927 3277 1025 3336 illo
1053 3249 1394 3342 solalmerita
1421 3297 1700 3360 augerent.
1739 3249 1786 3311 ϐ

119 3365 259 3425 Unde
286 3385 436 3426 nunc
458 3367 608 3440 juste
653 3368 971 3442 corripitur,
1004 3379 1068 3427 ut
1110 3373 1343 3431 occultis
1377 3373 1605 3448 judiciis
1651 3387 1707 3436 et

120 3458 351 3516 nesciens
378 3458 729 3527 subderetur,
753 3458 915 3533 eique
944 3459 1184 3519 dicitur:
1209 3464 1467 3536 Nunquid
1485 3467 1706 3524 irritum

118 3544 264 3615 facies
287 3547 552 3618 iudicium
577 3565 770 3616 meum,
794 3557 842 3607 et
869 3553 1238 3610 condemnabis
1261 3573 1341 3613 me
1362 3564 1420 3612 ut
1437 3564 1493 3613 tu
1503 3559 1706 3633 justiﬁ-

118 3637 235 3693 ceris
254 3638 282 3696 7
311 3640 393 3698 Ac
415 3640 464 3698 si
498 3645 684 3712 aperte
709 3640 1014 3700 diceretur:
1049 3643 1166 3702 Tua
1180 3645 1401 3720 quidem
1421 3647 1560 3705 bene
1587 3657 1707 3709 acta

118 3725 432 3798 consideras,
461 3728 561 3786 sed
591 3745 712 3786 mea
743 3731 959 3788 occulta
981 3731 1196 3806 judicia
1225 3735 1465 3810 ignoras.
1502 3738 1558 3796 Si
1578 3755 1705 3811 ergo

118 3827 177 3902 ea
208 3815 315 3873 tuis
363 3817 585 3875 meritis
634 3827 827 3878 contra
867 3837 989 3879 mea
1030 3822 1245 3896 ﬂagella
1273 3825 1541 3899 disputas,
1571 3827 1706 3902 quid

117 3901 252 3989 aliud
279 3922 437 3980 quam
458 3923 554 3964 me
573 3907 640 3965 de
663 3907 940 3983 injustitia
956 3912 977 3946 ³
992 3911 1248 3971 addicere
1277 3922 1331 3972 te
1340 3901 1706 3989 justiﬁcando

117 3987 362 4056 festinas?
389 3997 659 4073 Sequitur
683 4017 696 4056 :

415 4115 653 4176 CAPUT
691 4117 743 4176 v
781 4116 920 4193 [Vet.
953 4119 1052 4186 IV,
1096 4120 1219 4177 Rec.
1260 4119 1376 4196 Vl].

176 4197 336 4261 Vsus.
365 4203 417 4262 4.
440 4235 520 4249 --
550 4206 608 4264 Si
636 4206 790 4263 habes
823 4208 1095 4265 brachium
1123 4209 1258 4267 sicut
1276 4210 1438 4281 Deus,
1458 4216 1508 4268 et
1524 4210 1573 4268 si
1589 4228 1708 4268 voce

116 4285 261 4346 simili
290 4299 460 4355 tonas.

175 4378 224 4439 6.
258 4383 625 4460 Contemplata
641 4387 741 4445 Dei
772 4389 1068 4459 sanctitate,
1089 4389 1162 4446 ad
1189 4390 1539 4451 humilitatem
1559 4411 1705 4468 pro-

115 4478 347 4529 oocantur
374 4477 539 4534 etiam
568 4477 877 4536 sanctiores.
909 4508 982 4522 —
1006 4479 1148 4548 Quia
1193 4479 1498 4538 humanum
1529 4501 1703 4558 genus

114 4554 286 4622 beatus
311 4566 410 4624 Job
438 4566 658 4624 meritis
675 4568 1113 4640 transcendebat,
1144 4587 1271 4628 eum
1300 4573 1424 4646 pius
1445 4554 1701 4632 conditor

117 4661 164 4710 et
204 4659 442 4720 eruditor
505 4661 573 4719 ad
617 4662 1074 4720 considerandam
1124 4665 1552 4727 similitudinem
1595 4688 1707 4728 suae

118 4747 496 4819 magnitudinis
525 4759 808 4826 provocat,
829 4761 892 4811 ut
919 4753 1139 4828 cognita
1164 4761 1322 4812 tanta
1350 4755 1699 4815 dissimilitu-

116 4829 248 4905 dine,
277 4839 334 4898 in
363 4841 682 4900 humilitate
710 4860 769 4901 se
797 4851 1030 4920 premat.

178 4924 226 4984 7.
252 4929 410 5001 Deus,
441 4934 540 4992 etsi
583 4935 826 5008 corporis
854 4951 1062 5008 expers,
1095 4951 1214 4991 cum
1249 4935 1405 4992 rebus
1433 4939 1702 5012 corporeis

115 5029 454 5091 comparatur.
482 5025 1162 5100 Anthropomorphitarum
1204 5025 1436 5084 lueresis.
1467 5028 1576 5085 Deo
1605 5047 1701 5085 cur

117 5107 242 5164 oculi
265 5117 311 5166 et
339 5117 570 5188 scapqu
599 5115 925 5174 tribuantur.
957 5116 1253 5175 Recordari
1272 5133 1372 5189 quo
1392 5134 1546 5174 sensu
1573 5118 1699 5174 dici-

119 5196 212 5252 tur.
235 5201 366 5268 Quid
388 5206 487 5264 Dei
512 5208 635 5266 alai.
667 5237 740 5249 —
767 5206 874 5265 Sed
904 5223 1032 5265 cum
1071 5207 1131 5264 in
1168 5208 1283 5264 Deo
1327 5224 1439 5265 vox
1463 5217 1519 5265 et
1563 5209 1702 5267 bra-

117 5280 284 5346 chium
303 5290 526 5367 dicitur,
559 5296 869 5355 cavendum
897 5313 1248 5372 summopere
1268 5305 1371 5368 est,
1393 5315 1460 5355 ne
1480 5299 1615 5374 quid
1634 5299 1691 5357 in

182 5507 197 5595 ξ
221 5510 514 5595 gemet._et
539 5518 948 5595 Corb._Germ.,
980 5519 1036 5575 in
1066 5522 1222 5595 nulla
1247 5538 1282 5577 a
1300 5521 1411 5579 Deo
1439 5523 1616 5595 culpa.

178 5578 197 5613 ²
221 5581 316 5642 Vel
338 5603 405 5644 ex
433 5590 539 5649 hoc
569 5593 688 5649 solo
716 5592 841 5648 luco
869 5578 1058 5648 sensus
1088 5578 1328 5650 habetur
1352 5593 1508 5651 verbi
1521 5578 1692 5654 addi-

116 5660 230 5716 cere,
256 5654 320 5712 de
343 5673 449 5732 quo
479 5664 518 5720 l.
553 5681 617 5731 ii,
647 5680 702 5720 ιι.
738 5664 825 5730 15,
856 5662 1240 5734 disseruimus,
1270 5672 1325 5722 et
1354 5666 1508 5724 alibi.

175 5722 194 5793 ἒ
219 5724 335 5784 Val.
367 5730 472 5793 CL.
502 5737 762 5792 miserans
788 5735 1150 5792 adolescent-ia:
1181 5743 1300 5793 tum.

175 5792 195 5872 ξ
227 5772 1020 5894 ἘπιειὲὲἘιῖἶὰὲὂῖῗξᾷνεῖῆιῗ
1048 5772 1300 5894 ίνὶἶιεεῗξ
1319 5809 1483 5894 etiam
1537 5810 1682 5894 anu;

112 5874 326 5940 quiores,
375 5877 630 5935 memoria
674 5879 1020 5937 essentialiter
1061 5874 1366 5938 concordat.
1411 5881 1685 5961 Gregorii

1736 4622 1784 4682 D

1819 611 2004 663 tarum
2034 624 2270 684 namque
2301 611 2556 669 haeresim
2586 615 2778 673 cadere
2807 627 2908 688 est,
2941 637 3068 679 eum
3101 626 3195 698 qui
3234 626 3420 686 incir-

1819 709 1942 751 cum
1950 696 2054 754 scri
2062 707 2151 770 pte
2167 699 2361 772 implet
2379 709 2433 757 et
2447 702 2922 777 circumplectitur
2938 696 3130 768 omnia
3139 713 3284 771 intra
3301 731 3418 776 cor-

1821 785 2028 856 poralia
2057 787 2388 849 lineamenta
2417 793 2764 854 concludere.
2785 796 2890 854 Sed
2911 800 3258 872 omnipotens
3273 804 3418 861 Deus

1820 874 1890 931 ad
1940 892 2038 933 sua
2085 895 2187 936 nos
2232 882 2476 953 trahens,
2527 901 2699 959 usque
2741 887 2809 944 ad
2835 895 3022 945 nostra
3050 906 3106 946 se
3136 890 3416 964 humiliat,

1819 971 1983 1038 atque
2009 975 2071 1023 ut
2099 969 2210 1025 alta
2238 970 2503 1042 insinuet,
2525 973 2836 1033 humilibus
2854 977 3268 1049 condescendit,
3287 996 3417 1057 qua-

1819 1061 1980 1113 tenus
1998 1061 2354 1130 parvulorum
2371 1065 2590 1122 animus
2605 1066 2768 1124 rebus
2787 1069 3020 1144 cognitis
3035 1071 3329 1142 enutritus,
3352 1071 3421 1132 ad

1818 1141 2150 1216 inquirenda
2199 1159 2457 1224 exsurgat
2502 1152 2801 1227 incognita,
2834 1141 2998 1230 atque
3029 1163 3212 1224 1050
3258 1141 3420 1218 abeo

1820 1244 1916 1320 qui
1944 1245 2104 1318 longe
2132 1263 2295 1319 super
2322 1248 2502 1321 ipsum
2533 1259 2614 1309 est
2641 1255 2888 1328 quaedam
2909 1255 3074 1330 juxta
3091 1275 3148 1316 se
3164 1259 3417 1333 audiens,

1820 1336 1974 1406 quasi
2005 1336 2332 1410 quibusdam
2363 1340 2431 1397 ad
2459 1341 2618 1398 illum
2648 1345 2899 1416 passibus
2926 1355 3234 1407 moveatur.
3261 1349 3418 1408 Unde

1818 1423 1883 1480 ﬁt
1909 1433 1972 1482 ut
2001 1443 2096 1499 per
2121 1428 2459 1501 Scripturam
2490 1450 2644 1490 suam
2669 1436 2968 1510 aliquando
3012 1454 3045 1494 a
3092 1439 3418 1513 corporibus

1818 1513 2130 1586 hominum,
2161 1519 2456 1594 aliquando
2477 1539 2508 1579 a
2535 1524 2834 1595 mentibus,
2855 1526 3156 1600 aliquando
3185 1545 3317 1586 vero
3349 1530 3416 1589 ab

1818 1604 2035 1675 avibus,
2058 1606 2356 1682 aliquando
2376 1611 2542 1668 etiam
2564 1613 2631 1670 ab
2661 1614 2955 1672 insensatis
2973 1615 3134 1673 rebus
3154 1618 3417 1692 quasdam

1818 1692 1979 1767 longe
1994 1694 2291 1756 dissimiles
2309 1699 2367 1754 in
2389 1717 2445 1757 se
2465 1701 2860 1761 similitudines
2871 1705 3071 1762 trahat.
3089 1706 3419 1780 Plerumque

1819 1782 1964 1840 enim
1987 1800 2018 1839 a
2046 1787 2369 1858 corporibus
2399 1789 2689 1848 hominum
2708 1791 2766 1848 in
2787 1810 2842 1849 se
2862 1793 3288 1853 similitudinem
3310 1806 3416 1854 tra-

1741 1880 1788 1941 B
1819 1873 1925 1944 hit,
1944 1876 2089 1933 sicut
2113 1878 2182 1935 de
2200 1896 2264 1935 eo
2281 1881 2545 1954 propheta
2567 1882 2636 1940 ad
2653 1883 2926 1943 Israelitas
2943 1884 3080 1944 dicit
3102 1904 3114 1942 :
3141 1887 3282 1958 Quid
3311 1887 3418 1943 teti-

1818 1965 1895 2038 git
1939 1983 2052 2032 vos,
2089 1968 2259 2041 tangit
2279 1971 2548 2042 pupillam
2596 1973 2737 2028 oculi
2768 1973 2881 2044 ejus
2933 1974 3121 2046 (Zach.
3145 1993 3207 2045 ii,
3238 1976 3318 2050 8).
3349 1977 3422 2034 Et

1818 2054 1962 2113 sicut
2008 2055 2074 2112 de
2111 2073 2175 2114 eo
2205 2075 2422 2115 rursum
2456 2061 2697 2133 speranti
2725 2061 2938 2120 homini
2967 2081 3062 2136 per
3089 2063 3416 2138 Prophetam

1817 2143 2025 2203 dicitur
2049 2164 2060 2203 :
2086 2149 2153 2205 In
2171 2150 2404 2222 scapulis
2421 2151 2532 2207 suis
2547 2151 2881 2208 obumbrabit
2897 2154 2990 2209 tibi
3021 2154 3193 2227 (Psal.
3224 2172 3314 2225 xc,
3334 2155 3415 2230 4).

1819 2234 2047 2294 Constat
2093 2237 2360 2296 nimirum
2405 2241 2553 2314 quod
2606 2242 2664 2299 in
2717 2250 2914 2300 natura
2942 2261 3041 2301 sua
3065 2260 3166 2302 nec
3194 2245 3417 2304 oculum

1817 2327 1983 2398 Deus,
2013 2345 2116 2387 nec
2143 2333 2392 2405 scapulas
2422 2332 2638 2404 habeat,
2669 2335 2764 2392 sed
2794 2337 2924 2410 quia
2951 2353 3052 2394 nos
3072 2353 3168 2412 per
3194 2337 3416 2396 oculum

1818 2418 2117 2489 cernimus,
2149 2420 2207 2477 in
2234 2423 2473 2496 scapulis
2503 2440 2634 2480 vero
2677 2441 2843 2482 onera
2888 2427 3242 2488 sustinemus.
3272 2428 3418 2485 Deus

1818 2505 1965 2580 quod
1994 2510 2181 2565 omnia
2209 2510 2379 2578 videt,
2412 2513 2634 2569 oculum
2663 2512 2862 2570 habere
2891 2513 3234 2587 perhibetur;
3269 2516 3416 2589 quod

1819 2609 1950 2651 vero
1979 2611 2080 2653 nos
2117 2597 2337 2668 toleiat,
2377 2607 2541 2674 atque
2594 2617 2658 2657 eo
2705 2600 2823 2674 ipso
2850 2619 2958 2676 quo
2987 2604 3185 2660 tolerat
3210 2611 3411 2673 servat,

1818 2683 2147 2745 obumbrare
2176 2689 2336 2746 nobis
2364 2690 2423 2746 in
2451 2692 2693 2765 scapulis
2720 2693 2945 2750 dicitur.
2977 2694 3074 2751 Ait
3115 2695 3263 2752 enim
3304 2714 3315 2752 :
3350 2696 3416 2752 In

1816 2775 2050 2845 scapulis
2077 2777 2189 2833 suis
2213 2779 2546 2836 obumbrabit
2575 2782 2687 2839 tibi.
2719 2784 2802 2840 Ac
2829 2783 2876 2840 si
2901 2783 3109 2842 diceret
3135 2785 3414 2858 peccatori

1818 2861 2054 2932 homini,
2087 2875 2140 2923 et
2186 2876 2309 2940 post
2353 2881 2637 2942 peccatum
2689 2873 2908 2931 veniam
2941 2875 3256 2947 deprecanti
3290 2893 3302 2932 :
3333 2876 3415 2932 Ea

1816 2952 2018 3025 pietate
2045 2955 2318 3014 Dominus
2347 2967 2399 3014 te
2429 2967 2686 3032 protegit,
2705 2977 2812 3033 qua
2830 2969 2880 3018 te
2899 2962 3101 3034 pietate
3131 2962 3410 3020 toleravit.

1819 3042 2127 3102 Obumbrat
2138 3047 2287 3104 enim
2305 3047 2363 3104 in
2380 3049 2619 3121 scapulis
2649 3050 2784 3119 suis,
2807 3051 2936 3124 quia
2953 3051 3082 3108 dum
3103 3060 3304 3124 portat,
3322 3051 3411 3108 de-

1779 3132 2014 3194 .fendit.
2050 3133 2189 3209 [Vet.
2233 3135 2318 3212 V.]
2346 3137 2661 3212 Aliquando
2704 3155 2836 3196 vero
2883 3157 2916 3196 a
2963 3139 3242 3197 mentibus
3267 3140 3325 3196 in
3355 3157 3412 3198 se

1816 3223 2239 3282 similitudinem
2269 3225 2459 3296 trahit,
2491 3227 2635 3285 sicut
2664 3243 2760 3301 per
2796 3229 3118 3301 prophetam
3149 3229 3217 3286 ad
3247 3230 3412 3286 Israel

1815 3311 1952 3370 dicit
1981 3331 1992 3369 :
2024 3317 2348 3372 Recordatus
2377 3335 2492 3373 sum
2523 3317 2621 3384 tui,
2653 3319 2673 3354 ³
2712 3319 2970 3376 miserans
3015 3319 3417 3376 adolescentiam

1817 3409 1962 3460 tuam
1991 3404 2206 3477 (Ierem.
2230 3423 2293 3474 ii,
2319 3406 2400 3479 2).
2431 3407 2504 3463 Et
2531 3424 2749 3464 rursum
2772 3423 2869 3480 per
2896 3425 3109 3482 sponsae
3136 3425 3414 3483 compara-

1815 3494 2022 3552 tionem
2053 3495 2283 3568 loquens
2310 3495 2388 3552 ait
2421 3513 2433 3552 :
2461 3497 2536 3554 Et
2553 3496 2602 3552 si
2622 3496 2719 3553 illa
2741 3495 2904 3554 oblita
2921 3496 3209 3572 fuerit,ego
3232 3505 3407 3555 tamen

1813 3597 1920 3636 non
1949 3581 2234 3638 obliviscar
2264 3583 2342 3638 tui
2373 3582 2529 3655 (Isai.
2547 3599 2704 3652 XLIX,
2731 3583 2843 3655 15).
2866 3581 3004 3651 Quis
3029 3583 3176 3641 enim
3205 3583 3413 3640 nesciat

1816 3669 1946 3743 quia
1972 3671 2073 3727 Dei
2095 3671 2357 3729 memoria
2375 3688 2476 3729 nec
2491 3672 2772 3730 oblivione
2793 3671 3090 3744 rumpitur,
3112 3687 3213 3728 nec
3232 3686 3411 3727 recor-

1816 3757 2038 3816 datione
2064 3758 2298 3817 sarcitur
2317 3760 2346 3816 ?
2391 3759 2496 3817 Sed
2525 3760 2658 3818 dum
2687 3760 2872 3835 aliqua
2913 3760 3164 3817 deserens
3195 3765 3412 3832 praeter-

1817 3849 2009 3918 mittit,
2031 3867 2180 3907 more
2211 3849 2483 3909 mentium
2512 3850 2766 3910 oblivisci
2796 3850 3038 3918 dicitur;
3070 3856 3270 3909 etcum
3292 3853 3416 3921 post

1817 3941 2040 4014 longum
2062 3948 2278 4014 tempus
2305 3957 2427 4015 quae
2457 3941 2698 3998 voluerit
2726 3940 2933 4008 visitat,
2953 3947 3152 3997 nostrai
3172 3936 3408 3996 mutabi-

1815 4039 1990 4096 litatis
2014 4038 2412 4098 consuetudine
2442 4039 2758 4098 recordatus
2811 4044 3058 4095 vocatur.
3093 4037 3213 4106 Quo
3261 4034 3411 4094 enim

1815 4136 1973 4202 pacto
1999 4128 2311 4185 divinitatis
2342 4128 2458 4201 ejus
2489 4129 2604 4185 vim
2633 4129 2844 4186 oblivio
2889 4127 3140 4201 dissipat,
3172 4125 3264 4184 cui
3291 4125 3413 4200 ipsa

1815 4233 2034 4291 quoque
2053 4216 2348 4275 laudabilis
2376 4220 2396 4254 ⁸
2417 4219 2684 4276 memoria
2711 4218 3073 4277 essentialiter
3120 4234 3232 4275 non
3270 4232 3414 4276 con-

1814 4307 2005 4365 cordat
2024 4308 2052 4366 ?
2079 4307 2243 4367 Nulla
2269 4323 2504 4383 namque
2533 4309 2642 4366 nisi
2670 4317 2766 4366 aut
2792 4308 3088 4382 prmterita,
3110 4315 3206 4366 aut
3224 4306 3415 4364 absen-

1813 4396 1894 4454 tia
1921 4397 2299 4456 recordantur.
2334 4399 2621 4468 Quomodo
2650 4416 2779 4472 ergo
2819 4400 2966 4457 Deus
3004 4399 3409 4472 praeteritorum

1819 4487 2214 4559 reminiscitur,
2232 4506 2358 4547 cum
2380 4490 2499 4564 ipsa
2519 4507 2640 4565 quae
2670 4489 2730 4547 in
2748 4491 3057 4564 semetipsis
3082 4496 3415 4565 praetereunt

1815 4577 1932 4652 ejus
1961 4581 2123 4637 nutui
2142 4596 2357 4654 semper
2371 4583 2661 4656 praesentia
2677 4583 2986 4640 assistunt?
3006 4582 3119 4640 Aut
3137 4581 3415 4657 quomodo

1815 4670 2125 4728 absentium
2156 4672 2494 4742 recordatur,
2526 4673 2660 4731 dum
2702 4690 2864 4731 omne
2907 4673 3054 4748 quod
3083 4681 3165 4731 est
3189 4691 3284 4747 per
3309 4673 3416 4732 hoc

1809 4762 1894 4822 illi
1917 4770 2115 4836 praesto
2143 4769 2243 4832 est,
2278 4762 2425 4837 quod
2454 4763 2512 4820 in
2543 4763 2662 4838 ipso
2702 4764 2826 4822 est?
2862 4763 3020 4834 Quod
3049 4763 3099 4820 si
3129 4763 3180 4820 ei
3209 4770 3408 4837 prmsto

1809 4868 1923 4909 non
1965 4859 2125 4923 esset,
2156 4853 2387 4910 omnino
2438 4871 2550 4911 non
2596 4861 2774 4923 esset;
2820 4871 2947 4912 nam
2975 4870 3088 4910 non
3117 4851 3412 4910 existentia

1808 4940 2050 4998 videndo
2079 4949 2244 5011 creat,
2267 4942 2562 5001 existentia
2576 4942 2816 5002 videndo
2837 4943 3102 5001 continet.
3127 4939 3407 5014 Quidquid

1809 5047 1937 5104 ergo
1978 5037 2190 5089 creator
2235 5048 2347 5089 non
2388 5033 2564 5102 videt,
2595 5033 2830 5090 essentia
2868 5030 3202 5089 subsistendi
3232 5037 3400 5089 caret.

1809 5119 2125 5196 Aliquando
2143 5127 2325 5177 autem
2339 5121 2408 5178 ab
2432 5121 2628 5179 avibus
2647 5121 2704 5178 in
2727 5122 2885 5178 illum
2910 5118 3220 5177 similitudo
3235 5118 3406 5176 trahi-

1808 5216 1919 5278 tur,
1952 5209 2096 5267 sicut
2124 5226 2220 5284 per
2242 5210 2471 5285 Moysen
2498 5211 2703 5269 dicitur
2735 5229 2747 5266 :
2780 5209 3060 5282 Expendit
3093 5211 3214 5266 alas
3255 5227 3406 5278 suas,

1807 5301 1829 5334 ⁵
1858 5305 1907 5358 et
1934 5299 2220 5375 assumpsit
2245 5317 2330 5358 eos
2362 5301 2540 5375 (Deut.
2566 5317 2748 5372 χχχιι,
2783 5301 2897 5373 it).
2918 5301 2990 5358 Et
3010 5300 3281 5375 propheta
3303 5301 3399 5360 ait:

1806 5539 1962 5580 mens
1990 5530 2090 5592 est,
2123 5525 2236 5599 Deo
2266 5539 2442 5599 neque
2461 5523 2764 5599 oblivionis
2788 5539 2966 5599 neque
2997 5523 3278 5599 memoriae
3307 5541 3405 5582 no-

1807 5611 1933 5652 men
1964 5595 2183 5679 proprie
2207 5595 2522 5679 cpnvenire.
2555 5595 3403 5679 Proindequé_'legend‘um,_non

1805 5667 2106 5742 roncqrda't,
2137 5675 2199 5724 ut
2226 5669 2411 5726 ferunt
2430 5684 2621 5726 omnes
2639 5667 2884 5742 Anglic,
2903 5667 3119 5741 Norm.,
3135 5667 3401 5739 Vindoc.,

1791 5737 2002 5808 'Laud.,
2041 5737 2147 5798 etc.

1877 5813 1899 5846 τί
1930 5812 2126 5891 L_aud.,
2155 5811 2279 5871 Val.
2313 5812 2422 5886 CL,
2465 5813 2576 5874 duo
2623 5814 2807 5876 Germ.
2840 5820 2894 5874 et
2934 5814 3072 5891 pler.
3103 5814 3320 5883 Norm.,
3352 5817 3402 5869 et

1805 5885 1999 5965 accepit
2027 5903 2129 5942 eos.
