3936 6392
471 378 582 437 639
1695 374 1944 436 SANCTI
1979 374 2324 435 GREGORII
2361 378 2587 438 MAGNI
3711 384 3827 442 640

475 501 581 559 Sub
611 501 800 558 umbra
825 499 1040 557 alarum
1071 505 1288 558 tuarum
1317 507 1526 575 protege
1558 519 1639 558 me
1668 501 1969 574 (Psal.xvr,
1984 501 2069 574 8).
2098 503 2149 564 Α
2179 503 2266 559 sui
2318 501 2534 560 decoris
2573 505 2888 577 assumpsit,
2930 513 2986 562 et
3026 505 3180 562 velut
3222 505 3516 580 quamdam
3573 515 3826 582 vestem,

473 590 615 659 Quia
642 591 792 647 enim
821 606 924 647 nos
953 591 1212 664 parvulos
1239 593 1371 650 dum
1396 593 1632 665 protegit
1660 593 1856 660 nutrit,
1889 598 1944 650 et
1963 608 2075 648 non
2187 592 2480 664 gloriosam
2510 593 2616 650 sibi
2648 594 2952 652 Ecclesiain
2983 594 3223 652 exhibet
3250 611 3361 652 non
3389 595 3700 653 babentem
3731 615 3828 654 ru-

474 679 626 754 gravi
657 686 821 752 atque
851 695 1103 748 onerosa,
1134 680 1230 737 sed
1259 679 1370 737 levi
1401 689 1455 738 et
1481 679 1687 736 blanda
1737 679 2078 752 protectione
2187 697 2332 754 gam,
2362 691 2457 739 aut
2478 683 2747 740 maculam
2773 685 3004 756 (Ephes.
3038 699 3096 750 v,
3127 684 3245 755 27).
3275 684 3431 741 Unde
3460 685 3510 742 ei
3542 701 3645 758 per
3677 703 3829 759 pro—

473 785 575 826 nos
604 769 837 837 refovet,
869 767 1000 825 dum
1030 785 1156 825 suas
1184 768 1242 825 in
1289 786 1391 826 nos
1438 769 1844 826 misericordias
1877 767 2078 837 exerit,
2188 771 2410 845 phetam
2456 772 2662 829 dicitur
2717 792 2729 830 :
2780 773 3175 844 Confessionem
3208 780 3256 830 et
3293 775 3530 831 decorem
3561 777 3828 845 induisti,

474 858 630 934 quasi
663 875 812 914 more
840 858 1026 914 avium
1058 874 1221 931 super
1247 875 1350 914 nos
1376 857 1491 914 alas
1519 857 1718 914 tendit.
1752 858 2069 932 Aliquando
2188 863 2411 920 amictus
2443 863 2642 919 lumine
2681 863 2816 918 sicut
2861 864 3166 920 vestimento
3213 864 3387 936 (Psal.
3430 881 3550 934 cm,
3583 865 3676 939 2).
3721 867 3829 924 Hic

474 947 639 1004 etiam
661 945 950 1035 insensatis
969 945 1152 1016 rebus,
1196 955 1418 1020 propter
1432 945 1813 1004 inﬁrmitatem
1836 955 2078 1004 nostram
2190 959 2392 1033 quippe
2420 959 2822 1016 confessionem
2851 958 3056 1023 induit,
3082 959 3206 1016 illic
3223 959 3498 1029 decorem,
3523 960 3660 1035 quia
3682 978 3830 1034 quo.

481 1037 498 1072 ¹
527 1037 639 1092 alta
680 1034 1141 1093 condescensione
1185 1052 1242 1091 se
1281 1043 1582 1109 comparat.
1631 1037 1776 1094 sicut
1817 1053 1912 1109 per
1959 1053 2080 1110 pro-
2192 1049 2286 1106 hic
2311 1065 2407 1122 per
2434 1049 2821 1121 paenitentiam
2854 1049 3182 1106 conﬁtentes
3213 1049 3425 1118 fecerit,
3449 1034 3575 1106 illic
3602 1049 3830 1123 fulgen-

478 1124 698 1200 pbetam
727 1124 898 1181 dicit:
925 1126 1054 1181 Ecce
1071 1142 1160 1196 ego
1183 1125 1413 1180 stridebo
1443 1142 1603 1198 super
1631 1142 1743 1191 eos,
1776 1127 1916 1181 sicut
1942 1126 2085 1182 stri-

479 1215 562 1270 det
584 1215 890 1287 plaustrum
917 1219 1163 1269 onustum
1189 1213 1312 1284 [eno
1331 1214 1536 1286 (Amos.
1561 1231 1624 1282 ιι,
1647 1215 1757 1289 13).
1776 1216 1918 1284 Quia
1935 1217 2084 1274 enim

487 1305 677 1362 fenum
708 1312 790 1360 est
818 1303 934 1360 vita
961 1303 1288 1372 carnalium,
1307 1304 1454 1362 sicut
1481 1304 1745 1378 scriptum
1764 1316 1878 1364 est:
1906 1307 2088 1364 Omnis

479 1411 605 1450 caro
631 1392 813 1464 fenum
835 1392 998 1462 (Isai.
1031 1410 1124 1460 xc,
1149 1392 1231 1465 6),
1262 1392 1319 1449 in
1349 1409 1414 1450 eo
1439 1393 1586 1466 quod
1615 1394 1886 1452 Dominus
1915 1395 2088 1451 vitam

480 1483 785 1540 carnalium
815 1481 1042 1555 patitur,
1075 1498 1225 1537 more
1255 1483 1492 1555 plaustri
1521 1483 1710 1539 fenum
1757 1500 1815 1539 se
1863 1493 2080 1555 portare

479 1580 730 1630 testatur.
750 1571 848 1630 Cui
879 1571 982 1629 sub
1012 1571 1124 1628 feni
1154 1587 1318 1628 onere
1347 1569 1581 1628 stridere
1627 1580 1710 1628 est
1755 1571 2005 1644 pondera
2033 1579 2088 1628 et

485 1661 804 1736 iniquitates
825 1660 1168 1734 peccantium
1215 1676 1344 1718 cum
1392 1660 1614 1732 querela
1661 1661 1915 1717 tolerare.
1951 1659 2089 1717 Cum

485 1766 612 1824 ergo
632 1750 792 1822 longe
810 1748 1108 1805 dissimiles
1138 1748 1196 1802 in
1223 1764 1280 1804 se
1309 1747 1708 1806 similitudines
1754 1748 1960 1818 trahat,
1993 1766 2094 1806 so-

2192 1147 2273 1197 tes
2301 1157 2398 1213 per
2425 1139 2678 1196 decorem
2703 1139 2938 1212 justitiaa
2969 1140 3244 1196 ostendet.
3281 1141 3428 1198 Luce
3479 1157 3615 1215 ergo
3673 1142 3829 1199 sicut

2195 1231 2525 1287 vestimento
2553 1231 2787 1287 amictus
2809 1237 2911 1298 est,
2930 1230 3062 1304 quia
3081 1230 3290 1287 sanctis
3312 1232 3596 1301 omnibus,
3615 1231 3829 1306 quibus

2195 1319 2405 1376 dictum
2451 1327 2574 1376 est:
2617 1320 2714 1378 Vos
2759 1320 2883 1375 estis
2904 1321 3001 1376 tua:
3037 1319 3226 1375 mundi
3271 1320 3485 1392 (Matth.
3517 1338 3578 1388 ν,
3616 1321 3737 1394 Ib),
3769 1323 3830 1379 in

2197 1412 2294 1468 illa
2322 1419 2526 1468 aeterna
2555 1411 2725 1484 gloria
2756 1413 3046 1468 vestietur.
3065 1412 3222 1469 Unde
3241 1421 3295 1470 et
3317 1431 3414 1486 per
3445 1414 3829 1487 Evangelium

2197 1501 2424 1570 dicitur,
2461 1502 2613 1574 quia,
2643 1501 3033 1574 transﬁgurata
3062 1502 3118 1558 in
3150 1510 3335 1558 monte
3362 1504 3606 1560 Domino
3636 1504 3831 1560 vesti-

2201 1601 2387 1648 menta
2403 1591 2521 1665 ejus
2543 1591 2685 1648 facta
2708 1608 2771 1647 su
2796 1599 2860 1647 nt
2891 1591 3128 1648 candida
3171 1591 3317 1648 sicut
3341 1593 3440 1648 nix
3465 1593 3690 1664 (Matth.
3709 1610 3834 1650 xvii

2201 1683 2281 1752 2).
2316 1683 2379 1739 In
2408 1699 2517 1756 qua
2550 1683 2741 1739 transfi
2755 1683 3042 1756 guratione
3072 1683 3206 1757 quid
3233 1683 3388 1741 aliud
3433 1701 3596 1758 quam
3629 1701 3831 1740 resur-

2201 1773 2465 1832 rectionis
2495 1773 2706 1828 ultima:
2737 1772 2912 1846 gloria
2940 1773 3274 1830 nuntiatur?
3323 1775 3384 1831 In
3431 1785 3623 1831 monte
3674 1775 3828 1831 enim

488 1844 654 1937 13er
682 1839 1010 1937 ίηίξιθη-άιιω
1039 1847 1120 1896 θεῖ
1147 1837 1296 1937 (1³οᾲ
1315 1839 1573 1937 ἀξξεὲἀδξξι
1603 1841 1734 1898 ulla
1787 1841 2092 1937 αιίίιξιεοᾷρ
2124 1866 2171 1927 Β
2201 1864 2532 1920 vestimenta
2560 1861 2679 1934 ejus
2707 1837 2853 1920 sicas
2884 1862 2983 1918 nix
3014 1862 3155 1919 facta
3174 1872 3325 1932 sunt,
3343 1862 3547 1937 quiain
3564 1879 3830 1936 supernae

488 1931 744 1989 dicantur
770 1930 830 1987 in
857 1931 970 1987 Deo
1001 1937 1224 2004 propter
1255 1935 1440 1993 1051
1475 1931 1731 1987 etl'ectum
1767 1931 1972 2004 Operis,
1993 1931 2092 1986 ali-

492 2027 712 2104 quando
735 2033 920 2084 autem
950 2025 1018 2082 ad
1046 2025 1397 2084 indicandam
1429 2024 1548 2099 ejus
1571 2027 1934 2084 substantiam
1967 2044 2094 2082 ma-

486 2116 720 2192 jestatis.
769 2116 907 2173 Nam
953 2131 1080 2173 cum
1128 2115 1188 2171 in
1233 2116 1608 2186 Deo’oculus,
1649 2116 1904 2188 scapulae,
1938 2117 1960 2150 ³
2003 2132 2096 2189 pes

491 2212 654 2279 atque
682 2205 782 2263 ala
809 2204 1187 2273 nominantur,
1213 2205 1440 2263 effectus
1487 2205 1713 2279 quidem
1760 2203 2100 2277 operationis

493 2293 825 2350 ostenditur.
847 2292 986 2351 Cum
1005 2307 1134 2348 vero
1163 2307 1378 2360 manus,
1412 2291 1724 2362 brachium,
1748 2292 1977 2349 dextera
2005 2293 2096 2350 vel

495 2399 608 2439 vox
634 2383 695 2439 in
722 2385 836 2439 Deo
861 2381 1086 2450 dicitur,
1113 2398 1210 2454 per
1231 2381 1350 2438 haec
1371 2381 1641 2438 vocabula
1661 2380 2096 2438 consubstantia~

495 2470 566 2527 lis
594 2470 644 2528 ei
673 2469 849 2528 Filius
875 2471 1304 2527 demonstratur.
1336 2471 1457 2542 Ipse
1488 2469 1692 2544 quippe
1712 2477 1794 2526 est
1815 2477 1871 2526 et
1899 2486 2096 2527 manus

494 2568 550 2618 et
577 2560 824 2628 dextera,
857 2558 926 2616 de
953 2557 1112 2630 cujus
1141 2557 1462 2616 ascensione
1481 2574 1578 2631 per
1590 2558 1820 2631 Moysen
1839 2558 2002 2615 Pater
2023 2560 2098 2616 lo-

497 2649 709 2723 quitur,
738 2649 968 2706 dicens:
1015 2649 1222 2704 Tollam
1245 2649 1303 2702 in
1343 2649 1525 2704 caelum
1566 2664 1785 2703 manum
1824 2665 2012 2716 meam,
2055 2655 2105 2704 et

488 2737 689 2808 jurabo
729 2754 830 2810 per
875 2737 1148 2810 dexteram
1193 2753 1361 2791 meam
1407 2735 1587 2808 (Deut.
1623 2753 1806 2806 χχχιι,
1836 2736 1952 2811 40).
1983 2739 2102 2812 Ipse

498 2821 810 2890 brachium,
831 2821 898 2878 de
927 2837 1037 2895 quo
1065 2820 1331 2894 propheta
1349 2820 1428 2877 ait
1451 2839 1463 2877 :
1490 2822 1561 2878 Et
1580 2821 1866 2877 brachium
1883 2823 2102 2878 Domini

499 2911 586 2967 cui
611 2913 900 2967 revelatum
927 2917 1000 2978 est
1029 2909 1186 2983 (Isai.
1220 2925 1338 2977 LIII,
1373 2909 1427 2982 1)
1451 2909 1480 2966 7
1505 2910 1624 2983 Ipse
1653 2927 1787 2980 vox,
1819 2911 1948 2984 quia
1977 2927 2102 2969 eum

498 3001 658 3058 Pater
685 2998 958 3072 gignendo
986 2997 1174 3054 dixit:
1233 2999 1410 3055 Filius
1448 3016 1592 3054 meus
1636 3016 1688 3054 es
1731 3005 1787 3055 tu
1815 3017 1903 3072 ego
1949 3000 2104 3057 hodie

498 3088 653 3162 genui
707 3095 752 3144 te
798 3088 979 3158 (Psal.
1011 3104 1076 3156 ιι,
1129 3087 1207 3160 7).
1239 3087 1312 3144 Ει
1341 3087 1408 3145 (ὶθ
1437 3104 1546 3162 quo
1575 3089 1843 3162 scriptum
1873 3097 1957 3146 est
1989 3108 2002 3146 ;
2038 3092 2106 3147 In

495 3177 760 3250 principio
789 3183 904 3232 erat
931 3177 1170 3245 Verbum,
1202 3183 1250 3232 et
1285 3177 1507 3237 Verbum
1533 3184 1650 3234 erat
1688 3179 1835 3251 apud
1850 3179 2040 3248 Deum,
2057 3169 2131 3234 et'

501 3267 644 3324 Deus
690 3273 808 3323 erat
866 3267 1089 3325 Verbum
1127 3267 1318 3336 (Joan.
1366 3283 1406 3335 ι,
1450 3266 1528 3339 1).
1589 3267 1693 3323 Per
1721 3266 1827 3325 hoc
1857 3267 2101 3325 Verbum

504 3353 698 3411 fecisse
726 3354 941 3410 Patrem
971 3353 1160 3410 omnia
1186 3353 1365 3412 David
1393 3353 1609 3424 asserit,
1653 3354 1844 3412 dicens
1876 3373 1888 3412 :
1924 3356 2103 3424 Dixit,

506 3447 554 3498 et
575 3440 720 3514 facta
755 3448 880 3497 sunt
908 3441 1082 3514 (Psal.
1105 3459 1290 3512 xxxii,
1317 3443 1400 3516 9).
1431 3444 1610 3501 Deum
1643 3459 1770 3516 ergo
1813 3443 2103 3502 brachium

506 3530 708 3589 habere
735 3537 818 3588 est
836 3538 1151 3604 operantem
1171 3531 1377 3590 Filium
1399 3532 1637 3605 gignere,
1660 3549 1794 3590 voce
1816 3542 2006 3592 tonare
2025 3545 2106 3594 est

507 3619 1032 3680 consubstantialem
1061 3621 1167 3678 sibi
1205 3619 1411 3678 Filium
1443 3621 1652 3678 mundo
1673 3623 1999 3680 terribiliter
2015 3625 2108 3682 de-

509 3719 834 3770 monstrare.
862 3713 1030 3769 Beato
1057 3711 1228 3785 igitur
1254 3711 1360 3768 Job
1390 3728 1517 3769 cum
1546 3711 1686 3770 dicit
1713 3713 2022 3772 Dominus:
2053 3715 2111 3772 Si

507 3802 660 3860 habes
685 3803 958 3859 brachium
985 3803 1121 3858 sicut
1145 3802 1309 3870 Deus,
1330 3801 1438 3858 etsi
1454 3819 1570 3859 voce
1589 3803 1759 3858 simili
1779 3809 1947 3874 tonas,
1972 3805 2112 3862 mira

507 3891 916 3965 dispensatione
959 3890 1180 3965 pietatis
1229 3907 1355 3948 eum
1401 3890 1536 3948 dum
1584 3891 1834 3966 increpat
1881 3894 2109 3964 exaltat,

508 3982 637 4058 quia
686 3997 812 4039 eum
857 3997 1021 4056 quem
1065 3998 1164 4039 sua
1210 3982 1622 4056 comparatione
1663 3990 1887 4056 superat
1935 4000 2116 4057 supe-

510 4076 712 4134 riorem
741 4075 957 4135 cunctis
983 4075 1343 4134 demonstrat.
1377 4074 1480 4134 Cui
1511 4075 1570 4132 in
1599 4075 1704 4134 hac
1731 4077 2113 4152 propositione

511 4170 801 4246 subjungit
830 4188 842 4228 :

977 4315 1206 4373 CAPUT
1233 4314 1309 4372 VI
1339 4313 1646 4388 [nterii].

588 4439 760 4499 Vnus.
802 4438 858 4497 li.
884 4469 956 4482 -
987 4438 1273 4498 Circumda
1298 4437 1391 4494 tibi
1419 4437 1674 4504 decorem,
1704 4441 1752 4492 et
1800 4434 1859 4490 in
1902 4434 2120 4497 sublime

515 4530 734 4603 erigere,
778 4535 828 4587 et
869 4535 974 4587 esto
1017 4529 1306 4602 gloriosus,
1335 4531 1384 4584 et
1421 4525 1666 4600 speciosis
1708 4525 1929 4582 induere
1953 4525 2120 4582 cesti-

521 4621 636 4678 bus.

588 4708 643 4766 8.
687 4707 878 4781 Angeli
916 4711 966 4764 et
999 4703 1256 4774 Ecclesia,
1297 4703 1398 4762 Dei
1446 4705 1600 4762 decor
1651 4712 1700 4763 et
1753 4708 2125 4762 ammentum

519 4805 661 4857 sunt.
689 4829 762 4841 —
785 4794 1080 4864 Subaudis,
1121 4801 1182 4852 ut
1209 4810 1328 4869 ego.
1350 4795 1471 4869 Ipse
1497 4793 1646 4852 enim
1675 4793 1782 4852 sibi
1811 4791 2126 4852 circumdat

519 4891 795 4960 decorem,
827 4889 895 4946 de
941 4903 1053 4962 quo
1100 4886 1368 4959 scriptum
1396 4895 1478 4943 est
1515 4903 1528 4943 :
1568 4885 1834 4944 Dominus
1861 4883 2120 4956 regnavit,

519 4981 754 5038 decorem
777 4977 955 5035 induit
979 4977 1160 5050 (Psal.
1192 4991 1328 5045 xcn,
1363 4975 1440 5050 1).
1475 4976 1596 5049 Ipse
1623 4973 1770 5048 apud
1799 4988 1901 5030 nos
1930 4973 1986 5029 in
2017 4987 2125 5030 su-

518 5069 690 5128 blime
715 5069 966 5144 erigitur,
997 5082 1123 5124 cum
1155 5065 1360 5122 nostris
1408 5063 1688 5121 mentibus
1718 5063 1776 5120 in
1805 5071 2000 5119 natura
2028 5077 2127 5118 sua

523 5176 638 5217 esse
653 5156 1090 5233 impenetrabilis
1112 5155 1540 5214 demonstratur.
1569 5154 1689 5226 Ipse
1708 5168 1839 5208 vero
1855 5151 2127 5226 gloriosus

527 5257 628 5318 est,
659 5251 755 5322 qui
773 5250 906 5308 dum
933 5248 1112 5321 seipso
1141 5246 1465 5320 perfruitur,
1488 5242 1800 5303 accedentis
1819 5239 2000 5298 laudis
2024 5240 2124 5296 in-

529 5335 720 5410 digens
747 5355 858 5395 non
877 5345 977 5395 est.
1007 5339 1126 5412 Ipse
1153 5335 1414 5410 speciosis
1438 5333 1690 5392 induitur
1704 5329 1972 5399 vestibus,
1995 5327 2126 5402 quia

533 5433 827 5482 sanctorun
845 5427 1165 5500 angelorum
1186 5425 1406 5497 choros,
1423 5438 1564 5500 quos
1581 5421 1854 5491 condidit,
1877 5420 1938 5478 in
1961 5434 2124 5478 usum

613 5625 628 5659 ¹
660 5626 823 5682 Deest
851 5627 964 5681 alta
993 5627 1052 5682 in
1071 5627 1244 5685 Laud.
1275 5635 1331 5686 et
1354 5629 1477 5686 Val.
1512 5627 1595 5688 Cl.

611 5695 633 5729 ’
660 5695 940 5752 Omittunt

543 5837 675 5896 alia.

946 5714 1038 5825 pes
1050 5697 1107 5753 in
1125 5699 1228 5754 Ed.
1243 5699 1631 5771 Supplevimus
1645 5714 1714 5754 ex
1733 5693 2136 5776 Mss.Vindoc.,

985 5783 1022 5824 n
1059 5768 1221 5825 Corb.
1253 5769 1436 5825 Germ.
1468 5787 1569 5825 nro
1615 5775 1666 5825 et
1714 5771 1818 5825 alte
1861 5767 2064 5825 legitur
2090 5769 2136 5824 et

539 5765 729 5844 N_o_rm.
761 5774 817 5824 et
855 5765 1022 5825 aLIn
1059 5768 1221 5827 Corb.
1253 5765 1436 5828 Ge'r'm.
1468 5787 1569 5844 pro
1615 5775 1666 5827 et
1714 5771 1818 5826 alte
1861 5766 2064 5844 legitur
2090 5769 2141 5824 et

2201 1953 2470 2012 claritatis
2493 1953 2736 2010 culmine
2765 1953 2942 2010 sancti
2972 1969 3166 2009 omnes
3198 1951 3249 2008 ei
3279 1953 3401 2010 luce
3425 1951 3666 2025 justitias
3699 1955 3826 2011 ful-

2205 2051 2389 2116 gentes
2419 2041 2798 2099 adhzerebunt.
2823 2041 2963 2117 [νει.
3009 2041 3126 2118 VL]
3150 2042 3256 2099 Sed
3287 2042 3416 2117 quia
3444 2044 3828 2116 speciosamm

2205 2133 2441 2189 vestium
2465 2131 2687 2188 nomine
2711 2129 2891 2204 justos
2921 2130 3028 2188 sibi
3061 2131 3341 2206 quomodo
3369 2131 3638 2206 adjungat
3673 2132 3828 2189 insi-

2206 2227 2359 2288 nuat,
2392 2219 2628 2292 injustas
2661 2221 2826 2276 etiam
2857 2221 3136 2296 quomodo
3164 2238 3196 2279 a
3224 2238 3280 2279 se
3309 2219 3591 2296 disjungat
3623 2231 3827 2280 osten-

2207 2308 2312 2366 dit.
2344 2310 2605 2384 Sequitur
2631 2325 2644 2366 :

2829 2429 3058 2488 CAPUT
3088 2431 3208 2489 VII.

2281 2522 2452 2580 Vens.
2482 2522 2536 2580 6.
2566 2552 2638 2564 —
2663 2521 2918 2594 Disperge
2942 2523 3192 2594 superbos
3221 2523 3279 2578 in
3306 2522 3496 2592 furore
3517 2527 3629 2579 tuo.

2277 2612 2332 2670 9.
2361 2612 2498 2668 Deus
2518 2610 2813 2682 tranquille
2831 2609 3183 2667 irascitur.—
3207 2610 3483 2669 Subaudis
3503 2619 3567 2669 ut
3583 2628 3707 2685 ego,
3725 2613 3827 2686 qui

2210 2717 2301 2758 eos
2335 2711 2388 2758 et
2413 2700 2830 2774 tranquillitatis
2859 2706 3106 2772 tempore
3140 2699 3329 2758 unitos
3367 2709 3566 2758 contra
3584 2715 3677 2756 me
3693 2699 3828 2756 tole-

2211 2807 2295 2859 ro,
2325 2798 2380 2846 et
2407 2788 2693 2847 districtus
2721 2788 3052 2863 quandoque
3083 2788 3332 2858 veniens,
3365 2790 3424 2847 in
3453 2806 3580 2847 meo
3607 2807 3705 2848 eos
3732 2790 3817 2846 fu-

2213 2894 2335 2934 rore
2364 2878 2636 2951 dispergo.
2665 2877 2771 2934 Sed
2801 2877 2945 2934 inter
2965 2877 3083 2936 haec
3110 2877 3342 2935 solerter
3374 2877 3711 2936 intuendum
3742 2888 3822 2936 est

2213 2967 2358 3042 quod
2379 2969 2560 3041 gravis
2581 2967 2823 3040 perfidiae
2843 2984 2996 3025 error
3010 2967 3345 3036 admittitur,
3365 2968 3410 3025 si
3432 2967 3666 3025 fortasse
3691 2969 3816 3042 quis

2213 3059 2446 3116 aestimet
2475 3059 2622 3132 quod
2652 3059 2712 3114 in
2742 3058 2838 3115 illa
2867 3057 3181 3116 divinitatis
3209 3057 3520 3115 substantia
3564 3059 3724 3116 furor
3760 3066 3816 3116 et

2213 3149 2588 3224 tranquillitas
2617 3148 2878 3204 varietur.
2908 3147 3137 3206 Creator
3182 3163 3420 3222 namque
3473 3149 3732 3205 omnium
3761 3165 3824 3206 eo

2215 3255 2428 3296 summe
2458 3238 2787 3295 immortalis
2802 3246 2904 3308 est,
2928 3255 3037 3312 quo
3066 3247 3332 3297 creatura:
3354 3255 3506 3296 more
3533 3239 3822 3297 mutabilis

2221 3333 2412 3392 1052
2447 3345 2558 3386 non
2587 3337 2689 3386 est.
2723 3327 2866 3387 Hinc
2893 3328 2962 3385 de
2991 3329 3090 3386 illo
3119 3345 3219 3403 per
3256 3328 3520 3387 Iacobum
3563 3327 3774 3386 dicitur
3803 3346 3817 3384 :

2217 3427 2380 3499 Apud
2407 3442 2560 3496 quem
2599 3441 2705 3480 non
2745 3430 2822 3479 est
2865 3424 3261 3492 transmutatio,
3307 3441 3400 3480 nec
3441 3424 3825 3480 vicissitudinis

2219 3513 2548 3571 obumbratio
2580 3512 2764 3585 (Iaca,
2799 3511 2913 3586 17).
2946 3511 3090 3572 Hinc
3136 3529 3357 3570 rursum
3395 3512 3670 3586 scriptum
3699 3519 3781 3569 est
3808 3528 3821 3567 :

2227 3606 2306 3662 Tu
2323 3603 2764 3671 autem,Domine,
2781 3619 2898 3658 cum
2918 3603 3310 3674 tranquillitate
3318 3601 3577 3676 judicas(
3585 3603 3821 3675 Sap.xn,

2225 3695 2336 3768 18).
2361 3695 2504 3751 Hinc
2523 3693 2790 3766 propheta
2809 3692 2887 3750 ait
2907 3710 2919 3749 :
2943 3693 3163 3749 Deserta
3181 3691 3329 3762 facta
3344 3697 3420 3747 est
3451 3699 3604 3747 terra
3629 3710 3664 3747 a
3691 3691 3826 3762 fat-ie

2221 3784 2320 3840 ira:
2336 3783 2603 3853 columbae,
2625 3801 2660 3838 a
2673 3781 2812 3855 facie
2826 3781 3036 3854 furoris
3057 3781 3272 3838 Domini
3297 3781 3520 3850 (Jerem.
3544 3797 3686 3848 xxv,
3707 3781 3826 3851 38).

2225 3877 2245 3911 ³
2265 3874 2424 3944 Quod
2444 3874 2591 3931 enim
2619 3873 2757 3930 iram
2785 3870 3055 3930 columba
3078 3870 3430 3944 praedixerat,
3450 3869 3560 3928 hoc
3587 3870 3827 3928 furorem

2223 3963 2450 4021 Domini
2476 3961 2786 4034 subjunxit.
2821 3959 3092 4019 Columba
3119 3977 3358 4034 namque
3385 3959 3547 4017 valde
3595 3959 3829 4032 simplex

2225 4071 2307 4120 est
2325 4046 2556 4128 inimal;
2575 4068 2626 4117 et
2651 4061 2784 4134 quia
2803 4061 2859 4116 in
2881 4060 3057 4116 Deum
3079 4059 3231 4116 nulla
3250 4058 3457 4115 furoris
3477 4057 3831 4130 inaqualitas

2226 4152 2415 4226 serpit,
2446 4151 2689 4208 furorem
2718 4148 2942 4206 Domini
2964 4149 3100 4204 iram
3121 4147 3392 4204 columbas
3417 4145 3825 4203 nominavit.Ut

2214 4227 2376 4323 enim
2403 4240 2607 4300 divinas
2636 4237 2998 4296 districtionis
3025 4237 3142 4294 vim
3169 4235 3693 4311 imperturbabilem
3723 4235 3826 4293 de-

2229 4343 2578 4405 monstraret,
2601 4342 2655 4391 et
2685 4335 2824 4392 iram
2855 4333 3022 4402 dixit,
3045 4339 3099 4388 et
3113 4331 3407 4401 columba,
3428 4347 3496 4389 ac
3513 4330 3558 4388 si
3591 4330 3831 4404 apertius

2229 4425 2789 4485 diceret2Districtum
2811 4421 3090 4495 judicium
3125 4421 3489 4479 inconcussus
3516 4421 3721 4490 exerit,
3739 4417 3830 4494 qui

2230 4531 2556 4593 permanens
2585 4520 2905 4571 monsuetus
2936 4513 2958 4547 ⁸
2987 4509 3224 4583 injustos
3269 4510 3452 4584 punit.
3483 4507 3643 4567 Unde
3685 4517 3741 4567 et
3783 4509 3834 4566 in

2151 4585 2202 4646 D
2231 4585 2481 4665 extremo
2502 4604 2738 4679 judicio,
2771 4603 2830 4659 in
2859 4601 3156 4676 semetipso
3202 4599 3686 4659 incommutabilis
3715 4618 3834 4658 ma-

2232 4715 2389 4768 nens,
2418 4697 2573 4756 nulla
2602 4691 2987 4754 vicissitudine
3030 4708 3094 4749 ac
3149 4690 3524 4748 mutabilitate
3568 4691 3834 4759 variatur,

2232 4789 2328 4847 sed
2356 4795 2540 4845 tamen
2568 4783 2757 4842 electis
2777 4799 2840 4841 ac
2867 4781 3115 4856 reprobis
3143 4796 3490 4856 nequaquam
3522 4781 3631 4838 sub
3663 4781 3834 4855 specie

2233 4876 2479 4952 ejusdem
2509 4869 3086 4932 incommutabilitatis
3105 4870 3438 4938 ostenditur,
3456 4869 3593 4943 quia
3614 4878 3672 4927 et
3701 4877 3836 4926 tran-

2234 4964 2637 5043 quillusjustis,
2655 4971 2710 5020 et
2725 4963 2897 5020 iratus
2925 4960 3212 5034 apparebit
3243 4959 3488 5034 injustis.
3519 4959 3685 5017 Teste
3701 4959 3836 5016 enim

2233 5055 2572 5118 conscientia
2596 5053 2744 5110 intra
2791 5051 3110 5124 semetipsos
3158 5047 3439 5118 deferunt,
3461 5047 3617 5105 unde
3657 5062 3836 5106 eorum

2235 5159 2446 5208 mentes
2475 5163 2629 5221 aeque
2677 5161 2852 5201 unum
2903 5142 3222 5216 respiciant,
3254 5139 3350 5198 sed
3400 5156 3515 5196 non
3566 5139 3840 5214 aequaliter

2231 5239 2643 5306 modiﬁcentur,
2671 5235 2800 5310 quia
2845 5241 2900 5292 et
2930 5233 3050 5290 istis
3071 5250 3196 5290 eum
3240 5231 3550 5304 benignum
3603 5228 3838 5288 ostendit

2232 5338 2481 5392 anteacta
2503 5326 2745 5402 justitia,
2777 5333 2830 5382 et
2858 5323 2974 5382 illis
3025 5324 3334 5382 terribilem
3369 5323 3556 5396 culpa.
3593 5323 3833 5392 Quorum

2234 5435 2495 5496 pavorem
2522 5417 2647 5491 quis
2674 5413 2933 5488 explicet,
2965 5429 3093 5470 cum
3113 5410 3410 5484 contigerit
3430 5409 3659 5467 miseris
3691 5418 3746 5468 et
3767 5409 3837 5465 in-

2314 5619 2336 5654 ³
2383 5613 2716 5674 Addidimus
2763 5611 2928 5668 etiam
2975 5609 3136 5676 enim,
3181 5623 3252 5664 ex
3299 5605 3574 5674 Vindoc.,
3613 5605 3840 5672 Gemet.,

2245 5688 2410 5748 Corb.
2442 5687 2630 5744 Germ.
2663 5691 2716 5739 et
2745 5682 2820 5755 pl.
2851 5683 3045 5755 Norm.

2318 5763 2340 5797 ⁸
2368 5761 2534 5818 Deest
2572 5746 2798 5826 injustos
2844 5754 2904 5812 in
2952 5751 3121 5812 duob.
3152 5750 3362 5819 Germ.,
3391 5749 3636 5820 Turon.,
3671 5746 3842 5810 Laud.

2248 5840 2304 5894 et
2326 5831 2465 5911 pler.
2498 5829 2690 5890 Norm.
