3936 6380
145 342 234 400 6H

137 485 209 532 tra
235 492 289 532 se
316 477 507 549 culpas
535 493 782 548 cernere,
804 487 858 536 et
887 489 1013 536 ante
1043 498 1100 538 se
1123 483 1369 555 judicem
1389 487 1605 559 justum
1640 491 1720 546 vi-

137 563 253 620 dere
273 563 300 619 ?
332 564 450 621 Hoc
489 565 759 622 nimirum
789 570 1037 642 quotidie
1058 572 1115 627 in
1143 590 1250 631 usu
1285 575 1413 632 vitae
1444 580 1725 648 praesentis

136 653 323 725 agitur,
351 661 413 709 ut
442 654 510 711 de
527 657 792 728 qualitate
809 661 1030 716 venturi
1045 660 1254 732 judicis
1275 667 1592 724 mortalium
1608 686 1725 726 cor-

137 745 196 801 da
222 743 546 800 doceantur.
577 746 714 800 Nam
744 765 868 804 cum
901 747 1014 806 duo
1043 751 1108 806 ad
1153 751 1429 823 judicium
1471 767 1721 830 pergunt,

127 835 264 902 alius
297 835 635 894 innocentiae
655 837 760 894 sibi
785 841 1064 906 conscius,
1086 843 1229 900 alius
1249 846 1443 916 culpae,
1467 856 1594 904 ante
1606 865 1724 920 pro-

136 923 289 978 latam
321 926 654 981 sententiam
701 927 884 985 adhuc
926 939 1197 987 tacentem
1225 931 1468 1004 judicem
1505 937 1725 1010 utrique

133 1011 494 1083 conspiciunt,
528 1022 581 1068 et
615 1022 801 1071 tamen
833 1019 1008 1090 culpa:
1042 1019 1260 1076 debitor
1289 1040 1508 1095 gravem
1537 1036 1728 1084 contra

134 1115 182 1156 se
202 1098 330 1155 iram
347 1098 452 1157 hoc
475 1101 654 1174 ipsum
673 1102 880 1175 judicis
894 1105 1176 1162 silentium
1198 1111 1525 1182 suspicatur.
1550 1113 1724 1180 Quam

133 1189 256 1244 iram
287 1188 392 1245 sibi
427 1206 543 1246 non
572 1191 867 1250 denuntiat
897 1195 1244 1267 perturbacio
1272 1197 1500 1269 judicis,
1519 1201 1612 1257 sed
1629 1219 1725 1258 re-

131 1279 366 1336 cordatio
397 1282 713 1352 pravitatis,
742 1284 873 1356 quia
899 1286 1001 1341 etsi
1031 1287 1212 1346 adhuc
1242 1289 1378 1346 foris
1406 1308 1559 1347 reum
1589 1311 1725 1351 sen-

131 1368 287 1423 tentia
315 1386 427 1425 non
459 1370 686 1440 clamat,
721 1372 874 1430 intus
905 1383 1089 1432 tamen
1119 1379 1359 1449 graviter
1387 1383 1726 1439 conscientia

129 1465 350 1513 accusat.
395 1461 471 1515 At
504 1469 698 1516 contra
723 1461 962 1534 justitiae
991 1467 1202 1522 amicus
1232 1467 1576 1528 decernentis
1606 1473 1725 1528 vul-

131 1551 233 1601 tum
256 1547 556 1619 conspicit,
585 1549 680 1604 scd
713 1551 864 1609 intus
893 1552 960 1609 de
1001 1555 1322 1614 testimonio
1350 1558 1508 1617 bonae
1535 1577 1726 1618 recor-

130 1631 354 1690 dationis
383 1635 695 1706 hilarescit,
726 1647 780 1695 et
811 1658 919 1714 quo
949 1643 1093 1714 apud
1123 1661 1180 1700 se
1201 1647 1348 1718 quod
1375 1657 1584 1706 metuat
1613 1667 1723 1708 non

131 1722 301 1791 habet,
325 1740 388 1779 eo
419 1740 588 1781 omne
619 1728 767 1800 quod
799 1745 922 1802 erga
951 1734 1306 1805 semetipsum
1343 1746 1426 1792 est
1460 1737 1725 1796 blandum

128 1811 282 1867 videt.
314 1812 428 1869 Hoc
451 1814 643 1887 itaque
667 1817 787 1874 loco
813 1818 970 1876 furor
995 1821 1223 1878 Domini
1251 1823 1458 1880 dicitur
1472 1843 1583 1882 non
1605 1844 1722 1899 per-

128 1903 353 1960 turbatio
369 1904 582 1962 divinae
603 1908 942 1980 substantiae,
962 1913 1056 1969 sed
1071 1930 1234 1985 super
1251 1923 1559 1986 peccatores
1581 1921 1722 1975 male

129 1993 222 2050 sibi
258 1995 512 2052 conscios
546 1999 888 2057 examinatio
929 2001 1094 2074 justas
1147 2003 1430 2062 vindictae.
1464 2006 1727 2075 Quamvis

128 2084 259 2138 enim
275 2100 399 2141 eum
426 2087 795 2161 tranquillum
822 2091 880 2146 in
895 2089 1112 2162 judicio
1131 2081 1372 2164 videant,
1393 2105 1574 2153 tamen
1597 2099 1726 2171 quia

129 2171 390 2232 feriendos
420 2194 479 2233 se
511 2177 580 2234 ab
612 2179 711 2234 illo
739 2197 851 2235 non
877 2181 1156 2250 dubitant,
1187 2201 1314 2242 eum
1335 2188 1348 2220 ¹
1372 2185 1430 2241 in
1461 2187 1575 2243 suis
1605 2205 1722 2245 mo-

129 2261 261 2320 tibus
289 2267 673 2339 perturbatum
705 2277 920 2343 putant.
955 2273 1250 2347 Sequitur:

697 2385 926 2446 CAPUT
966 2390 1113 2448 VIII.

188 2500 314 2558 IBID.
337 2533 409 2544 —
436 2504 513 2559 Et
536 2503 824 2574 respiciens
869 2522 1072 2561 omnem
1099 2513 1443 2578 arrogantem
1470 2509 1718 2566 humilia.

191 2589 271 2644 10.
303 2591 491 2647 Omnis
529 2609 796 2663 arrogans
839 2601 935 2648 aut
968 2595 1268 2665 ptenitendo
1315 2599 1576 2668 cognoscit
1616 2601 1722 2654 cul-

122 2694 253 2747 pam,
286 2687 382 2734 aut
408 2681 682 2751 pereundo
717 2682 947 2752 precipit
968 2700 1202 2753 prauam.
1225 2714 1296 2725 —
1319 2685 1397 2741 Ac
1422 2685 1468 2740 si
1499 2685 1646 2742 dicat
1665 2696 1724 2743 ut

130 2783 233 2838 ego.
268 2770 411 2842 Apte
435 2777 619 2826 autem
659 2771 727 2825 ad
756 2771 1018 2828 vindicta
1061 2773 1311 2829 ordinem
1342 2776 1726 2846 arrogantibus

125 2858 471 2927 superborum
504 2859 666 2930 culpa
687 2859 1057 2931 praeponitur,
1076 2863 1206 2933 quia
1220 2863 1487 2918 nimirum
1507 2881 1616 2919 non
1635 2881 1724 2920 su-

124 2947 294 3017 perbia
323 2947 392 3003 de
419 2950 751 3020 arrogantia,
785 2950 880 3006 sed
899 2960 1197 3023 generatur
1218 2955 1529 3025 arrogantia
1550 2955 1617 3012 de
1637 2973 1724 3012 su-

126 3036 316 3107 perbia.
376 3037 605 3094 Duobus
647 3047 831 3094 autem
877 3041 1065 3096 modis
1122 3059 1153 3097 a
1190 3043 1429 3099 Domino
1472 3055 1724 3116 peccator

126 3129 493 3202 unusquisque
523 3129 838 3201 respicitur,
878 3147 1005 3187 cum
1026 3139 1120 3187 aut
1142 3149 1174 3188 a
1204 3142 1425 3205 peccato
1454 3137 1726 3192 converti-

129 3224 225 3284 tur,
256 3225 350 3273 aut
375 3235 445 3274 ex
477 3225 698 3291 peccato
738 3221 986 3291 punitur.
1023 3223 1098 3276 De
1131 3229 1385 3294 respectu
1412 3223 1558 3280 enim
1591 3243 1733 3282 con-
1766 3229 1810 3290 C

129 3307 382 3362 versionis
411 3307 652 3364 dicitur:
689 3309 828 3376 Quia
854 3311 1086 3380 respexit
1118 3312 1376 3368 Dominus
1406 3314 1646 3385 Petrum,
1679 3324 1727 3372 et

130 3397 424 3452 recordatus
452 3399 646 3454 Petrus
676 3398 697 3432 ³
725 3397 873 3453 verbi
899 3399 1023 3453 Jesu
1032 3401 1175 3470 ﬂevit
1191 3419 1374 3457 amare
1398 3404 1548 3475 (Luc.
1579 3421 1724 3475 xxu,

136 3483 238 3557 61).
271 3487 348 3542 De
378 3494 633 3560 respectu
655 3486 885 3542 ultionis
915 3505 1106 3545 rursus
1144 3489 1375 3548 dicitur:
1419 3494 1604 3550 Vultus
1632 3513 1726 3551 au-

135 3576 220 3627 tem
246 3575 460 3631 Domini
492 3593 651 3648 super
677 3575 928 3647 facientes
955 3581 1122 3648 mala,
1154 3586 1213 3634 ut
1261 3582 1456 3652 perdat
1491 3585 1554 3639 de
1584 3591 1726 3640 terra

131 3666 422 3721 mmoriam
450 3682 637 3721 eorum
681 3666 855 3738 (Psal.
888 3684 1094 3737 xxxm,
1128 3671 1244 3742 I7).
1270 3671 1524 3745 Utrisque
1544 3681 1727 3730 autem

135 3753 300 3810 modis
329 3756 386 3811 in
419 3755 743 3812 humilitate
763 3753 1023 3830 arrogans
1039 3759 1327 3828 sternitur,
1350 3761 1479 3833 quia
1498 3770 1592 3818 aut
1613 3780 1728 3836 poe-

135 3841 350 3899 nitendo
397 3845 685 3918 cognoscit
721 3846 964 3919 culpam,
1025 3855 1120 3904 aut
1166 3848 1442 3922 pereundo
1498 3852 1731 3927 percipit

136 3943 329 4001 pinnam
357 3952 369 3990 :

584 4051 813 4111 CAPUT
843 4052 922 4110 IX
953 4049 1094 4128 [Vet.
1137 4050 1283 4128 v11].

201 4159 360 4224 Vens.
393 4170 444 4227 7.
486 4202 556 4214 —
585 4172 798 4242 Respice
840 4176 1050 4227 cunctos
1077 4171 1348 4243 superbos,
1398 4177 1447 4226 et
1473 4171 1734 4244 confunde

139 4266 230 4322 eos,
263 4262 308 4310 et
333 4267 543 4316 contere
580 4261 773 4334 impios
803 4263 858 4317 in
889 4264 1000 4318 loco
1028 4280 1144 4320 suo.

214 4350 416 4412 1053.
453 4350 548 4407 11.
585 4351 812 4423 Superbi
840 4353 966 4408 dum
995 4355 1232 4408 elevatur
1247 4354 1480 4424 dejectio.
1505 4385 1576 4397 —
1599 4354 1735 4412 Sub-

141 4439 283 4498 audis
312 4454 372 4503 ut
393 4463 520 4521 ego.
553 4448 785 4521 Superbi
803 4449 953 4505 enim
985 4465 1053 4506 ex
1074 4457 1324 4524 respectu
1352 4452 1577 4508 Domini
1592 4468 1736 4510 con-

143 4524 449 4605 funduntur,
491 4545 586 4593 aut
614 4536 708 4594 hic
735 4536 807 4593 de
837 4537 1039 4610 pietate
1077 4547 1470 4611 cognoscentes
1499 4547 1554 4596 et
1582 4541 1734 4598 dam-

147 4628 324 4678 nantes
351 4625 619 4692 crimina,
650 4635 744 4682 aut
797 4627 918 4682 illic
963 4628 1235 4700 supplicia
1279 4629 1346 4684 de
1369 4629 1590 4701 justitia
1616 4647 1734 4686 sen-

150 4705 349 4768 tientes.
383 4716 691 4789 Impiorum
723 4732 853 4771 vero
883 4715 1172 4787 locusipsa
1201 4717 1456 4790 superbia
1486 4727 1586 4787 est,
1612 4720 1742 4791 quia

151 4808 262 4852 cum
291 4803 552 4877 scriptum
603 4804 710 4861 sit:
765 4805 989 4862 Initium
1030 4807 1201 4861 omnis
1251 4808 1451 4877 peccati
1494 4807 1741 4878 superbia

157 4881 330 4952 (Eccli.
360 4908 419 4961 Χ,
452 4896 572 4967 15),
604 4893 752 4950 unde
773 4894 952 4950 oritur
981 4894 1258 4966 impietas,
1291 4895 1367 4950 ibi
1401 4895 1738 4967 continetur,

159 4981 392 5042 quamvis
424 5000 524 5042 nec
553 4983 856 5057 quidquam
903 5001 935 5040 a
963 4983 1221 5057 superbia
1259 4983 1428 5041 distat
1463 4985 1736 5056 impietas.

157 5057 316 5121 Valde
342 5071 483 5128 enim
521 5072 807 5145 superbire
835 5080 918 5129 est
946 5073 1118 5146 impia
1161 5073 1228 5129 de
1257 5079 1484 5129 auctore
1513 5072 1735 5130 sentire.

157 5151 349 5228 Impius
375 5180 500 5238 ergo
530 5168 588 5223 in
612 5167 732 5223 loco
762 5184 862 5224 suo
887 5168 1215 5236 conteritur,
1249 5168 1379 5241 quia
1407 5168 1529 5240 ipsa
1556 5185 1741 5240 super-

158 5241 242 5335 ξ)ίᾶ
264 5267 366 5324 qua
396 5259 643 5316 elevatur
673 5261 1039 5333 opprimitur;
1083 5277 1340 5335 cumque,
1379 5259 1656 5317 eﬂ‘erendo
1683 5277 1740 5317 se

161 5331 212 5390 in
238 5345 656 5415 cogitationibus
683 5331 1087 5425 erigit,;lumen
1103 5351 1211 5409 sibi
1217 5331 1452 5426 justitia)
1467 5350 1614 5426 quod
1644 5351 1740 5408 in-

229 5564 244 5602 ¹
272 5568 418 5649 Editi
444 5595 568 5635 cum
598 5579 807 5647 Germ.,-
837 5578 948 5634 suis
965 5579 1221 5649 moribus,
1245 5579 1331 5636 vel
1362 5580 1419 5635 in
1439 5577 1548 5635 suis
1567 5576 1744 5634 mori-

165 5631 807 5722 ῥυρηεοτδξόἑιπιῖιῖζῗᾱί
829 5631 941 5705 eis
970 5631 1268 5708 "as-tas;
1288 5631 1552 5711 ‘Nostram
1613 5652 1738 5707 lect.

165 5719 532 5846 gitnglsgiamrunt
554 5724 788 5792 Turon.,
832 5722 1093 5791 Vindoc.,
1138 5723 1263 5781 Val.
1288 5725 1396 5791 Cl.,
1443 5724 1645 5780 Pratel.
1679 5738 1744 5779 ac

231 5849 251 5884 ³
295 5856 354 5911 In
406 5861 570 5922 duob.
619 5867 804 5923 Germ.
845 5875 900 5924 et
949 5867 1006 5923 in
1041 5867 1252 5924 Gemet.
1285 5867 1568 5925 omittitur
1599 5867 1745 5923 verbi

916 347 1292 413 MORALIUM
1332 355 1464 415 LIB.
1507 359 1742 420 XXXII.
1783 394 1854 408 —
1898 366 1970 424 IN
2010 367 2238 428 CAPUT
2276 373 2372 430 XL
2411 376 2471 432 Β.
2512 377 2654 435 JOB.

3335 389 3442 450 642

1750 497 1802 558 Α
1837 514 2027 571 venire
2064 515 2343 576 debuisset
2370 520 2678 580 abscondit.
2704 525 2855 598 Saepe
2885 535 3068 585 autem
3095 530 3227 587 dum
3249 543 3440 593 contra

1839 602 2014 659 Deum
2041 604 2180 663 falsa
2200 609 2375 680 gloria
2403 611 2647 667 exterius
2678 614 2916 684 proﬁcit,
2948 634 3077 674 vera
3107 622 3328 679 miseria
3356 625 3440 680 in-

1841 693 2011 748 terius
2059 694 2347 754 inanescit.
2400 699 2553 755 Unde
2583 701 2858 774 Propheta
2913 705 3022 761 ait:
3071 708 3317 778 Dejecisti
3355 729 3440 768 eos

1839 781 1966 836 dum
1986 783 2008 817 ‘
2035 785 2400 842 alienarentur
2429 789 2604 860 (Psal.
2654 807 2831 859 Lxxn,
2868 793 2979 864 18).
3012 795 3131 851 Non
3163 799 3310 854 enim
3341 800 3436 856 ait.

1838 871 2094 942 Dejecisti
2123 891 2214 932 eos
2243 885 2529 951 postquam
2573 881 2770 936 clevati
2792 891 2942 951 sunt,
2962 884 3057 940 sed
3073 884 3204 942 dum
3223 889 3439 946 alleva-

1840 967 2052 1029 rentur,
2087 963 2218 1035 quia
2248 965 2354 1022 hoc
2384 968 2565 1038 ipsum
2596 969 2669 1024 sit
2712 970 2964 1043 superbis
2995 972 3228 1030 interius
3255 975 3440 1049 dejici,

1839 1051 1987 1123 quod
2017 1051 2097 1108 eis
2126 1053 2263 1109 falsa
2281 1055 2557 1128 contingit
2576 1057 2752 1128 gloria
2773 1061 3019 1118 exterius
3039 1063 3260 1120 elevari.
3285 1066 3443 1122 Ordi-

1839 1145 2006 1193 nante
2036 1140 2182 1196 enim
2206 1141 2402 1198 divino
2427 1143 2667 1215 judicio,
2699 1163 2811 1203 non
2854 1149 2934 1205 eis
2980 1150 3072 1208 hic
3100 1152 3250 1208 aliud
3281 1155 3443 1228 culpa

1839 1234 1941 1295 est,
1973 1235 2136 1302 atque
2157 1231 2307 1287 aliud
2331 1249 2512 1304 paena,
2543 1234 2638 1290 sed
2670 1252 2770 1291 sua
2797 1237 2910 1295 illis
2940 1241 2998 1294 in
3028 1256 3244 1312 poenam
3278 1244 3442 1300 verti-

1839 1322 1932 1371 tur
1959 1319 2140 1390 culpa,
2170 1327 2231 1374 ut
2251 1321 2410 1377 elatis
2439 1322 2584 1378 fastu
2605 1324 2874 1396 superbiae
2896 1327 3002 1384 hoc
3022 1329 3201 1401 ipsum
3219 1330 3293 1385 sit
3316 1347 3442 1387 vere

1839 1404 1990 1463 intus
2011 1407 2205 1465 cadere
2234 1410 2384 1484 quod
2413 1411 2549 1468 foris
2581 1413 2895 1472 ostenditur
2921 1418 3439 1494 profecisse.Sequi-

1838 1503 1929 1552 tur
1947 1516 1958 1552 :

2457 1646 2686 1704 CAPUT
2733 1649 2805 1706 X.

1910 1760 2081 1817 Vnus.
2113 1761 2168 1818 8.
2185 1792 2257 1805 —
2282 1762 2552 1819 Absconde
2571 1781 2655 1820 eos
2684 1767 2741 1820 in
2762 1769 3002 1837 pulvere,
3032 1769 3194 1826 simul
3212 1775 3260 1825 et
3277 1770 3441 1841 facies

1752 1869 1800 1930 Β
1834 1863 2016 1903 eorum
2044 1851 2278 1922 demerge
2304 1853 2361 1906 in
2388 1852 2614 1922 foveam.

1909 1937 1995 1994 12.
2031 1940 2174 1995 Deus
2202 1941 2365 1996 corda
2385 1944 2758 2013 superborum,
2783 1945 3004 2000 terrenis
3019 1947 3236 2018 negot-iis
3250 1954 3298 2003 et
3312 1947 3442 2004 desi-

1835 2027 1999 2082 deriis
2030 2030 2265 2101 opp-rimi
2284 2033 2567 2102 permittit.
2602 2062 2673 2075 —-
2701 2033 2999 2091 Acsidicat
3020 2042 3081 2091 ut
3099 2051 3217 2108 ego.
3249 2037 3442 2110 Super-

1833 2115 1934 2172 bos
1961 2119 2109 2174 enim
2147 2127 2311 2193 atque
2336 2122 2539 2194 impios
2561 2121 2712 2194 justo
2734 2121 2951 2194 judicio
2967 2126 3235 2181 Dominus
3252 2126 3308 2182 in
3325 2127 3442 2200 pul-

1836 2222 1964 2264 vere
1995 2207 2312 2276 abscondit,
2342 2212 2472 2283 quia
2502 2228 2693 2268 eorum
2721 2213 2885 2270 corda
2924 2214 3058 2286 ipsis
3087 2231 3228 2288 quae,
3259 2216 3443 2289 despe-

1834 2304 1926 2353 cto
1947 2314 2135 2355 amore
2163 2302 2449 2370 creatoris,
2495 2304 2707 2375 eligunt
2736 2305 2968 2362 terrenis
2995 2307 3235 2379 opprimi
3265 2321 3443 2379 nego-

1835 2386 1929 2442 tiis
1960 2389 2252 2459 permittit.
2284 2390 2438 2446 Unde
2465 2399 2518 2448 et
2545 2393 2768 2448 illorum
2789 2392 2960 2449 vitam
2974 2411 3100 2450 cum
3119 2395 3176 2448 in
3193 2403 3443 2452 extremo

1829 2472 2048 2546 judicio
2065 2476 2318 2546 discutit,
2341 2485 2607 2553 tanquam
2637 2480 3136 2538 sibiabsconditam
3157 2499 3267 2538 non
3284 2501 3446 2555 agno-

1835 2565 1958 2633 scit,
1994 2567 2216 2623 dicens:
2264 2569 2453 2624 Nescio
2501 2570 2594 2640 qui
2640 2571 2762 2624 estis
2811 2573 2962 2643 (Luc.
3008 2589 3132 2642 xm,
3165 2573 3280 2646 27).
3316 2575 3447 2632 Vita

1837 2670 2137 2725 pravorum
2171 2658 2274 2713 sub
2295 2659 2525 2730 pulvere
2565 2660 2945 2729 absconditur,
2981 2663 3111 2735 quia
3137 2663 3364 2736 abjectis
3393 2671 3446 2720 et

1836 2743 2047 2799 inﬁmis
2075 2745 2367 2803 desideriis
2395 2757 2673 2820 gravatur.
2707 2749 2968 2823 Quisquis
2996 2752 3141 2807 enim
3175 2752 3356 2809 adhuc
3382 2769 3446 2809 ea

1836 2848 1958 2904 quae
1989 2834 2183 2888 mundi
2207 2844 2337 2890 sunt
2369 2839 2600 2908 appetit,
2634 2840 2788 2910 quasi
2820 2849 2946 2896 ante
2976 2840 3171 2898 faciem
3204 2843 3321 2896 veri
3351 2842 3447 2897 lu-

1836 2921 2004 2976 minis
2033 2938 2144 2977 non
2174 2933 2418 2994 apparet,
2453 2925 2583 2996 quia
2638 2927 2906 2982 nimirum
2949 2929 3052 2984 sub
3085 2930 3310 3002 pulvere
3341 2937 3445 2986 ter-

1837 3025 1980 3065 renae
2001 3011 2357 3083 cogitationis
2376 3013 2526 3068 latet.
2557 3014 2718 3071 Hunc
2735 3031 3025 3086 pravarum
3045 3017 3441 3088 cogitationum

1839 3097 2125 3170 pulverem
2156 3115 2415 3172 oppressa
2461 3117 2616 3157 mens
2661 3103 2880 3172 tolerat,
2918 3121 3078 3177 quem
3113 3114 3309 3161 ventus
3338 3121 3447 3162 ne—

1839 3187 2120 3259 quissimte
2142 3190 2464 3246 tentationis
2490 3198 2762 3263 apportat.
2799 3190 2938 3265 [Vet.
2980 3192 3161 3267 VIII.]
3195 3193 3336 3249 Hinc
3363 3201 3445 3250 est

1839 3276 1987 3332 enim
2019 3277 2172 3350 quod
2201 3277 2269 3334 de
2289 3295 2618 3353 unaquaque
2661 3281 2846 3337 anima
2890 3283 3122 3338 terrenis
3159 3282 3447 3340 desideriis

1835 3376 2129 3439 aggravata
2157 3368 2264 3425 sub
2304 3370 2570 3442 prraim
2605 3372 2786 3444 specie
2811 3388 2907 3444 per
2937 3372 3258 3444 prophetam
3298 3372 3451 3429 dici—

1835 3465 1961 3513 tur:
1995 3458 2190 3514 Factus
2219 3465 2295 3514 est
2321 3460 2589 3531 Ephraim
2617 3461 2774 3532 panis
2803 3461 3200 3528 subcinericius,
3227 3463 3320 3533 qui
3341 3479 3448 3518 non

1837 3552 2151 3601 reversatur
2191 3548 2362 3621 (Osee.
2410 3565 2512 3618 vn,
2553 3549 2634 3622 8).
2679 3550 2766 3606 Ex
2806 3557 3003 3606 natura
3057 3551 3258 3623 quippe
3311 3550 3448 3607 bene

1838 3636 2065 3693 condita
2095 3645 2176 3693 est
2206 3637 2368 3694 nobis
2400 3639 2656 3708 intentio,
2681 3655 2804 3712 quae
2824 3649 3009 3711 surgat
3037 3641 3095 3695 in
3110 3641 3284 3696 Deum
3310 3657 3323 3708 ;
3353 3640 3448 3697 sed

1837 3741 1908 3781 ex
1937 3725 2360 3783 conversatione
2392 3730 2647 3802 nequiter
2686 3736 2902 3785 assueta
2933 3731 2953 3764 ‘
2986 3729 3127 3786 inest
3171 3729 3446 3801 voluptas,

1838 3831 1960 3888 quae
1989 3832 2230 3888 praesens
2259 3825 2474 3889 premat
2501 3818 2560 3874 in
2600 3819 2884 3874 saeculum.
2917 3818 3082 3875 Panis
3110 3825 3292 3875 autem
3321 3817 3446 3874 sub-

1839 3904 2140 3961 cinericius
2169 3921 2240 3960 ex
2270 3923 2333 3960 ea
2375 3916 2531 3978 parte
2575 3914 2656 3962 est
2695 3906 2978 3975 mundior,
3011 3923 3173 3980 quam
3217 3906 3448 3962 inferius

1839 3993 2102 4062 occultat,
2157 4003 2321 4067 atque
2351 4011 2421 4051 ex
2451 4011 2514 4051 ea
2557 4003 2711 4068 parte
2748 3996 3045 4064 sordidior,
3077 4012 3185 4069 qua
3213 3995 3448 4067 desuper

1839 4083 2081 4142 cinerem
2104 4083 2324 4140 tolerat.
2345 4085 2606 4158 Quisquis
2618 4101 2746 4158 ergo
2761 4085 3122 4140 intentionem
3146 4100 3253 4157 qua
3271 4086 3446 4140 Deum

1842 4171 2121 4231 debuisset
2139 4188 2388 4247 quaerere
2419 4174 2669 4245 negligit,
2702 4173 2858 4247 quasi
2888 4189 3039 4231 more
3069 4174 3226 4247 panis
3253 4173 3450 4231 subci-

1842 4263 2038 4319 nericii
2067 4263 2419 4319 mundiorem
2455 4270 2665 4335 partem
2714 4263 2947 4319 inferius
2992 4264 3212 4336 premit,
3241 4269 3294 4319 et
3321 4278 3447 4320 cum

1843 4369 2002 4411 curas
2029 4354 2222 4411 saeculi
2253 4353 2490 4411 libenter
2516 4355 2737 4422 tolerat,
2777 4352 2932 4428 quasi
2962 4359 3279 4426 congestum
3304 4353 3449 4410 cine-

1844 4461 1960 4502 rem
1992 4444 2250 4516 superius
2279 4452 2481 4518 portat.
2511 4447 2903 4503 Reversaretur
2930 4453 3112 4501 autem
3141 4444 3298 4517 panis
3324 4444 3451 4501 sub-

1851 4535 2176 4604 cinericius,
2222 4535 2268 4591 si
2307 4533 2709 4592 desideriorum
2758 4534 3062 4591 carnalium
3096 4534 3336 4591 cinerem
3369 4549 3451 4590 re-

1850 4627 2102 4700 pelleret,
2132 4635 2186 4682 et
2207 4626 2572 4682 intentionem
2608 4623 2834 4693 bonam,
2867 4639 3030 4697 quam
3065 4623 3123 4678 in
3154 4640 3211 4681 se
3239 4623 3449 4680 dudum

1849 4715 2208 4790 despicienda
2250 4723 2611 4787 oppresserat,
2668 4714 2922 4787 superius
2972 4719 3291 4770 ostentaret.
3345 4713 3450 4769 Sed

1849 4807 2118 4864 reversari
2149 4806 2352 4874 renuit,
2377 4821 2503 4862 cum
2547 4820 2724 4873 meus,
2765 4819 2954 4860 amore
2999 4818 3255 4860 curarum
3284 4815 3451 4857 saecu-

1849 4897 2049 4953 larium
2083 4911 2287 4967 pressa,
2348 4894 2550 4951 molem
2601 4892 2933 4965 superpositi
2976 4891 3178 4948 cineris
3214 4888 3451 4960 abjicere

1848 4985 2100 5059 negligit,
2147 4986 2390 5058 dumque
2439 4998 2720 5054 assurgere
2755 4983 2814 5037 in
2848 4980 3207 5036 intentionem
3250 4977 3450 5034 bonam

1849 5091 1961 5131 non
1991 5073 2223 5146 appetit,
2248 5072 2404 5146 quasi
2433 5070 2784 5127 mundiorem
2803 5067 2999 5124 faciem
3020 5067 3210 5123 subter
3226 5067 3448 5140 premit.

1923 5164 2008 5220 I3.
2038 5165 2181 5220 Dum
2209 5161 2555 5233 superbiendo
2596 5159 2802 5214 altiora
2821 5162 3028 5228 petunt,
3071 5156 3145 5210 ad
3189 5154 3452 5226 inferiora

1847 5255 2225 5310 retruduntur.
2255 5282 2326 5294 —-
2355 5253 2497 5323 Apte
2525 5255 2709 5305 autem
2755 5245 3150 5318 subjungitur:
3193 5246 3367 5314 Simul
3406 5253 3455 5302 et

1849 5345 2011 5418 facies
2042 5362 2225 5403 eorum
2253 5345 2484 5415 demerge
2511 5343 2568 5398 in
2595 5341 2823 5412 foveam.
2854 5341 2937 5397 Ac
2963 5338 3011 5396 si
3039 5337 3208 5406 dicat,
3232 5339 3302 5397 Ut
3329 5353 3450 5413 ego.

1850 5571 2195 5699 JeiuIEbroic.
2227 5636 2432 5712 aliique
2458 5637 2671 5712 Norm.,
2703 5637 3056 5712 elevarentur.

1926 5717 1948 5750 ⁴
1979 5713 2244 5782 Vindoc.,
2287 5704 2495 5780 Gérm.,
2546 5704 2769 5768 Ebroic.
2817 5718 2872 5766 et
2925 5709 3032 5782 alii
3070 5707 3285 5775 Norm.,
3317 5704 3454 5762 inest

1853 5789 2118 5846 voluntas.
2153 5780 2314 5844 Corb.
2350 5783 2535 5840 Germ.
2569 5783 2857 5858 sequimur
2881 5789 2937 5838 et
2965 5780 3121 5837 alios.
