3936 6388
483 362 590 428 613

1707 360 1961 424 SANC’I‘I
1998 360 2337 424 GREGORII
2372 358 2600 425 MAGNI

3708 356 3822 420 6M

484 496 513 551 J
521 503 642 551 usto
670 509 905 566 namque
919 492 1136 565 judicio
1158 494 1524 566 superborum
1540 493 1707 552 facies
1719 492 1990 549 Dominus
2017 490 2077 547 in
2104 495 2157 555 Α
2183 490 2460 563 diligeret,
2482 499 2558 562 et,
2583 492 2807 565 cognita
2835 498 2963 564 post
2987 488 3303 548 calliditate
3318 488 3551 558 diaboli,
3576 487 3824 547 disceret

484 581 699 639 foveam
732 581 949 655 mergit,
981 580 1114 656 quia
1132 581 1499 640 intentionem
1529 581 1714 639 cordis
1741 596 1932 638 eorum
1962 593 2079 637 sese

486 671 633 728 ultra
660 670 917 728 homines
941 671 1242 743 erigentem
1280 670 1512 727 inferius
1540 669 1749 742 dejicit.
1783 670 1899 726 Ima
1929 668 2078 725 enim

490 766 685 825 1054
725 760 973 833 respicit,
1011 759 1171 834 cujus
1217 761 1386 819 facies
1432 762 1649 818 foveam
1700 759 1956 817 attendit.
2009 759 2082 814 Et

485 858 627 916 bene
655 858 723 915 de
753 857 1006 932 superbis
1033 858 1243 915 dicitur
1283 858 1432 932 quod
1473 874 1663 915 eorum
1722 856 1891 914 facies
1918 854 1980 912 in
2002 855 2081 912 fo-

487 970 647 1011 veam
674 953 1090 1024 demerguntur,
1133 951 1265 1024 quia
1298 951 1409 1007 ima
1456 958 1672 1024 petunt,
1712 951 1845 1009 dum
1898 966 2084 1022 super-

487 1042 692 1100 biendo
720 1041 923 1097 altiora
948 1048 1245 1113 appetunt;
1281 1048 1336 1097 et
1353 1056 1463 1114 quo
1491 1040 1665 1113 magis
1683 1040 2001 1097 extollendo
2028 1054 2085 1095 se

489 1131 730 1203 erigunt,
761 1147 825 1188 eo
866 1131 1040 1203 magis
1078 1129 1288 1186 ruendo
1335 1129 1569 1186 inferius
1611 1128 1866 1187 tendunt.
1900 1130 2085 1186 Terre-

490 1238 616 1278 nam
646 1220 849 1294 quippe
878 1221 1108 1292 gloriam
1141 1229 1417 1293 quaerunt,
1459 1227 1515 1276 et
1553 1220 1748 1277 inﬁma
1794 1230 1925 1278 sunt
1965 1236 2088 1295 qua

492 1310 856 1384 prospiciunt,
883 1308 1015 1365 dum
1046 1307 1415 1381 superbiendo
1457 1308 1570 1369 alta
1603 1315 1903 1365 sectantur.
1935 1307 2090 1365 Unde

494 1399 636 1455 miro
660 1407 714 1455 et
740 1397 965 1454 diverso
984 1396 1151 1453 modo
1178 1412 1266 1453 res
1292 1396 1496 1468 agitur,
1525 1403 1587 1452 ιιι
1616 1396 1855 1454 humiles
1883 1398 2088 1454 coalum

492 1492 701 1561 petant,
732 1486 867 1543 dum
912 1502 969 1543 se
1004 1485 1237 1542 inferius
1296 1484 1593 1557 dejiciunt;
1651 1486 1873 1559 superbi
1901 1486 2094 1543 inﬁma

493 1585 772 1650 appetant,
802 1577 936 1633 dum
967 1574 1322 1649 despiciendo
1360 1583 1585 1632 caeteros
1613 1576 1769 1648 quasi
1801 1576 1857 1631 in
1887 1576 2095 1633 altiori-

493 1665 597 1723 bus
620 1666 984 1723 extolluntur.
1017 1665 1114 1722 Isti
1144 1680 1220 1732 se,
1250 1662 1384 1720 dum
1412 1662 1747 1736 despiciunt,
1781 1664 2096 1721 caslestibus

488 1753 835 1827 junguntur;
869 1754 977 1822 illi,
999 1752 1134 1810 dum
1165 1768 1222 1810 se
1245 1753 1487 1824 erigunt,
1506 1770 1538 1808 a
1555 1752 1934 1825 superioribus
1957 1752 2098 1810 divi-

2189 590 2459 653 quantnm
2483 581 2723 639 timeret.
2756 579 2913 637 Unde
2936 579 3079 637 bene
3108 594 3205 653 per
3235 577 3563 653 prophetam
3580 577 3819 637 dicitur:

2190 672 2294 729 Leo
2321 671 2513 745 rugiet,
2552 672 2674 744 quis
2704 689 2813 728 non
2842 670 3080 728 timebit?
3119 670 3397 729 Dominus
3430 670 3575 726 Deus
3611 669 3825 727 locutus

2191 767 2286 830 est,
2305 762 2424 833 quis
2442 761 2894 834 nonprophetabit
2907 761 3103 831 (Amos
3123 776 3207 827 ιιι,
3227 759 3262 816 8
3265 759 3322 829 )7
3338 760 3639 832 Postquam
3659 759 3818 815 enim

2193 850 2373 908 virtus
2391 851 2443 907 ei
2479 851 2568 908 sui
2596 849 2906 907 conditoris
2941 849 3208 917 innotuit,
3256 864 3610 923 nequaquam
3651 848 3820 905 illum

2194 940 2342 997 vires
2371 940 2673 997 adversarii
2697 940 2865 995 latere
2887 938 3222 1007 debuerunt,
3245 946 3307 994 ut
3335 954 3401 994 eo
3431 938 3611 1011 magis
3630 936 3822 995 defen-

2194 1029 2306 1085 sori
2333 1045 2435 1087 suo
2465 1046 2523 1086 se
2537 1028 2809 1087 humilius
2823 1028 2997 1086 subde
3008 1038 3091 1085 ret
3110 1044 3221 1102 quo
3238 1027 3416 1085 hostis
3431 1026 3520 1084 sui
3537 1027 3823 1101 nequitias

2197 1118 2459 1175 subtilius
2477 1120 2812 1192 agnovisset,
2840 1126 3322 1192 protectoremque
3352 1134 3518 1174 suum
3548 1124 3711 1175 tanto
3739 1133 3822 1174 ar-

2197 1208 2425 1266 dentius
2439 1217 2725 1283 quaereret,
2744 1218 2955 1284 quanto
2969 1208 3361 1267 terribiliorem
3376 1206 3594 1265 hostem
3619 1223 3820 1280 cogno~

2198 1308 2373 1359 sceret
2398 1318 2559 1375 quem
2582 1302 2802 1359 vitaret.
2833 1300 3061 1357 Certum
3097 1300 3315 1374 quippe
3363 1306 3445 1355 est
3473 1299 3610 1372 quia
3633 1297 3821 1356 minus

2200 1389 2389 1462 diligit
2409 1399 2714 1463 ereptorem
2732 1406 2894 1447 suum
2910 1388 3005 1463 qui
3019 1388 3206 1445 minus
3221 1388 3487 1461 intelligit
3503 1387 3817 1461 periculum

2206 1478 2354 1553 quod
2374 1481 2572 1550 evasit,
2604 1490 2659 1537 et
2695 1480 2805 1537 vile
2833 1479 3092 1537 solatium
3123 1478 3351 1552 deputat
3380 1477 3695 1536 defensoris
3725 1477 3819 1553 qui

2206 1566 2470 1625 virtutem
2505 1566 2806 1625 adversarii
2847 1566 3086 1623 debilem
3128 1574 3308 1640 putat.
3346 1564 3503 1623 Unde
3531 1565 3677 1623 bene
3708 1581 3818 1623 ere.

2206 1656 2455 1728 ptionem
2487 1671 2643 1712 suam
2672 1654 2913 1712 Domino
2956 1652 3210 1711 tribuens
3254 1651 3524 1726 propheta
3553 1652 3814 1711 dicebat:

2209 1744 2447 1817 Diligam
2478 1750 2545 1811 te,
2574 1744 2818 1812 Domine,
2850 1742 3147 1798 virtusmea
3165 1742 3350 1813 (Psal.
3368 1741 3611 1816 xvn,2),
3636 1751 3818 1816 aperte

498 1842 730 1909 duntur,
761 1849 924 1915 atque
947 1850 1010 1897 ut
1040 1841 1119 1898 ita
1146 1840 1409 1909 dixerim,
1439 1840 1523 1897 illi
1554 1843 1904 1899 seelevantes
1922 1841 2103 1914 depri-
2131 1866 2178 1927 Β
2213 1836 2475 1893 videlicet
2504 1834 2728 1892 dicens:
2754 1834 2837 1927 Eo
2865 1843 2919 1891 te
2949 1832 3124 1927 magis
3152 1831 3345 1927 diligo,
3378 1848 3489 1907 quo
3509 1832 3820 1890 inﬁrmita-

501 1939 682 2000 munt,
715 1930 808 1988 isti
838 1930 1211 2003 deprimentes
1239 1931 1480 1988 elevant.
1523 1932 1596 1988 Et
1621 1931 1762 1989 bene
1802 1930 1872 1988 de
1900 1946 2099 2003 super-

502 2020 787 2078 bientibus
807 2037 903 2095 per
930 2020 1278 2078 Psalmistam
1319 2021 1561 2078 dicitur:
1609 2021 1876 2078 Humiliat
1926 2027 2102 2077 autem

495 2117 793 2185 peccatores
823 2111 1076 2183 usquead
1102 2118 1303 2168 terram
1349 2112 1524 2185 (Psat.
1554 2127 1741 2180 cxsvr,
1772 2111 1859 2183 6),
1890 2111 2022 2184 quia
2040 2128 2105 2168 ea

501 2216 624 2274 quae
650 2200 797 2257 infra
814 2208 946 2257 sunt
959 2200 1285 2273 ambiantes,
1297 2201 1429 2271 dum
1451 2200 1771 2260 extollendo
1789 2217 1847 2256 se
1862 2200 2102 2273 erigunt,

503 2290 708 2347 amisso
738 2290 877 2348 oculo
896 2291 1032 2365 quid
1059 2291 1211 2348 aliud
1228 2308 1394 2366 quam
1415 2300 1618 2348 terram
1646 2290 1880 2362 petunt?
1894 2288 2105 2357 Quibus

503 2378 611 2437 hoc
637 2380 819 2453 ipsum
855 2382 871 2415 ¹
897 2378 1016 2453 jam
1045 2379 1105 2438 in
1126 2380 1256 2437 imis
1286 2380 1550 2438 cecidisse
1583 2387 1666 2438 est
1697 2380 1907 2437 relictis
1934 2396 2107 2453 supe-

502 2468 749 2525 rioribus
778 2470 893 2525 ima
930 2469 1210 2543 quaesisse.
1260 2469 1425 2526 Recte
1455 2484 1586 2541 ergo
1633 2484 1824 2525 eorum
1853 2468 2021 2525 facies
2045 2467 2104 2524 in

503 2558 721 2615 foveam
752 2560 1000 2632 demergi
1029 2559 1410 2633 perhibentur,
1433 2558 1565 2633 quia
1588 2568 1875 2631 sequentes
1894 2559 2103 2628 inﬁma,

504 2649 576 2705 ad
608 2648 817 2705 inferni
857 2648 1183 2706 barathrum
1226 2647 1480 2705 tendunt.
1526 2648 1682 2705 Justo
1723 2650 1869 2705 enim
1894 2647 2108 2721 judicio

505 2737 712 2809 agitur,
740 2746 803 2794 ut
831 2754 971 2812 quos
999 2738 1097 2794 hic
1124 2738 1439 2794 voluntaria
1466 2740 1681 2795 aversio
1709 2746 1968 2807 exsecat,
1992 2739 2109 2795 illic

507 2825 575 2883 ab
606 2826 819 2883 intuitu
842 2827 963 2884 veri
991 2826 1222 2883 luminis
1237 2826 1403 2899 digna
1429 2826 1686 2898 supplicii
1713 2828 1869 2884 fovea
1883 2829 2110 2886 abscon-

508 2914 621 2971 dat.
658 2915 835 2988 Igitur
864 2916 993 2989 quia
1037 2916 1127 2972 vir
1172 2924 1392 2973 sanctus
1420 2923 1576 2972 tanto
1617 2916 1825 2973 divina;
1850 2918 2108 2990 potentiae

507 3013 719 3062 terrore
748 3006 1031 3063 discussus
1058 3013 1159 3075 est,
1190 3014 1252 3063 ut
1279 3006 1330 3062 ei
1350 3006 1663 3065 diceretur:
1700 3008 1759 3065 Si
1799 3008 1955 3064 habes
1986 3008 2110 3064 bra-

506 3095 682 3151 chium
709 3100 772 3150 ut
796 3096 961 3165 Deus,
990 3102 1039 3151 et
1067 3094 1115 3150 si
1137 3112 1256 3151 voce
1283 3096 1447 3152 simili
1471 3102 1642 3165 tonas,
1667 3096 1907 3169 disperge
1927 3113 2111 3170 super-

507 3184 597 3285 bos
628 3185 686 3241 in
704 3184 894 3257 furore
924 3193 1037 3253 tuo,
1073 3191 1123 3241 et
1151 3186 1431 3258 respiciens
1445 3202 1649 3288 qmnem
1664 3193 2004 3259 arrogantem
2017 3187 2111 3242 hu-
2143 3227 2187 3288 Ο

509 3274 690 3340 milia,
718 3282 775 3330 et
801 3284 998 3332 cetera
1024 3289 1147 3347 quae
1175 3275 1320 3331 Deus
1349 3274 1571 3347 quidem
1597 3275 1796 3345 facere,
1820 3276 1917 3333 sed
1944 3275 2113 3332 homo

512 3362 614 3417 vix
637 3362 844 3419 suﬂicit
871 3362 1083 3431 audire,
1103 3362 1340 3419 ’cuncta
1367 3363 1487 3420 haec
1516 3379 1625 3437 qua
1651 3365 1922 3421 Dominus
1936 3364 2113 3421 inten-

511 3449 668 3507 tione
692 3451 1041 3523 praamlserit,
1071 3449 1181 3508 ﬁne
1210 3450 1445 3510 subdita:
1455 3453 1831 3512 conclusionis
1846 3456 2108 3530 ostendit,

512 3537 705 3597 dicens
727 3558 740 3597 :

809 3683 1037 3746 CAPUT
1065 3684 1146 3744 XI
1166 3683 1307 3761 [Vet.
1339 3686 1441 3756 IX,
1470 3688 1589 3747 Rec.
1631 3686 1810 3766 VIII].

585 3798 757 3862 Vsus.
778 3801 1007 3861 9.-Et
1033 3820 1120 3876 ego
1149 3804 1432 3878 conﬁtebor
1458 3805 1601 3877 quod
1631 3806 1843 3862 sulcare
1871 3811 1918 3863 te
1941 3807 2113 3880 possit

509 3895 727 3953 dextera
760 3900 871 3952 tua.

582 3984 669 4043 14.
702 3984 1117 4058 Pelagianorum
1145 4002 1304 4041 error
1330 3985 1444 4042 suis
1486 3983 1694 4042 viribus
1719 3986 1928 4044 salvari
1952 4004 2105 4060 posse
2200 3999 2215 4007 '

507 4075 1060 4148 conﬁdentiam—Ac
1088 4075 1135 4132 si
1164 4084 1348 4149 aperte
1375 4074 1613 4133 diceret:
1644 4075 1703 4134 Si
1744 4084 1899 4150 potes
1932 4077 2101 4135 terri-

506 4164 645 4222 bilia
673 4164 794 4223 haec
822 4166 1022 4235 facere,
1054 4165 1170 4238 ipse
1198 4181 1321 4239 que
1349 4165 1579 4239 protuli,
1608 4165 1715 4223 tibi
1747 4176 1802 4224 et
1827 4184 1942 4225 non
1969 4168 2109 4226 mihi

509 4254 717 4327 deputo
744 4254 890 4311 bona
920 4255 1112 4311 omnia
1140 4271 1263 4328 quae
1304 4254 1507 4312 fecisti.
1551 4254 1611 4310 Si
1645 4269 1777 4312 vero
1824 4265 2112 4329 peccantes

510 4345 655 4403 alios
682 4344 1035 4417 respiciendo
1081 4362 1194 4403 non
1230 4352 1388 4418 potes
1435 4343 1682 4417 perdere,
1742 4346 1915 4420 liquet
1961 4350 2110 4423 quod

510 4451 543 4493 a
574 4441 731 4492 reatu
758 4435 1024 4508 nequitiae
1052 4441 1149 4491 tua
1177 4442 1230 4491 te
1269 4452 1382 4493 non
1427 4435 1578 4492 vales
1613 4436 1818 4493 virtute
1855 4438 2105 4499 liberare.

2212 1935 2323 1983 tem
2370 1930 2562 1989 1055
2605 1924 2885 1999 propriam
2928 1925 3193 1994 sentiens,
3240 1923 3507 1981 virtutem
3552 1939 3736 1981 meam
3768 1931 3820 1982 te

2212 2039 2329 2080 esse
2358 2038 2647 2097 cognosco.
2682 2022 2825 2080 Hinc
2853 2038 3075 2079 rursum
3104 2021 3218 2078 ait:
3250 2021 3489 2096 Miriﬁca
3523 2022 3820 2078 misericor-

2213 2112 2331 2169 dias
2352 2119 2492 2181 tuas,
2521 2112 2615 2185 qui
2633 2113 2807 2168 salvos
2817 2111 2954 2183 locis
2972 2118 3239 2185 sperantes
3259 2111 3316 2168 in
3334 2118 3379 2168 te
3395 2112 3571 2185 (Psal.
3596 2129 3720 2179 xvi,
3739 2112 3820 2184 7),

2215 2202 2345 2278 quia
2372 2209 2507 2260 tunc
2535 2203 2802 2260 nimirum
2832 2202 3226 2261 misericordiae
3254 2202 3481 2260 Domini
3496 2202 3656 2259 mirae
3677 2200 3821 2276 apud

2215 2291 2584 2365 nosmetipsos
2602 2292 2698 2366 qui
2727 2292 2999 2365 eripimur
3025 2291 3190 2361 ﬁunt,
3220 2307 3346 2349 cum
3369 2306 3467 2365 per
3479 2291 3703 2348 easdem
3723 2289 3821 2346 mi-

2217 2382 2543 2439 sericordias
2571 2398 2734 2455 quam
2768 2382 2957 2454 gravia
2983 2380 3195 2438 fuerint
3224 2381 3473 2455 pericula
3499 2397 3623 2455 quae
3649 2380 3823 2437 evasi-

2217 2488 2361 2541 mus,
2392 2478 2785 2545 agnoscuntur.

2291 2560 2378 2618 t5.
2419 2561 2563 2619 Vires
2590 2558 2911 2631 fraudesque
2938 2558 3100 2615 hostis
3126 2556 3299 2615 nostri
3324 2557 3721 2614 describuntur.
3750 2588 3824 2601 —

2216 2652 2290 2709 Et
2317 2652 2449 2724 quia
2461 2666 2713 2707 sermone
2728 2649 3062 2722 praecedenti
3080 2649 3354 2707 Dominus
3372 2647 3535 2705 beato
3553 2646 3660 2704 Job
3680 2647 3822 2706 mira

2221 2758 2387 2815 opera
2410 2748 2727 2798 sanctorum
2744 2739 3093 2813 sequentium
3121 2737 3404 2811 patefecit,
3427 2745 3490 2794 ut
3507 2736 3600 2795 his
3618 2738 3825 2794 auditis

2220 2831 2456 2890 disceret
2482 2830 2549 2887 de
2577 2828 2848 2886 virtutum
2878 2844 3100 2886 suarum
3128 2827 3373 2886 culmine
3400 2843 3568 2901 quam
3589 2825 3827 2884 humilia

2221 2921 2424 2978 sentire
2452 2918 2752 2988 debuisset,
2783 2934 2936 2976 nunc
2981 2918 3031 2975 ei
3080 2934 3209 2975 cum
3248 2932 3358 2991 quo
3400 2915 3560 2974 hoste
3611 2916 3822 2973 bellum

2220 3020 2371 3084 gerat
2396 3009 2729 3079 ostenditur,
2766 3016 2821 3066 et
2850 3008 2997 3065 vires
3024 3006 3356 3082 fraudesque
3386 3006 3542 3064 illius
3556 3006 3822 3066 subtilius

2221 3100 2558 3169 indicantur,
2589 3108 2652 3156 ut
2679 3097 2859 3172 quiad
2886 3096 3227 3171 colloquium
3242 3096 3487 3155 auctoris
3504 3097 3594 3154 sui
3616 3096 3828 3171 perdu—

2221 3198 2343 3249 ctus
2386 3197 2490 3260 est,
2539 3195 2861 3261 argumenta
2911 3186 3214 3244 adversarii
3262 3194 3452 3260 aperte
3507 3196 3825 3260 cognoscat.

2221 3280 2419 3339 Verbis
2442 3278 2593 3336 enim
2623 3276 2982 3351 sequentibus
2998 3275 3378 3333 ﬁdelifamulo
3392 3276 3672 3334 Dominus
3696 3293 3828 3335 cun-

2219 3377 2336 3429 ctas
2382 3366 2558 3425 hostis
2607 3365 2799 3426 callidi
2855 3364 3299 3423 machinationes
3353 3365 3625 3437 insinuat,
3665 3384 3827 3425 omne

2221 3462 2367 3537 quod
2387 3460 2750 3535 opprimendo
2777 3459 2944 3533 rapit,
2983 3475 3146 3517 omne
3172 3458 3321 3533 quod
3358 3457 3681 3517 insidiando
3707 3461 3828 3519 cir-

2219 3552 2527 3621 cumvolat,
2560 3566 2726 3607 omne
2754 3549 2901 3623 quod
2930 3548 3199 3606 minando
3228 3555 3422 3618 terret,
3464 3565 3633 3606 omne
3675 3550 3826 3624 quod

2218 3640 2501 3700 suadendo
2522 3638 2831 3705 blanditur,
2861 3654 3026 3695 omne
3056 3637 3207 3712 quod
3226 3637 3571 3712 desperando
3599 3639 3825 3712 frangit,

2220 3747 2383 3790 omne
2411 3729 2559 3806 quod
2588 3727 2959 3803 promittendo
2987 3727 3213 3800 decipit.
3243 3725 3460 3785 Cuncta
3485 3744 3620 3801 ergo
3645 3728 3830 3802 tergi-

2220 3821 2551 3881 versationis
2569 3820 2689 3895 ejus
2715 3819 3020 3877 certamina
3045 3817 3356 3889 exorditur,
3378 3819 3601 3878 dicens:

2548 3908 2777 3968 CAPUT
2814 3908 2920 3965 XII
2956 3907 3095 3983 [Vet.
3128 3909 3198 3978 X,
3219 3909 3339 3967 Rec.
3370 3908 3503 3983 IX].

2288 4000 2464 4059 Vsus.
2499 3998 2586 4056 10.
2604 4029 2676 4041 -
2701 4000 2837 4057 Ecce
2864 3999 2887 4035 ⁸
2909 3998 3213 4064 Behemoth,
3243 4015 3397 4070 quem
3431 3998 3536 4071 feci
3554 4006 3745 4058 tecum.

2294 4089 2379 4147 16.
2415 4090 2608 4147 Omnia
2634 4096 2814 4145 creata
2834 4095 2958 4145 sunt
2971 4089 3132 4146 simul
3145 4091 3429 4146 secundum
3454 4091 3827 4149 substantiam.

2215 4196 2325 4236 non
2343 4180 2627 4236 secundum
2644 4179 3135 4254 speciem—Quem
3152 4179 3256 4237 sub
3270 4179 3583 4237 Bchemoth
3603 4183 3834 4239 nomine

2218 4270 2329 4328 nisi
2358 4272 2650 4346 antiquum
2680 4270 2897 4329 hostem
2927 4271 3195 4341 insinuat,
3224 4270 3738 4347 quiinterpretatus
3763 4289 3832 4329 ex

2218 4359 2447 4418 Hebraea
2477 4377 2635 4430 voce,
2660 4362 2719 4418 in
2750 4362 2949 4419 Latina
2975 4362 3170 4435 lingua
3196 4362 3403 4420 animal
3432 4370 3595 4420 sonat
3611 4363 3641 4420 τ
3660 4361 3833 4435 Cujus

2218 4449 2476 4519 inferius,
2547 4449 2679 4507 dum
2726 4450 2944 4507 malitia
2987 4451 3267 4520 subditur,
3310 4458 3563 4524 patenter
3600 4467 3836 4525 persona

513 4526 656 4614 Ecce
678 4523 874 4581 divina
900 4540 1037 4582 voce
1064 4524 1133 4582 ad
1157 4524 1381 4583 beatum
1410 4524 1513 4582 Job
1544 4525 1753 4583 dicitur
1779 4528 1928 4602 quod
1955 4531 1978 4566 ³
2011 4548 2110 4588 sua
2136 4593 2185 4614 ﬁ
2217 4547 2578 4598 monstratur.
2605 4540 2712 4598 Sed
2743 4556 2875 4599 cum
2901 4541 2972 4598 de
2989 4541 3104 4599 Deo
3132 4523 3401 4614 scriptum
3431 4541 3505 4597 sit
3533 4523 3672 4614 quia
3700 4540 3833 4599 fecit

509 4612 880 4705 dexteram
907 4614 1170 4684 salvetur,
1200 4622 1257 4672 et
1297 4622 1478 4675 tamen
1506 4617 1761 4674 nonnulli
1791 4593 2105 4691 hominum,
2136 4593 2187 4655 ι)
2218 4593 3670 4705 ἷηὶῆἕζέἰιῖιὲι”ζέοέἆῗιῖτίιῖ,’ἰ)⁷,’ξιῖέῖιῖ›ο’ὲὲιίῖιῖ
3700 4593 3831 4689 LII};

512 4702 611 4778 qui
642 4703 711 4762 ab
739 4703 909 4777 hujus
936 4705 1045 4762 viri
1073 4705 1286 4763 viribus
1328 4707 1489 4782 longe
1521 4716 1674 4778 sunt,
1722 4707 1978 4783 despecto
2009 4712 2111 4768 Dei

512 4793 811 4867 sdjutorio,
842 4810 941 4852 sua
967 4810 1024 4851 se
1053 4794 1381 4853 fortitudine
1400 4796 1601 4855 salvari
1618 4814 1775 4871 posse
1802 4798 2109 4858 conﬁdunt.

510 4880 618 4942 Pro
647 4884 852 4959 quibus
878 4884 1014 4958 quid
1036 4884 1319 4959 deprecari
1348 4887 1499 4944 aliud
1529 4887 1812 4957 debemus,
1843 4889 1953 4947 nisi
1983 4900 2046 4947 ut
2063 4893 2110 4949 si

505 4971 623 5047 jam
641 4974 788 5031 dona
816 4974 1088 5032 bonorum
1120 4992 1345 5048 operum
1367 4985 1748 5050 perceperunt,
1770 4977 1876 5037 hoc
1890 4997 2110 5056 quoque

511 5063 720 5122 donum
752 5063 1048 5137 accipiant,
1079 5070 1143 5120 ut
1170 5080 1202 5120 a
1228 5081 1339 5137 quo
1365 5064 1483 5121 haec
1510 5067 1821 5137 acceperint
1847 5067 2062 5125 discant
2080 5068 2109 5126 ?

512 5153 656 5220 Quia
703 5162 887 5210 autem
938 5153 1242 5225 praemissis
1270 5153 1454 5211 verbis
1500 5155 1772 5213 Dominus
1803 5160 2104 5230 potentiam

508 5258 623 5300 sum
651 5243 1053 5315 magnitudinis
1099 5243 1309 5312 intulit,
1353 5259 1504 5301 nunc
1547 5244 1607 5300 in
1647 5244 2106 5321 subsequentibus

512 5332 821 5407 nequitiam
844 5335 1066 5408 antiqui
1086 5333 1263 5392 hostis
1289 5334 1552 5404 ostendit,
1579 5343 1642 5392 ut
1656 5333 1836 5395 bonus
1863 5337 2107 5395 famulus

513 5429 588 5492 et,
620 5422 827 5479 auditis
846 5425 1000 5496 prius
1027 5424 1331 5483 virtutibus
1358 5425 1605 5496 Domini,
1643 5426 1810 5489 sciret
1836 5434 2106 5502 quantum

589 5608 883 5696 {Ebroicq
912 5610 1098 5696 Germ.
1132 5626 1187 5674 et
1214 5623 1336 5676 eaet.
1364 5619 1580 5691 Norm.,
1610 5618 1821 5691 Germ.,
1848 5618 2021 5679 Laud.
2054 5626 2109 5679 et

515 5681 639 5753 Yal.
668 5684 911 5753 Cl.,jam
938 5685 1114 5744 nimis.

519 5749 808 5883 ᾀιὶίέἓὲὸῖ
835 5754 997 5827 Germ
1006 5799 1021 5815 .
1037 5765 1093 5815 et
1107 5758 1343 5831 Gemet.,
1361 5779 1482 5820 cum
1494 5780 1602 5836 qua
1620 5764 1728 5823 hac
1738 5765 2000 5825 Dominus
2014 5766 2110 5824 in»

2222 4718 2450 4779 homine
2478 4720 2673 4779 fecisse
2701 4737 2759 4779 se
2795 4721 3028 4792 indicat,
3078 4720 3211 4779 dum
3240 4727 3442 4779 cuncta
3482 4721 3619 4795 quia
3661 4721 3832 4777 simul

2221 4809 2416 4867 fecerit
2443 4810 2701 4869 constat?
2741 4811 2984 4869 Rursum
3020 4810 3381 4886 quaerendum
3412 4816 3520 4880 est,
3550 4810 3834 4885 quomodo

2219 4904 2368 4961 Deus
2394 4914 2595 4962 cuncta
2622 4905 2788 4961 simul
2807 4903 3078 4973 condidit,
3102 4903 3235 4961 dum
3257 4905 3473 4977 Moyses
3492 4920 3592 4961 sex
3613 4903 3832 4962 dierum

2218 4995 2526 5051 mutatione
2554 4995 2803 5051 variante
2832 4993 3094 5051 distincte
3108 5003 3288 5052 creata
3308 4993 3587 5052 describat
3612 4994 3827 5067 (Genes.

2217 5083 2354 5153 1,32,
2371 5084 2702 5159 seq.).Quod
2712 5092 2898 5141 tamen
2912 5084 3081 5141 citius
3092 5084 3460 5157 agnoscimus,
3480 5083 3528 5140 si
3540 5082 3698 5157 ipsas
3710 5100 3831 5142 cau-

2215 5190 2303 5232 sas
2329 5175 2608 5247 originum
2637 5174 2921 5232 subtiliter
2957 5175 2979 5210 ⁸
3011 5174 3354 5247 indagamus.
3388 5174 3596 5232 Rerum
3627 5175 3832 5249 quippe

2214 5264 2524 5323 substantia
2550 5266 2718 5323 simul
2748 5274 2930 5323 creata
2960 5273 3063 5333 est,
3106 5264 3202 5322 sed
3239 5263 3407 5321 simul
3449 5264 3671 5337 species
3704 5265 3834 5321 for-

2216 5363 2362 5414 mata
2380 5371 2494 5414 non
2520 5363 2626 5423 est,
2654 5363 2709 5414 et
2735 5354 2886 5430 quod
2912 5354 3082 5412 simul
3099 5354 3318 5411 exstitit
3332 5368 3432 5428 per
3449 5352 3828 5412 substantiam

2290 5550 2311 5586 ³
2342 5547 2580 5608 Vindoc.
2610 5556 2667 5607 et
2694 5548 2910 5619 Norm.,
2940 5564 3043 5607 sua
3068 5547 3283 5607 virtute.

2290 5622 2311 5659 ‘
2360 5622 2422 5678 In
2466 5621 2591 5679 Val.
2621 5621 2793 5694 CLet
2826 5618 2997 5694 duob.
3045 5621 3231 5678 Germ.
3272 5618 3483 5694 ubique
3536 5619 3828 5691 scribitur,

2228 5693 2519 5755 Vehemotls.
2550 5696 2634 5751 Ita
2656 5693 2826 5750 etiam
2856 5693 2915 5750 in
2936 5693 3150 5751 Gemet.

2291 5766 2313 5802 ⁸
2344 5764 2578 5836 Gemet.,
2608 5765 2928 5824 indicamus.
