3936 6382
130 350 244 410 6ξὶ

926 360 1300 422 MORALIUM
1347 365 1498 425 LIB.
1540 368 1780 426 XXXII.
1822 401 1885 414 —
1931 372 2002 428 IN
2040 369 2268 431 CAPUT
2305 375 2400 434 Xl.
2439 378 2500 434 Β.
2541 376 2685 437 JOB.

3363 383 3469 456 646

131 481 396 585 materiae.
428 499 539 584 non
582 485 748 585 simul
794 489 1049 560 apparuit
1096 506 1192 562 per
1238 491 1476 564 speciem
1536 493 1760 562 formae_
1791 500 1843 560 Α
1871 495 2167 569 imaginem
2204 499 2508 572 sapientiae,
2540 512 2593 558 et
2621 519 2731 560 non
2761 505 2926 564 simul
2973 523 3070 582 per
3106 511 3463 585 conjunctam

131 567 277 625 Cum
307 571 457 628 enim
477 573 644 630 simul
663 574 871 632 factum
895 577 1098 634 caelum
1119 586 1372 653 terraque
1389 580 1744 652 describitur,

130 659 304 715 simul
333 661 607 732 spiritalia
637 673 802 738 atque
827 669 1154 740 corporalia,
1181 671 1347 726 simul
1378 671 1650 744 quidquid
1679 673 1748 730 de

130 748 277 804 coelo
305 752 504 820 oritur,
529 752 696 809 simul
718 755 923 811 factum
947 757 1219 831 quidquid
1239 759 1310 814 de
1330 769 1474 817 terra
1495 761 1746 833 produci-

133 844 229 892 tur
261 836 559 896 indicatur.
594 841 687 898 Sol
719 843 945 916 quippe,
977 845 1110 902 luna
1137 856 1191 903 et
1220 848 1400 905 sidera
1433 859 1629 921 quarto
1658 849 1748 905 die

137 922 194 980 in
219 925 360 981 caelo
377 927 521 984 facta
538 929 920 1000 perhibentur,
940 933 1034 989 sed
1052 935 1199 1008 quod
1217 947 1411 1010 quarto
1426 938 1516 994 die
1537 954 1748 1010 proces-

136 1015 213 1070 sit
244 1015 301 1070 in
332 1016 514 1089 specie
542 1018 725 1089 primo
747 1019 836 1076 die
867 1021 924 1077 in
942 1025 1065 1079 caeli
1087 1026 1397 1082 substantia
1416 1028 1633 1083 exstitit
1654 1044 1749 1099 per

135 1104 541 1162 eonditionem.
575 1107 872 1186 Primo_die
898 1120 1080 1169 creata
1097 1122 1242 1170 terra
1261 1115 1487 1185 dicitur,
1510 1125 1564 1173 et
1585 1118 1748 1174 tertio

135 1193 364 1251 arbusta
392 1195 638 1266 condita,
672 1208 726 1255 et
753 1211 954 1258 cuncta
978 1211 1137 1261 terra:
1163 1205 1402 1262 virentia
1430 1207 1747 1264 describun-

132 1290 265 1353 tur;
299 1283 395 1340 sed
427 1285 532 1343 hoc
563 1286 713 1360 quod
743 1287 833 1344 die
882 1292 1046 1347 tertio
1075 1309 1132 1349 se
1181 1294 1239 1349 in
1272 1296 1451 1367 specie
1494 1298 1746 1368 protulit,

139 1374 417 1430 nimirum
448 1376 631 1448 primo
670 1376 760 1433 die
789 1379 847 1434 in
893 1380 1009 1452 ipsa
1037 1381 1104 1438 de
1135 1400 1242 1456 qua
1271 1393 1451 1440 ortum
1482 1394 1565 1440 est
1591 1393 1748 1441 terras

133 1463 448 1522 substantia
474 1466 762 1524 conditum
799 1467 928 1524 fuit.
962 1471 1105 1528 Hinc
1135 1479 1216 1528 est
1247 1474 1395 1546 quod
1423 1475 1639 1547 Moyses
1667 1475 1748 1531 di-

133 1553 343 1610 stincte
373 1569 470 1626 per
497 1555 614 1612 dies
643 1557 899 1629 singulos
949 1560 1178 1617 condita
1220 1563 1408 1618 omnia
1449 1564 1664 1632 retulit,
1694 1572 1748 1620 et

133 1651 328 1699 tamen
362 1644 529 1700 simul
560 1647 750 1702 omnia
794 1656 976 1704 creata
1007 1649 1321 1722 subjuuxit,
1354 1652 1544 1709 dicens
1575 1671 1587 1709 :
1627 1653 1749 1708 Ista:

133 1737 265 1789 sunt
289 1735 648 1806 generationes
677 1737 790 1792 οωιὶ
818 1743 865 1793 et
897 1745 1071 1805 terrm,
1099 1743 1310 1811 quando
1339 1749 1526 1798 creata:
1550 1729 1672 1797 sunt
1693 1743 1751 1796 in

134 1821 224 1876 die
282 1840 385 1894 quo
423 1823 546 1894 fecit
569 1825 830 1882 Dominus
851 1829 1036 1883 calum
1063 1835 1112 1883 et
1140 1835 1358 1896 terram,
1387 1837 1436 1886 et
1460 1848 1611 1886 omne
1637 1831 1746 1885 vir-

134 1913 348 1984 gultum
375 1915 518 1985 agri,
562 1922 847 1988 antequam
901 1918 1142 1973 oriretur
1171 1919 1229 1973 in
1257 1927 1422 1990 terra,
1452 1937 1756 1992 omnemque

137 2003 358 2060 herbam
392 2006 625 2077 regionis
652 2008 877 2079 (Genes.
906 2024 969 2077 ιι,
999 2007 1054 2077 Is,
1095 2009 1175 2081 5).
1204 2009 1309 2077 Qui
1339 2010 1486 2066 enim
1519 2010 1756 2068 diversis

138 2092 344 2152 diebus
375 2102 622 2152 creatum
667 2097 868 2154 coelum
899 2105 953 2153 et
988 2104 1214 2168 terram,
1255 2101 1584 2174 virgultum,
1616 2102 1754 2158 ber-

142 2182 387 2257 bamque
417 2192 756 2255 narraverat,
790 2202 939 2243 nunc
977 2203 1090 2244 uno
1115 2188 1205 2244 die
1235 2188 1380 2247 facta
1406 2191 1748 2260 manifestat,

140 2279 208 2331 ut
243 2274 456 2350 liquido
487 2277 800 2334 ostenderet
829 2279 976 2353 quod
1005 2287 1256 2338 creatura
1275 2281 1457 2337 omnis
1471 2283 1640 2338 simul
1659 2300 1753 2355 per

139 2362 513 2422 substantiam
543 2367 779 2438 exstitit,
805 2370 1060 2443 quamvis
1077 2386 1190 2426 non
1218 2370 1386 2427 simul
1404 2387 1500 2444 per
1513 2373 1752 2444 speciem

144 2457 437 2530 processit.
469 2457 614 2516 Hinc
660 2459 778 2516 illic
807 2476 1024 2534 quoque
1067 2461 1334 2533 scriptum
1363 2469 1446 2518 est
1477 2479 1490 2518 :
1540 2461 1756 2521 Creavit

138 2545 292 2601 Deus
321 2547 582 2604 hominem
609 2549 680 2604 ad
712 2550 992 2622 imaginem
1032 2567 1204 2620 suam,
1237 2552 1309 2607 ad
1350 2551 1629 2623 imaginem
1657 2552 1757 2607 Dei

138 2636 345 2690 creavit
365 2637 542 2704 illum,
569 2639 864 2694 masculum
885 2645 932 2693 et
949 2639 1205 2709 feminam
1230 2639 1354 2710 fecit
1375 2658 1459 2695 eos
1479 2642 1687 2713 (Genes.
1713 2657 1754 2708 ι,

145 2725 268 2800 27).
320 2727 571 2784 Necdum
619 2729 768 2784 enim
802 2729 920 2784 Eva
965 2728 1109 2786 facta
1156 2729 1511 2799 describitur,
1545 2737 1599 2786 et
1639 2729 1755 2800 jam

138 2814 315 2872 homo
356 2817 636 2872 masculus
665 2824 719 2872 et
747 2817 956 2872 femina
1001 2817 1344 2892 perhibetur.
1377 2819 1482 2874 Sed
1526 2819 1656 2891 quia
1684 2834 1755 2874 ex

140 2905 280 2964 Adae
311 2904 481 2960 latere
515 2911 706 2969 1056
737 2907 930 2978 procul
963 2906 1134 2964 dubio
1162 2905 1371 2962 femina
1397 2913 1515 2962 erat
1542 2923 1756 2980 proces-

139 3020 294 3072 sura,
327 3003 386 3059 in
405 3004 500 3059 illo
523 3003 638 3076 jam
669 3013 1022 3078 computatur
1036 3021 1132 3078 per
1164 3004 1550 3074 susbtantiam,
1587 3021 1619 3060 a
1646 3021 1756 3077 quo

141 3095 329 3152 fuerat
365 3094 718 3168 producenda
761 3111 856 3168 per
885 3095 1141 3152 formam.
1175 3094 1534 3154 Considerare
1570 3104 1756 3152 tamen

141 3184 267 3242 haec
293 3191 348 3240 et
377 3185 436 3240 in
466 3184 716 3241 minimis
745 3199 1057 3258 possumus,
1093 3192 1155 3240 ut
1174 3201 1244 3241 ex
1263 3185 1516 3243 minimis
1546 3185 1759 3259 majora

145 3291 462 3350 pensemus.
516 3274 697 3331 Herba
728 3291 966 3348 namque
995 3291 1121 3331 cum
1157 3283 1396 3346 creatur,
1426 3276 1664 3334 necdum
1696 3277 1754 3333 in

147 3366 250 3423 illa
279 3365 514 3435 fructus,
545 3365 783 3423 necdum
817 3365 1034 3422 fructus
1062 3365 1149 3422 sui
1187 3381 1374 3422 semen
1419 3366 1750 3424 ostenditur.

146 3461 299 3518 Inest
328 3474 461 3514 vero
498 3457 550 3514 ei
578 3457 744 3514 etiam
772 3475 898 3516 cum
940 3475 1053 3516 non
1082 3467 1305 3532 apparet
1333 3458 1551 3516 fructus
1579 3466 1634 3515 et
1661 3475 1758 3516 se-

148 3568 302 3622 men,
333 3552 464 3626 quia
492 3551 757 3608 nimirum
787 3552 953 3609 simul
975 3551 1186 3608 suntin
1206 3551 1410 3609 radicis
1440 3552 1759 3610 substantia

149 3659 275 3718 quae
303 3659 414 3699 non
442 3642 608 3699 simul
637 3641 909 3716 prodeunt
960 3659 1058 3716 per
1091 3642 1356 3715 temporis
1397 3643 1755 3699 incrementa.

227 3759 316 3817 17.
352 3760 465 3827 Quo
510 3775 664 3816 sensu
689 3761 906 3832 angelus
932 3765 980 3815 et
1006 3759 1160 3815 homo
1188 3759 1350 3816 simul
1380 3760 1563 3816 creati.
1589 3761 1759 3831 Ange-

155 3852 239 3909 lus
266 3851 499 3906 desertor
520 3851 781 3922 peccando
801 3850 942 3905 dona
965 3849 1154 3921 gratiis
1171 3849 1373 3918 amisit,
1398 3865 1505 3905 non
1528 3856 1757 3906 naturae.

151 3951 276 4009 Duo
297 3949 712 4007 Manichceorum
734 3948 1007 4022 principia
1029 3948 1369 4020 reﬁciuntur.
1399 3979 1470 3990 —
1498 3947 1604 4004 Sed
1632 3949 1762 4022 quia

153 4039 276 4097 haec
302 4039 470 4096 simul
497 4047 682 4097 creata
710 4056 807 4113 per
822 4038 1186 4095 substantiam
1207 4038 1467 4107 dicimus,
1498 4055 1620 4112 quae
1639 4056 1761 4112 pro-

153 4129 276 4188 dire
305 4130 412 4186 alia
435 4145 506 4187 ex
540 4129 664 4185 aliis
705 4130 1043 4200 invenimus,
1089 4146 1198 4203 quo
1238 4136 1397 4202 pacto
1448 4145 1574 4185 cum
1605 4129 1764 4186 beato

150 4219 260 4277 Job
290 4219 599 4278 Behemoth
620 4228 836 4279 creatus
865 4220 1148 4288 asscritur,
1184 4237 1309 4277 cum
1342 4235 1522 4293 neque
1552 4235 1662 4276 una
1693 4220 1766 4276 sit

153 4309 467 4368 substantia
493 4313 672 4386 angeli
701 4321 756 4368 et
785 4311 1050 4381 hominis,
1070 4327 1247 4385 neque
1266 4310 1434 4368 homo
1456 4325 1525 4366 ex
1545 4312 1764 4383 angelo,

154 4416 335 4474 neque
360 4403 589 4474 angelus
615 4417 685 4458 ex
715 4401 941 4458 homine
975 4401 1284 4473 proferatur
1313 4400 1342 4456 ?
1381 4399 1439 4456 Si
1480 4416 1612 4458 vero
1641 4416 1766 4473 pro-

153 4499 278 4564 pter
309 4490 416 4548 hoc
442 4492 620 4550 factus
657 4490 963 4549 Behemoth
1010 4506 1135 4548 cum
1175 4491 1336 4548 beato
1377 4491 1480 4547 Job
1522 4491 1769 4548 dicitur-

1856 586 2222 645 substantiam
2268 590 2477 648 formai.
2527 592 2803 666 Scriptum
2834 612 3072 672 namque
3119 601 3185 658 de
3231 602 3460 661 homine

1855 685 1937 732 est
1970 695 1981 732 :
2018 679 2298 734 Faciamus
2324 681 2583 737 hominem
2601 683 2674 738 ad
2691 683 2970 757 imaginem
2997 695 3046 743 et
3064 690 3468 750 similitudinem

1857 772 2094 822 nostram
2152 767 2358 840 (Genes.
2394 787 2434 838 ι,
2465 771 2581 843 26).
2612 773 2684 828 Et
2703 789 2799 845 per
2826 775 3175 833 Ezechielem
3206 780 3274 836 ad
3299 782 3467 837 Satan

1857 857 2062 914 dicitur
2085 877 2096 914 :
2134 863 2211 916 Tu
2239 861 2566 932 signaculum
2586 864 2973 935 similitudinis,
2993 869 3187 939 plenus
3203 873 3468 942 sapientia

1855 952 1904 1001 et
1912 947 2174 1016 perfectus
2190 950 2370 1004 decore
2388 952 2443 1004 in
2459 953 2659 1008 deliciis
2678 956 2928 1024 paradisi
2945 957 3045 1011 Dei
3064 956 3219 1026 fuisti
3235 961 3440 1031 (Ezech
3457 1006 3469 1018 .

1858 1051 2062 1105 xxvur,
2099 1039 2214 1109 i2).
2249 1041 2310 1095 In
2340 1051 2540 1098 cuncta
2566 1043 2735 1115 igitur
2768 1055 3036 1115 creatura,
3072 1047 3241 1105 homo
3274 1061 3328 1107 et
3358 1067 3470 1107 an-

1858 1128 2009 1200 gelus
2031 1128 2199 1183 simul
2225 1129 2483 1186 conditus
2501 1132 2718 1188 exstitit
2740 1134 2870 1206 quia
2897 1135 2966 1191 ab
2996 1137 3152 1192 omni
3175 1139 3196 1173 ²
3215 1147 3470 1196 creatura

1859 1216 2170 1274 irrationali
2195 1217 2494 1278 distinctus
2522 1223 2805 1293 processit.
2835 1224 2977 1292 Quia
3012 1241 3148 1298 ergo
3192 1228 3250 1284 in
3271 1237 3470 1285 cuncta

1857 1309 2175 1366 conditione
2197 1328 2379 1368 rerum
2407 1315 2621 1371 nullum
2643 1317 2909 1373 rationale
2927 1320 3139 1376 animal
3171 1322 3279 1378 nisi
3311 1338 3466 1396 ange-

1858 1399 1943 1454 lus
1970 1409 2027 1457 et
2061 1400 2229 1458 homo
2259 1410 2361 1472 est,
2401 1405 2674 1479 quidquid
2716 1408 2932 1464 ratione
2973 1411 3055 1466 uti
3104 1426 3214 1466 non
3267 1421 3468 1484 potest,

1857 1504 1984 1546 cum
2015 1488 2239 1545 homine
2261 1491 2464 1547 factum
2492 1510 2601 1550 non
2623 1504 2723 1551 est.
2760 1497 2989 1553 Dicatur
3017 1499 3205 1572 itaque
3227 1500 3468 1569 homini,

1857 1576 2072 1633 dicatur
2113 1577 2179 1634 de
2220 1580 2432 1652 angelo,
2483 1583 2576 1656 qui
2615 1585 2715 1640 etsi
2771 1587 3078 1656 potentiam
3110 1588 3470 1647 sublimitatis

1857 1665 2120 1738 perdidit,
2152 1667 2517 1726 subtilitatem
2561 1681 2743 1727 tamen
2777 1681 2991 1731 naturae
3037 1677 3328 1734 rationalis
3356 1695 3470 1736 non

1858 1754 2043 1809 amisit
2076 1773 2088 1810 :
2140 1758 2272 1812 Ecce
2312 1758 2609 1827 Behemoth,
2649 1775 2802 1830 quem
2843 1761 2944 1830 feci
2991 1769 3172 1819 tecum.
3223 1765 3293 1820 Ut
3335 1766 3467 1823 dum

1787 1869 1832 1929 Β
1864 1847 2030 1906 homo
2060 1866 2185 1906 eum
2214 1853 2310 1923 qui
2339 1853 2396 1907 in
2426 1854 2639 1910 ratione
2667 1870 2852 1911 secum
2895 1856 3074 1912 factus
3106 1865 3212 1925 est,
3247 1859 3474 1930 periisse

1862 1936 2196 2006 considerat,
2247 1939 2497 1996 vicinum
2547 1942 2654 1998 sibi
2707 1959 2893 1999 casum
2945 1945 3217 2017 superbia:
3257 1961 3326 2002 ex
3356 1947 3474 2020 ipsa

1861 2028 2160 2100 propinqui
2189 2029 2276 2084 sui
2308 2031 2617 2102 perditione
2647 2034 3021 2106 pertimescat.
3075 2036 3136 2090 In
3167 2034 3255 2091 his
3284 2045 3469 2094 autem

1861 2117 2046 2173 verbis
2075 2119 2307 2174 solerter
2335 2119 2663 2178 intuendum
2696 2131 2778 2179 est
2807 2124 2954 2198 quod
2982 2131 3170 2196 aperte
3199 2142 3332 2182 voce
3361 2125 3473 2183 do-

1862 2207 2068 2263 minica
2095 2207 2367 2264 nefarium
2399 2211 2420 2245 ³
2458 2211 2749 2268 Manichaei
2779 2213 2996 2285 dogma
3025 2213 3469 2286 reprehenditur,

1862 2297 1959 2368 qui
1982 2296 2114 2352 dum
2146 2297 2257 2354 duo
2287 2298 2560 2373 principia
2581 2302 2844 2375 loquitur,
2866 2302 3223 2359 tenebrarum
3257 2313 3473 2376 gentem

1863 2400 1975 2441 non
2022 2385 2224 2443 factam
2257 2404 2496 2445 asserere
2541 2399 2798 2449 conatur.
2834 2389 3124 2459 Quomodo
3172 2393 3320 2448 enim
3360 2411 3470 2450 non

1861 2474 2007 2530 facta
2035 2492 2166 2547 gens
2187 2479 2523 2550 nequissima
2545 2479 2771 2548 dicitur,
2795 2479 2928 2536 dum
2949 2481 3254 2538 Behemoth
3278 2483 3473 2554 istum,

1864 2562 2122 2621 videlicet
2150 2575 2428 2624 auctorem
2452 2569 2712 2642 nequitia
2734 2586 2830 2643 per
2849 2577 3102 2627 naturam
3127 2573 3148 2608 ‘
3175 2571 3315 2629 bene
3341 2591 3476 2632 con-

1859 2652 2038 2710 ditum
2068 2671 2125 2712 se
2155 2659 2427 2714 Dominus
2455 2658 2649 2715 fecisse
2687 2666 2918 2715 testatur
2947 2660 2976 2717 (ἱ
3004 2660 3110 2718 Sed
3139 2663 3270 2735 quia
3299 2663 3478 2720 Behe-

1865 2743 2020 2799 moth
2054 2744 2176 2813 iste,
2209 2763 2336 2802 cum
2377 2764 2488 2820 quo
2517 2748 2590 2804 sit
2630 2749 2806 2805 factus
2847 2749 3187 2820 audivimus,
3225 2751 3473 2824 perditus

1865 2832 2002 2904 quid
2021 2843 2144 2906 agat
2172 2835 2482 2893 audiamus.
2511 2838 2776 2911 Sequitur
2809 2856 2821 2894 :

2327 2954 2562 3012 CAPUT
2594 2957 2724 3013 xm
2760 2957 2904 3032 meo.
2940 2960 3040 3034 X].

1948 3041 2089 3099 Iam.
2121 3073 2192 3084 —
2220 3042 2419 3098 Fenum
2449 3045 2582 3100 sicut
2611 3046 2699 3101 bos
2729 3047 2749 3080 ⁵
2781 3048 3028 3104 comedet.

1940 3133 2025 3190 i8.
2043 3133 2298 3189 Diabolus
2314 3135 2566 3191 mundam
2587 3135 2955 3208 spiritualium
2972 3139 3134 3194 vitam
3153 3136 3473 3209 labefactare

1787 3231 1832 3292 α
1859 3224 2198 3297 potissimum
2227 3226 2388 3296 cupit.
2423 3257 2493 3266 —
2523 3226 2577 3283 Si
2604 3225 3000 3298 prophetarum
3034 3227 3272 3285 sollicite
3303 3229 3470 3286 verba

1863 3315 2214 3383 discutimus,
2247 3314 2364 3372 haec
2393 3325 2446 3372 et
2477 3316 2575 3372 illa
2615 3332 2728 3372 uno
2761 3317 2964 3389 spiritu
3008 3319 3220 3390 prolata
3260 3320 3478 3392 reperi-

1866 3421 2008 3460 mus.
2043 3403 2208 3460 Isaias
2237 3420 2474 3477 namque
2503 3421 2630 3462 cum
2662 3414 2910 3463 cerneret
2934 3407 3102 3464 vitam
3129 3409 3478 3480 peccantium

1865 3494 1934 3551 ab
1974 3493 2202 3566 antiquo
2241 3500 2295 3549 et
2342 3493 2652 3551 insatiabile
2700 3496 2857 3553 hoste
2900 3495 3175 3566 devorari,
3203 3497 3280 3555 ait
3313 3515 3325 3553 :
3380 3498 3481 3553 Leo

1871 3585 2007 3641 sicut
2034 3585 2123 3640 bos
2153 3585 2174 3619 ⁶
2207 3583 2433 3640 comedet
2473 3586 2662 3656 paleas
2696 3585 2854 3658 (Isai.
2890 3601 2968 3654 χι,
3003 3585 3082 3658 7).
3117 3585 3262 3654 Quid
3293 3593 3477 3642 autem

1869 3673 1982 3730 feni
2013 3675 2402 3747 palearumque
2425 3674 2649 3730 nomine
2673 3675 2781 3731 nisi
2812 3675 3117 3731 carnalium
3139 3675 3255 3729 vita
3283 3675 3483 3746 signa-

1870 3770 1962 3821 tur
1988 3763 2016 3820 ?
2047 3763 2124 3820 De
2155 3779 2263 3836 qua
2292 3779 2388 3835 per
2407 3762 2730 3836 prophetam
2767 3763 2974 3821 dicitur
2998 3782 3010 3820 :
3043 3763 3224 3820 Omnis
3253 3780 3378 3818 caro
3405 3762 3481 3834 fe-

1870 3871 1995 3910 num
2032 3853 2194 3926 (Isai.
2219 3871 2312 3921 XL,
2334 3852 2413 3923 6).
2448 3851 2554 3919 Qui
2585 3868 2713 3924 ergo
2743 3851 2836 3909 hic
2859 3852 3190 3921 Behemoth,
3212 3851 3332 3908 illic
3361 3852 3476 3921 leo;

1873 3943 1966 4016 qui
1989 3943 2084 3999 hic
2112 3941 2322 4008 fenum,
2359 3941 2475 3996 illic
2504 3942 2671 4012 paleae
2694 3941 3074 3998 nominantur.
3107 3941 3213 3997 Sed
3233 3956 3480 4014 perscru-

1872 4032 1978 4088 tari
2010 4046 2164 4087 mens
2202 4029 2402 4086 nititur
2435 4044 2534 4085 cur
2563 4031 2664 4085 iste
2693 4031 2782 4086 vel
2826 4030 2975 4102 apud
3006 4030 3203 4087 Isaiam
3241 4030 3346 4098 leo,
3388 4029 3478 4086 vel

1874 4121 1967 4178 hic
1995 4120 2274 4178 dominica
2302 4135 2438 4175 voce
2467 4117 2792 4188 Behemoth,
2825 4122 2846 4154 ⁷
2879 4121 2938 4175 in
2969 4119 3320 4178 comestione
3363 4119 3481 4176 feni

1874 4214 1961 4271 vel
1989 4214 2174 4285 paleas,
2197 4218 2431 4283 utroque
2467 4215 2657 4274 1057
2696 4211 2844 4280 loco,
2871 4228 2993 4268 non
3026 4227 3191 4286 equo,
3223 4210 3322 4268 sed
3350 4208 3484 4267 bovi

1876 4317 2244 4384 comparetur.
2289 4308 2447 4378 Quod
2477 4315 2662 4365 tamen
2706 4308 2874 4367 citius
2925 4309 3302 4383 agnoscimus,
3331 4309 3380 4365 si
3426 4309 3482 4366 in

1877 4401 2125 4474 utrisque
2141 4398 2475 4456 animalibus
2491 4415 2610 4472 quin
2628 4399 2700 4456 sit
2725 4398 3199 4456 nutrimentorum
3217 4399 3487 4457 distantia

1879 4492 2296 4567 perpendamus.
2329 4493 2473 4566 Equi
2504 4509 2740 4566 namque
2770 4491 2960 4549 fenum
2985 4491 3295 4566 quamlibet
3311 4489 3487 4549 sordi-

154 4583 306 4658 quod
330 4589 581 4640 creatura
607 4582 791 4638 omnis
820 4581 887 4638 ab
913 4590 1156 4649 auctore,
1189 4580 1287 4654 qui
1318 4581 1376 4636 in
1415 4581 1633 4638 actione
1661 4598 1762 4637 sua
1791 4599 1842 4659 D
1880 4583 2011 4640 dum
2045 4583 2362 4653 comedunt,
2392 4599 2590 4657 aquam
2638 4599 2770 4640 vero
2805 4599 2918 4640 non
2948 4582 3059 4639 nisi
3088 4581 3357 4639 mundam
3388 4581 3488 4655 bi:-

155 4689 505 4748 nequaquam
534 4673 800 4747 temporis
819 4671 1185 4744 protelatione
1212 4671 1570 4742 distenditur,
1593 4671 1760 4729 simul

155 4765 386 4823 condita
415 4781 527 4822 non
557 4764 868 4830 dubitatur,
895 4778 994 4821 cur
1017 4761 1084 4818 de
1115 4761 1422 4818 Behemoth
1449 4763 1764 4836 specialiter

157 4855 370 4913 dicitur
393 4855 542 4929 quod
563 4870 856 4912 commune
884 4870 1010 4911 cum
1033 4853 1298 4909 creaturis
1326 4852 1586 4910 omnibus
1607 4868 1763 4925 gene-

158 4945 354 5003 raliter
381 4945 616 5003 habetur
641 4945 670 5002 ?
700 4943 806 5002 Sed
835 4945 883 5001 si
912 4960 1097 5000 rerum
1123 4958 1312 4999 causas
1331 4943 1526 4999 subtili
1555 4942 1762 5000 discus-

157 5036 320 5093 sione
352 5037 369 5071 ¹
404 5051 718 5109 pensamus,
757 5035 922 5091 simul
946 5033 1200 5106 angelum
1230 5032 1435 5089 factum
1457 5031 1764 5089 hominem-

157 5141 269 5200 que
296 5126 702 5200 cognoscimus,
737 5123 903 5181 simul
935 5122 1194 5179 videlicet
1232 5137 1345 5178 non
1375 5122 1586 5178 unitate
1615 5129 1766 5178 tem-

159 5217 337 5294 poris,
365 5216 461 5274 sed
488 5217 806 5290 cognitione
852 5213 1126 5281 rationis;
1164 5213 1330 5270 simul
1363 5229 1461 5286 per
1488 5221 1764 5286 acceptam

237 5416 545 5488 ’Vindoc.,
576 5417 813 5487 Gemet.,
835 5413 1007 5475 Laud.
1028 5425 1082 5473 et
1101 5413 1212 5474 duo
1235 5415 1444 5483 Germ.,
1465 5413 1766 5488 pulsamus.

234 5494 262 5532 ³
287 5493 514 5561 Pratel.,
545 5497 766 5547 natura.

235 5563 459 5633 ?Corb.
495 5557 679 5620 Germ.
726 5569 783 5619 et
827 5561 1065 5630 Gemet.,
1107 5559 1304 5619 Manis.
1337 5557 1539 5629 Laud.,
1583 5558 1768 5616 Germ.

157 5647 214 5696 et
244 5637 483 5713 Turon,
506 5636 807 5713 _Manes.___
868 5705 886 5713 _
1039 5704 1070 5713 _
1306 5711 1315 5713 ν
1352 5703 1377 5713 _
1485 5701 1500 5713 _
1698 5702 1736 5713 __

236 5711 260 5746 ‘
291 5701 478 5770 (ἔοι-ιι(
496 5707 708 5778 Germ.,
741 5705 1002 5777 Vindoc.,
1031 5704 1241 5762 Gemet.
1270 5711 1324 5762 et
1352 5701 1552 5774 Laud.,
1583 5702 1775 5761 condi—

161 5789 488 5923 taTLaud.,
519 5851 684 5910 Corb.
717 5851 902 5910 Germ.
934 5856 988 5909 et
1010 5850 1134 5910 Val.
1167 5849 1272 5921 Cl.,
1296 5848 1534 5904 comedit.

1871 4673 2031 4730 bunt.
2093 4672 2274 4730 Boves
2329 4680 2513 4729 autem
2570 4689 2768 4746 aquam
2825 4671 3138 4746 quamlibet
3202 4671 3486 4730 sordidam

1871 4761 2094 4833 bibunt,
2126 4762 2221 4820 sed
2247 4763 2375 4819 feno
2401 4777 2513 4818 non
2531 4760 2640 4819 nisi
2658 4759 2867 4818 mundo
2891 4769 3210 4819 vescuntur.
3235 4760 3382 4830 Quid
3403 4764 3488 4818 est

1873 4866 2000 4924 ergo
2031 4852 2178 4926 quod
2205 4851 2359 4921 bovi,
2401 4849 2498 4925 qui
2528 4849 2736 4907 mundo
2769 4849 2971 4923 pabulo
3003 4851 3265 4924 pascitur,
3299 4847 3488 4905 Behe-

1873 4941 2030 4997 moth
2062 4942 2164 4998 iste
2193 4950 2562 5015 comparatur,
2587 4941 2696 4998 nisi
2727 4941 2834 4997 hoc
2853 4939 3002 5013 quod
3021 4938 3089 4996 de
3119 4939 3226 4995 isto
3254 4939 3487 5012 antiquo

1875 5028 2030 5085 hoste
2062 5047 2160 5103 per
2188 5031 2512 5104 prophetam
2540 5031 2711 5086 alium
2742 5031 2984 5088 dicitur:
3021 5030 3041 5064 ⁸
3076 5030 3218 5085 Esca
3247 5027 3359 5098 ejus
3388 5029 3488 5084 ele-

1876 5125 1958 5175 cta
1996 5121 2226 5190 (Habac.
2271 5139 2309 5190 ι,
2354 5121 2478 5195 i6)?
2513 5122 2701 5194 Neque
2746 5121 2895 5177 enim
2937 5135 2994 5175 se
3041 5134 3132 5175 eos
3161 5117 3360 5192 gaudet
3389 5134 3488 5176 ra-

1879 5222 2027 5280 pere,
2059 5225 2196 5282 quos
2226 5209 2410 5283 pravis
2447 5225 2510 5266 ac
2551 5207 2793 5266 sordidis
2814 5206 3130 5264 actionibus
3170 5207 3487 5282 implicatos

1927 5410 1975 5492 f
2006 5407 2201 5492 Laud.,
2234 5407 2398 5467 Corb.
2431 5409 2642 5478 Germ.,
2672 5407 2796 5467 Val.
2840 5407 2924 5466 Cl.
2957 5415 3012 5466 et
3043 5405 3281 5479 Gemet.,
3310 5427 3491 5469 come-

1881 5481 1962 5538 dit
1980 5484 2186 5553 paleas.

1954 5555 1972 5590 ⁷
2007 5554 2176 5610 Iidem
2214 5552 2348 5610 Cod.
2373 5569 2498 5609 cum
2529 5552 2743 5621 Germ.,
2773 5553 2831 5608 in
2859 5553 3246 5612 comessatione.
3337 5560 3342 5563 ’

1957 5627 1977 5661 ⁸
2007 5625 2217 5682 Gemet.
2249 5625 2427 5699 prius,
2466 5642 2590 5699 esca_
2617 5624 2733 5699 ejus
2779 5626 2942 5682 electi.
3002 5626 3108 5684 Sed
3138 5634 3342 5699 postea,
3375 5643 3492 5686 esca

1883 5715 2085 5770 quoque
2130 5695 2306 5781 electa.
2363 5697 2466 5754 Hic
2493 5695 2670 5755 codex
2699 5696 3008 5781 innumeris
3050 5695 3266 5781 mendis
3292 5695 3486 5767 seatet,

1885 5787 2006 5843 quae
2035 5776 2309 5827 recentior
2335 5785 2532 5827 manus
2559 5785 2630 5848 ex
2657 5776 2810 5842 parte
2839 5776 3190 5843 expurgavit.
