3936 6392
438 380 542 440 647

439 611 566 665 ergo
592 592 879 650 comedere
920 592 1067 649 sicut
1107 592 1207 650 bos
1233 594 1463 666 appetit,
1507 593 1638 667 quia
1675 594 2044 665 suggestionis

439 698 551 739 suae
605 680 771 738 dente
823 689 1106 739 conterere
1172 683 1436 739 mundam
1487 682 1662 738 vitam
1708 681 2045 755 spiritalium

440 770 658 844 quaerit.

515 948 601 1004 19.
630 946 789 1005 Multi
816 944 1063 1001 videntur
1080 946 1247 1012 electi,
1282 952 1333 1001 et
1354 962 1466 1003 non
1486 954 1631 1003 sunt.
1653 978 1725 991 —
1754 948 1858 1005 Sed
1888 964 2050 1021 quae-

442 1035 676 1092 rendum
700 1032 860 1089 video
881 1033 1159 1106 quomodo
1189 1033 1493 1091 Behemoth
1523 1034 1647 1104 iste,
1679 1035 1869 1091 fenum
1902 1036 2049 1091 sicut

444 1137 544 1194 bos
573 1132 883 1200 comedens,
915 1132 1090 1190 vitam
1139 1134 1513 1206 spiritualium
1544 1153 1870 1194 consumere
1899 1137 2052 1195 dici-

446 1234 557 1294 tur,
586 1226 601 1260 ¹
623 1240 773 1291 cum,
801 1222 949 1279 sicut
974 1238 1140 1295 supra
1163 1222 1377 1280 dictum
1403 1234 1505 1293 est,
1537 1225 1651 1281 feni
1681 1227 1910 1283 nomine
1936 1227 2053 1282 vita

447 1312 750 1370 carnaliqu
779 1309 1114 1381 designatur.
1147 1312 1287 1368 Esca
1329 1327 1548 1385 quoque
1576 1313 1695 1386 ejus
1739 1316 1912 1372 electa
1934 1314 2049 1387 jam

448 1417 559 1458 non
580 1399 702 1467 erit,
739 1399 788 1455 si
816 1399 1006 1455 fenum
1034 1400 1330 1457 comedens
1355 1403 1633 1459 carnalem
1662 1404 1826 1476 rapit.
1850 1405 1957 1461 Sed
1982 1404 2051 1461 ad

448 1490 565 1547 haec
594 1489 759 1546 citius
777 1489 1038 1557 occurrit,
1071 1490 1201 1562 quia
1220 1492 1475 1547 nonnulli
1505 1492 1798 1549 hominum
1825 1502 1881 1550 et
1907 1494 2053 1567 apud

446 1582 621 1637 Deum
652 1580 838 1635 fenum
868 1587 1016 1647 sunt,
1046 1587 1101 1636 et
1127 1580 1273 1652 apud
1316 1581 1571 1638 homines
1601 1584 1914 1641 sanctitatis
1939 1602 2055 1641 no-

450 1670 599 1725 mine
627 1676 939 1736 censentur,
969 1685 1097 1724 cum
1125 1678 1179 1724 et
1206 1678 1334 1726 ante
1383 1670 1656 1729 humanos
1683 1672 1874 1729 oculos
1902 1673 2056 1729 aliud

450 1757 691 1813 ostendit
720 1757 856 1825 vita,
886 1764 941 1812 et
967 1765 1095 1813 ante
1140 1757 1337 1814 divina
1380 1758 1596 1829 judicia
1620 1761 1775 1818 aliud
1816 1761 2058 1817 intendit

452 1844 808 1903 conscientia.
844 1846 1032 1916 Itaque
1070 1845 1216 1917 apud
1232 1846 1475 1904 humana
1492 1847 1707 1919 judicia
1721 1850 1881 1905 electi
1897 1857 2052 1918 sunt,

452 1932 547 1991 sed
573 1932 717 2006 apud
740 1931 942 1989 subtile
970 1934 1195 1990 Domini
1220 1951 1453 1992 examen
1473 1936 1683 1993 fenum.
1706 1939 1794 1994 An
1814 1945 1940 1995 ante
1968 1938 2051 1994 di-

453 2024 614 2080 vinos
641 2023 830 2080 oculos
859 2022 987 2079 Saul
1035 2022 1227 2081 fenum
1274 2042 1388 2081 non
1416 2034 1553 2095 erat,
1584 2026 1653 2084 de
1692 2045 1801 2101 quo
1830 2028 2051 2086 Samuel

452 2111 721 2185 propheta
762 2114 965 2185 populo
1005 2113 1266 2171 dicebat:
1310 2116 1460 2173 Certe
1498 2116 1685 2172 videtis
1721 2133 1875 2187 quem
1902 2120 2054 2190 elegit

452 2201 712 2257 Dominus
741 2201 800 2273 (Ι
825 2203 949 2273 Reg.
984 2219 1044 2270 x,
1094 2202 1225 2276 24);
1258 2211 1312 2260 et
1353 2204 1420 2261 de
1449 2220 1558 2277 quo
1590 2205 1754 2276 paulo
1803 2206 2056 2278 superius

455 2287 661 2346 dicitur
691 2308 703 2345 :
736 2292 952 2346 Electus
977 2297 1026 2346 et
1052 2291 1216 2347 bonus
1234 2293 1446 2361 ?Quem
1467 2296 1617 2351 enim
1639 2311 1870 2367 peccans
1885 2314 2058 2369 popu-

455 2380 542 2436 lus
571 2380 791 2448 meruit,
816 2387 871 2435 et
887 2381 1032 2453 apud
1050 2384 1227 2438 Deum
1250 2383 1515 2456 reprobus
1534 2386 1771 2453 exstitit,
1797 2394 1850 2441 et
1868 2394 2056 2443 tamen

458 2484 743 2526 causarum
774 2469 969 2527 ordine
1009 2471 1216 2529 electus
1246 2480 1299 2528 et
1346 2472 1525 2530 bonus
1589 2474 1718 2530 fuit.
1754 2475 1895 2549 [Vet.
1927 2475 2055 2551 XL]

456 2558 597 2627 Quia
640 2560 803 2617 multi
849 2560 1060 2628 fenum,
1105 2570 1256 2630 sunt,
1288 2572 1344 2620 et
1378 2564 1581 2621 electos
1628 2581 1687 2621 se
1716 2583 1785 2621 ex
1817 2566 2062 2624 humana

458 2651 820 2707 aestimatione
849 2652 1221 2722 suspicantur,
1252 2652 1391 2709 bene
1423 2670 1518 2726 per
1532 2655 1880 2713 Salomonem
1912 2656 2064 2714 dici-

459 2746 552 2795 tur
582 2757 594 2795 :
636 2740 756 2797 Vidi
785 2739 971 2810 impios
998 2742 1248 2811 sepultos,
1277 2742 1371 2812 qui
1401 2744 1560 2798 etiam
1580 2744 1708 2799 dum
1735 2745 1906 2800 adhuc
1926 2746 2061 2802 vive-

460 2835 597 2896 rent,
638 2829 697 2883 in
741 2830 849 2885 loco
878 2836 1055 2883 sancto
1081 2836 1256 2895 erant,
1282 2836 1330 2885 et
1362 2832 1730 2887 laudadantur
1774 2833 1832 2888 in
1859 2835 2066 2892 civitate

466 2917 623 2987 quasi
640 2916 914 2987 justorum
939 2934 1158 2989 operum
1189 2919 1384 2991 (Eccle.
1421 2937 1544 2990 vm,
1579 2921 1694 2993 10).
1727 2922 1869 2991 Quia
1903 2924 2067 2980 multi

466 3004 652 3061 fenum
681 3013 828 3075 sunt,
860 3006 955 3062 sed
983 3013 1166 3063 tamen
1196 3010 1503 3066 sanctitatis
1529 3009 1717 3067 favore
1770 3013 2067 3083 vallantur,

466 3092 605 3150 bene
620 3094 843 3167 quidam
864 3094 1082 3168 sapiens
1102 3095 1333 3167 indicat,
1355 3096 1546 3154 dicens
1570 3117 1581 3154 :
1614 3101 1831 3167 Transi,
1858 3102 2068 3174 hospes,

469 3187 517 3238 et
545 3199 681 3239 orna
708 3200 942 3239 mensam
974 3185 1166 3256 (Eccli.
1185 3201 1348 3252 xxxx,
1378 3185 1495 3258 33).
1529 3187 1886 3245 Transeundo
1914 3206 2067 3246 nam-

469 3290 573 3348 que
602 3274 800 3347 hospes
829 3291 1022 3332 ornare
1052 3293 1297 3333 mensam
1328 3277 1552 3348 dicitur,
1576 3281 1706 3353 quia
1724 3282 1772 3338 si
1800 3282 1870 3339 ad
1896 3283 2066 3341 altare

467 3365 567 3422 Dei
597 3367 721 3439 quis
747 3354 977 3438 positus,
1012 3385 1108 3440 per
1134 3368 1280 3425 bona
1308 3387 1473 3443 opera
1519 3374 1754 3444 gloriam
1787 3377 2066 3448 propriam

467 3454 685 3527 quaerit,
704 3454 839 3510 etde
859 3458 1225 3514 ostentatione
1244 3461 1555 3517 sanctitatis
1571 3461 1688 3533 ejus
1704 3463 1825 3520 laus
1838 3465 2029 3524 altaris
2044 3469 2067 3503 ⁸

468 3540 805 3611 extenditur,
838 3551 893 3600 et
917 3543 1032 3616 ipse
1061 3554 1245 3603 tamen
1275 3548 1421 3622 apud
1441 3552 1615 3607 Deum
1646 3551 1704 3608 in
1730 3570 1963 3611 numero
1991 3556 2066 3612 ci-

468 3630 624 3686 vium
645 3647 756 3687 non
772 3630 1024 3691 habetur.
1049 3635 1191 3692 Aliis
1206 3635 1324 3709 ejus
1344 3639 1535 3711 opinio
1551 3640 1791 3713 proﬁcit,
1811 3652 1864 3701 et
1882 3653 2065 3703 tamen

468 3734 503 3775 a
546 3719 659 3775 Deo
713 3727 1006 3780 extraneos
1057 3724 1173 3797 ipse
1224 3728 1535 3798 pertransit.
1594 3730 1838 3787 Mensam
1884 3732 2069 3807 itaque

467 3809 803 3866 transeundo
830 3810 1131 3881 decoravit,
1158 3813 1286 3887 quia
1305 3822 1446 3872 stare
1478 3816 1545 3873 ad
1583 3834 1736 3876 sacra
1761 3821 1942 3877 noluit
1968 3822 2066 3895 qui

470 3911 567 3969 per
592 3912 755 3954 omne
782 3898 929 3973 quod
983 3918 1141 3974 agere
1195 3900 1411 3960 studuit
1458 3904 1528 3961 ad
1576 3904 1850 3964 humanas
1879 3908 2069 3967 laudes

470 3996 651 4045 mente
679 3987 941 4048 decurrit.
965 3991 1106 4060 Quia
1125 4008 1251 4066 ergo
1273 3995 1531 4052 nonnulli
1551 3996 1818 4054 mundam
1838 3999 2068 4072 quidem

470 4078 640 4134 vitam
670 4094 766 4152 per
792 4080 1039 4137 studium
1069 4081 1304 4150 ducunt,
1333 4084 1428 4142 sed
1455 4101 1524 4143 ex
1553 4084 1651 4142 illa
1681 4086 1835 4143 intus
1855 4088 2070 4161 placere

470 4183 581 4225 non
611 4176 892 4241 appetunt,
924 4180 1069 4228 recte
1089 4180 1144 4228 et
1169 4190 1292 4231 esca
1311 4172 1429 4246 ejus
1456 4175 1629 4233 electa
1651 4174 1879 4246 dicitur,
1909 4187 1964 4234 et
1990 4187 2067 4235 ta-

469 4271 597 4314 men
619 4255 809 4314 fenum
837 4258 981 4316 sicut
1008 4260 1109 4317 bos
1135 4261 1425 4319 comedere
1457 4262 1765 4320 Behemoth
1798 4264 1900 4323 iste
1933 4282 2069 4339 per-

470 4343 711 4404 hibetur.
730 4345 897 4414 Quasi
916 4349 1065 4403 enim
1082 4357 1207 4405 ante
1223 4366 1283 4406 os
1297 4349 1603 4407 Behemoth
1620 4350 1781 4409 istius
1798 4354 2065 4412 mundum

466 4432 658 4490 fenum
693 4434 753 4488 in
781 4440 926 4490 terra
948 4430 1116 4508 atque
1162 4436 1220 4492 in
1270 4436 1484 4495 inﬁmis
1517 4437 1682 4511 jacet,
1714 4458 1841 4498 cum
1869 4450 1924 4499 et
1953 4443 2068 4502 vita

472 4523 631 4595 quasi
658 4521 925 4579 innocens
968 4541 1065 4597 per
1094 4525 1480 4584 mandatorum
1523 4530 1831 4588 custodiam
1860 4534 2063 4606 agitur,

472 4618 528 4667 et
551 4617 738 4667 tamen
762 4610 909 4668 inter
934 4615 1204 4672 actionem
1226 4631 1347 4689 quae
1373 4616 1517 4678 bona
1538 4620 1847 4678 ostenditur
1873 4639 1969 4680 cor
1995 4624 2065 4681 ad
2098 4609 2147 4668 Ῑ)

471 4700 774 4773 appetenda
800 4702 1063 4760 sublimia
1089 4721 1201 4762 non
1221 4707 1492 4766 elevatur.
1525 4709 1671 4778 Quid
1698 4710 1883 4786 itaque
1912 4713 2065 4770 utili-

470 4792 601 4848 tatis
628 4792 741 4865 agit
783 4792 878 4866 qui
912 4793 970 4850 in
999 4811 1055 4850 se
1086 4798 1418 4856 munditiam
1448 4801 1577 4857 vitai
1607 4803 1866 4873 custodit,
1898 4804 1945 4861 si
1973 4822 2069 4878 per

471 4879 834 4938 intentionem
882 4883 1127 4942 inﬁmam
1159 4886 1218 4943 in
1245 4904 1341 4945 ore
1370 4889 1675 4947 Behemoth
1705 4892 1872 4966 hujus
1901 4893 2070 4951 inve-

470 4972 732 5030 niendum
762 4990 819 5031 se
848 4975 905 5030 in
936 4986 1081 5033 terra
1099 4977 1435 5052 derelinquit
1463 4980 1492 5037 7
1518 4981 1660 5050 Quia
1690 4982 1860 5055 igitur
1890 4986 2065 5044 omni-

470 5071 662 5135 potens
689 5065 835 5122 Deus
863 5065 1001 5139 quid
1030 5065 1207 5124 hostis
1256 5077 1443 5125 noster
1471 5077 1593 5143 agat
1623 5072 1887 5144 insinuat,
1920 5092 2070 5134 nunc

470 5152 747 5224 quomodo
793 5155 1086 5227 praevaleat
1130 5157 1455 5227 innotescat,
1505 5169 1567 5217 ut
1603 5161 1923 5222 calliditatis
1951 5165 2070 5237 ejus

472 5240 719 5312 nequitia
746 5257 856 5315 quo
882 5245 1124 5317 apertius
1144 5246 1514 5319 cognoscitur,
1534 5265 1598 5306 eo
1627 5249 1846 5311 facilius
1878 5262 2070 5320 1058

475 5346 780 5408 superetur.
802 5340 1064 5415 Sequitur
1086 5360 1099 5400 :

481 5562 827 5690 .ic‘utPratel.,
874 5566 997 5625 Val.
1032 5568 1138 5641 ει,
1190 5571 1431 5634 Vindoc.
1471 5580 1527 5634 et
1571 5571 1734 5636 Corb.
1780 5576 1991 5651 Germ,
2022 5581 2070 5638 ,ί

553 5708 576 5741 ³
605 5706 842 5777 Gemet.,
882 5710 1005 5768 Val.
1038 5714 1121 5771 Cl.
1148 5724 1203 5773 et
1232 5716 1396 5776 Corb.
1435 5719 1645 5796 Germ.,
1676 5727 1991 5785 ostenditur.

551 5778 571 5812 ³
605 5776 780 5833 Laud.
802 5790 854 5833 et
883 5781 1005 5833 Val-
1039 5785 1149 5833 CL-
1180 5790 1497 5833 magna"...

684 5777 780 5834 ud.
802 5790 854 5837 et
883 5781 1005 5841 Val.
1039 5785 1150 5855 CL,
1180 5777 1519 5858 sacriﬁcium.

1640 372 1890 437 SANC'I‘I
1923 375 2260 437 GREGORII
2297 374 2521 437 MAGNI

442 508 498 563 in
558 505 687 561 imis
722 521 908 563 secum
961 502 1186 576 respicit
1217 504 1531 561 voluntarie
1570 503 1773 575 jacere.
1826 504 2035 560 Fenum
2067 506 2119 566 Α

3646 377 3761 436 648

2571 502 2802 562 CAPUT
2830 502 2962 561 xxv
2998 500 3154 576 [Rea
3188 501 3317 577 XI].

2223 590 2395 648 Vsus.
2430 592 2515 647 11.
2537 621 2609 633 -
2635 591 2914 648 Fortitudo
2941 591 3057 661 ejus
3084 591 3141 645 in
3173 590 3363 646 lumbis
3390 591 3528 663 ejus,
3559 597 3610 646 et
3634 590 3764 646 cir-

2156 682 2238 733 ιω
2271 679 2422 734 illius
2447 680 2506 733 in
2524 679 2768 734 umbilico
2792 679 2991 733 ventris
3018 678 3152 751 ejus.

2226 766 2315 823 20.
2349 767 2609 823 Diabolus
2631 785 2731 839 per
2761 767 3034 823 luxuriam
3063 767 3275 838 utrique
3303 766 3578 823 hominum
3606 768 3771 823 sexui

2150 857 2462 929 plerumque
2492 857 2839 913 dominatur.
2877 889 2937 900 -
2968 856 3276 915 Seminaria
3300 858 3483 914 coitus
3530 857 3673 914 viris
3705 858 3768 914 in

2158 944 2362 1001 lumbis
2386 962 2520 1014 esse,
2544 946 2722 1002 inesse
2751 955 2929 1002 autem
2975 947 3201 1003 feminis
3234 946 3292 1002 in
3325 945 3593 1003 umbilico
3626 963 3773 1019 per—

2160 1033 2399 1090 hibetur.
2421 1034 2562 1091 Hinc
2583 1044 2665 1091 est
2684 1035 2831 1092 enim
2854 1035 3001 1108 quod
3025 1035 3241 1092 Veritas
3260 1034 3553 1109 discipulis
3573 1035 3720 1093 dicit
3753 1053 3767 1091 :

2161 1130 2279 1186 Sint
2300 1131 2463 1186 lumbi
2477 1131 2919 1204 uestriprwciucti
2937 1132 3092 1202 (Luc.
3109 1147 3212 1201 xu,
3235 1130 3352 1203 35).
3379 1131 3521 1187 Hinc
3541 1132 3770 1198 Petrus,

2160 1234 2286 1275 cum
2317 1219 2593 1275 luxuriam
2624 1236 2657 1275 a
2682 1218 2845 1277 corde
2874 1220 3248 1292 restringeret,
3279 1218 3634 1287 admouebat,
3666 1217 3777 1274 di-

2160 1324 2288 1364 cens
2321 1325 2333 1364 :
2366 1310 2624 1365 Succincti
2655 1311 2856 1365 lumbos
2889 1310 3073 1364 mentis
3112 1315 3299 1364 vestra:
3324 1311 3390 1380 (I
3415 1311 3531 1366 Pet.
3564 1328 3606 1378 ι,
3643 1309 3771 1379 t3).

2163 1397 2305 1452 Hinc
2333 1398 2535 1453 Paulus
2555 1415 2678 1453 cum
2709 1415 2804 1470 per
2830 1398 3066 1455 Abrahae
3095 1398 3428 1454 sacriﬁcium
3459 1397 3779 1454 Melchise-

2161 1485 2300 1541 dech
2318 1494 2561 1558 tempore
2586 1487 2719 1542 Levi
2741 1489 2761 1522 ³
2780 1488 3149 1544 sacerdotium
3171 1487 3381 1544 diceret
3396 1486 3774 1556 decimatum,

2163 1574 2259 1630 ubi
2287 1583 2420 1632 tunc
2449 1576 2506 1631 iu
2536 1575 2773 1632 Abrahae
2792 1593 3020 1650 corpore
3052 1577 3187 1634 Levi
3217 1578 3413 1633 lateret
3442 1578 3775 1648 ostendens,

2163 1663 2240 1717 ait
2264 1680 2276 1718 :
2308 1664 2496 1719 Adhuc
2521 1666 2659 1719 enim
2678 1665 2735 1719 in
2758 1667 2947 1721 lumbis
2969 1667 3146 1738 patris
3164 1672 3283 1722 erat
3304 1667 3497 1737 (Hebr.
3519 1684 3626 1737 vn,
3652 1668 3775 1740 10).

2165 1751 2305 1819 Quia
2332 1769 2464 1809 vero
2492 1753 2854 1809 seminarium
2886 1754 3127 1811 luxuriae
3146 1754 3373 1812 feminis
3402 1754 3463 1811 in
3495 1757 3781 1813 umbilico

2163 1842 2480 1898 continetur
2509 1843 2773 1915 propheta
2792 1851 3042 1913 testatur,
3065 1844 3183 1917 qui,
3213 1843 3318 1901 sub
3343 1844 3527 1917 specie
3546 1844 3780 1902 femina:

2162 1932 2490 2001 prostitutae,
2530 1931 2733 1989 Iudaeae
2781 1932 3143 2005 petulantiam
3190 1933 3503 2007 increpans,
3531 1934 3613 1991 ait
3646 1953 3659 1991 :
3711 1936 3783 1992 In

2159 2020 2243 2076 die
2271 2027 2420 2077 ortus
2452 2021 2529 2076 tui
2549 2038 2655 2077 non
2699 2030 2774 2077 est
2794 2024 3053 2095 prwcisus
3082 2022 3361 2079 umbilicus
3391 2030 3512 2079 tuus
3539 2025 3780 2095 (Ezeclt.

2161 2126 2281 2178 xvr,
2313 2110 2392 2183 4).
2422 2112 2484 2168 In
2513 2110 2602 2169 die
2623 2112 2826 2185 quippe
2842 2122 2997 2169 ortus
3015 2112 3347 2170 umbilicum
3367 2114 3670 2187 praecidere
3691 2125 3787 2173 est

2162 2200 2541 2257 conversionis
2559 2207 2803 2273 tempore
2823 2203 3005 2258 carnis
3026 2202 3309 2259 luxuriam
3330 2219 3595 2260 resecare.
3631 2203 3785 2272 Quia

2163 2288 2313 2343 enim
2345 2288 2572 2345 diﬂicile
2614 2298 2697 2346 est
2732 2291 2873 2347 male
2902 2290 3163 2348 inchoata
3190 2293 3485 2364 corrigam,
3517 2299 3574 2348 et
3604 2293 3784 2349 semel

2165 2376 2401 2432 formato
2428 2376 2751 2435 deformiter
2771 2379 2828 2435 in
2860 2380 3058 2437 melius
3081 2381 3399 2450 reformare,
3423 2380 3493 2437 de
3514 2389 3648 2438 ortu
3677 2398 3786 2439 suo

2165 2464 2352 2521 Iudaea
2380 2465 2823 2538 reprehenditur,
2846 2484 2967 2543 quae
2986 2469 3119 2525 dum
3138 2470 3196 2526 in
3226 2471 3341 2526 Deo
3386 2480 3517 2528 nata
3547 2478 3654 2539 est,
3681 2471 3788 2528 im-

2168 2556 2455 2627 przecisum
2503 2556 2774 2614 ubilicum
2829 2559 3079 2628 retinuit,
3139 2560 3269 2633 quia
3330 2559 3482 2617 fluxa
3534 2560 3787 2619 luxuriae

2170 2661 2281 2700 non
2309 2645 2563 2703 abscidit.
2588 2646 2730 2715 Quia
2750 2648 2920 2721 igitur
2938 2658 3209 2721 potestate
3224 2650 3437 2707 diaboli
3480 2651 3789 2726 utriusque

2171 2734 2385 2806 generis
2413 2751 2579 2793 sexus
2608 2736 2768 2794 valde
2797 2754 2865 2794 ex
2910 2740 3148 2796 luxuria:
3181 2740 3507 2797 inﬁrmitate
3534 2741 3788 2800 subster-

2172 2825 2345 2891 nitur,
2377 2834 2431 2881 et
2459 2826 2733 2883 fortitudo
2761 2826 2879 2899 ejus
2916 2829 2977 2885 in
3003 2829 3212 2886 lumbis
3250 2840 3444 2887 contra
3473 2835 3787 2904 masculos,

2174 2920 2229 2969 et
2256 2915 2434 2971 virtus
2470 2914 2622 2971 illius
2649 2924 2841 2974 contra
2870 2916 3106 2975 feminas
3130 2918 3190 2975 in
3220 2921 3492 2979 umbilico
3518 2923 3786 2995 perbibe-

2176 3012 2287 3059 tur.

2250 3092 2388 3167 [νει.
2417 3096 2533 3153 XII
2535 3093 2576 3171 .]
2607 3097 2696 3154 21.
2729 3097 2964 3169 Spiritus
2990 3100 3289 3173 superbiam
3315 3102 3462 3175 sequi
3480 3105 3617 3161 solet
3651 3123 3787 3164 car-

2177 3184 2261 3238 nis
2289 3186 2580 3257 corruptio.
2626 3217 2681 3230 —
2717 3188 2823 3244 Sed
2850 3206 2951 3247 cur
2976 3207 3103 3248 cum
3133 3191 3438 3250 Behemoth
3479 3194 3653 3252 istum
3685 3196 3790 3256 fe-

2177 3288 2311 3328 num
2338 3275 2622 3331 comedere
2652 3276 2861 3347 intulit,
2895 3279 3073 3351 prima
3099 3279 3438 3354 deceptionis
3467 3281 3589 3355 ejus
3603 3301 3790 3358 argu-

2178 3369 2363 3419 menta
2391 3364 2626 3422 luxuria
2654 3365 2856 3423 damna
2883 3368 3194 3441 subjunxit,
3226 3372 3335 3428 nisi
3378 3372 3526 3446 quod
3559 3374 3790 3448 liquido

2178 3454 2437 3513 omnibus
2466 3466 2614 3529 patet
2641 3459 2772 3533 quia
2802 3471 3091 3535 postquam
3122 3465 3290 3522 semel
3336 3465 3586 3526 hominis
3615 3470 3790 3542 spiri-

2179 3551 2299 3600 tum
2330 3547 2352 3580 ‘
2394 3546 2646 3619 superbia
2690 3551 2918 3622 ceperit,
2967 3570 3099 3609 mox
3145 3570 3204 3611 se
3249 3555 3319 3613 ad
3357 3558 3790 3630 corruptionem

2178 3634 2359 3691 carnis
2385 3637 2637 3694 extendit
2666 3641 2694 3695 Ῡ
2736 3640 2894 3707 Quod
2941 3641 2999 3698 in
3042 3643 3177 3717 ipsis
3205 3662 3422 3720 quoque
3451 3645 3794 3707 hominibus

2180 3726 2374 3797 primis
2402 3731 2771 3801 agnoscimus,
2802 3734 2919 3806 qui,
2964 3733 3098 3791 dum
3136 3745 3260 3809 post
3287 3747 3656 3811 perpetratam
3693 3758 3792 3799 su-

2180 3815 2426 3885 perbiam
2454 3819 2710 3889 pudenda
2738 3821 2985 3879 membra
3009 3831 3328 3898 contegunt,
3362 3835 3614 3900 patenter
3632 3830 3794 3888 indi-

2179 3916 2375 3963 carunt
2395 3908 2525 3980 quia
2543 3919 2835 3984 postquam
2855 3912 3001 3984 apud
3017 3917 3340 3989 semetipsos
3358 3917 3511 3977 intus
3533 3921 3792 3994 arripere

2180 3994 2291 4051 alta
2325 3998 2509 4055 conati
2547 4007 2694 4069 sunt,
2746 4018 2878 4058 mox
2920 4003 2980 4060 in
3035 4021 3199 4063 carne
3227 4007 3367 4064 foris
3405 4009 3794 4070 erubescenda

2179 4087 2526 4157 pertulerunt
2556 4088 2765 4161 (Genes.
2796 4108 2881 4161 III,
2912 4093 2989 4166 7).
3013 4094 3319 4154 Behemoth
3347 4098 3532 4173 itaque
3563 4100 3671 4159 iste
3699 4103 3792 4161 ία-

2179 4173 2509 4233 satiabiliter
2536 4179 2787 4250 saeviens,
2807 4190 2862 4239 et
2892 4180 3157 4241 devorare
3185 4194 3363 4245 totum
3393 4189 3562 4245 simul
3587 4190 3793 4248 homi-

2180 4256 2305 4321 nem
2339 4282 2609 4340 quaerens,
2642 4270 2807 4328 modo
2855 4272 2916 4329 in
2954 4275 3268 4347 superbiam
3317 4287 3559 4336 mentem
3590 4282 3790 4355 erigit,

2179 4356 2344 4412 modo
2388 4374 2607 4416 carnem
2655 4362 2891 4420 luxurias
2935 4365 3217 4439 voluptate
3262 4370 3587 4443 corrumpit.
3633 4371 3793 4430 Bene

2177 4451 2359 4502 autem
2389 4463 2733 4523 nequaquam
2761 4451 3029 4511 fortitudo
3053 4454 3172 4527 ejus
3200 4457 3260 4514 in
3287 4457 3495 4516 lumbis
3522 4461 3616 4518 vel
3644 4478 3792 4520 um-

2176 4534 2345 4592 bilico
2359 4552 2549 4594 eorum
2567 4538 2772 4597 dicitur
2790 4542 2886 4616 qui
2908 4553 3350 4616 prosternuntur,
3372 4547 3489 4618 sed,
3511 4549 3789 4621 fortitudo

2175 4624 2287 4697 ejus
2318 4626 2374 4682 in
2405 4629 2593 4686 lumbis
2622 4632 2756 4703 ejus,
2785 4640 2832 4689 et
2851 4634 3021 4690 virtus
3050 4634 3200 4692 illius
3228 4655 3285 4693 in
3301 4638 3548 4696 umbilico
3576 4647 3792 4701 uentris

2174 4714 2307 4786 ejus.
2338 4718 2419 4776 Ac
2443 4720 2492 4776 si
2520 4730 2705 4793 aperte
2729 4722 3041 4781 diceretur:
3075 4726 3368 4784 Fortitudo
3395 4728 3515 4801 ejus
3543 4731 3604 4788 in
3636 4733 3790 4791 lum-

2175 4805 2261 4863 bis
2289 4808 2425 4878 suis,
2455 4819 2510 4867 ct
2538 4810 2715 4868 virtus
2746 4812 2899 4870 illius
2912 4813 2973 4870 in
2993 4814 3262 4874 umbilico
3279 4819 3490 4876 ventris
3509 4822 3622 4891 sui,
3645 4826 3786 4896 quia

2176 4897 2441 4955 nimirum
2470 4897 2589 4972 ejus
2618 4903 2837 4975 proprie
2864 4920 3064 4977 corpus
3106 4904 3271 4976 ﬁunt,
3302 4908 3422 4982 qui,
3451 4915 3790 4984 suggestio-

2175 5004 2308 5045 num
2341 4991 2589 5063 turpium
2615 4992 3011 5052 blandimentis
3038 4996 3274 5071 decepti,
3313 5001 3365 5058 ei
3396 5017 3493 5075 per
3538 5004 3787 5066 luxurias

2176 5080 2330 5139 ﬂuxa
2364 5085 2755 5144 succumbunt.
2789 5088 3053 5161 Sequitur
3085 5109 3097 5147 :

2618 5174 2846 5234 CAPUT
2876 5179 2982 5236 XV
3018 5178 3145 5254 [Rec
3169 5183 3330 5259 XII].

2250 5258 2422 5320 Vsus.
2455 5262 2541 5321 12.
2568 5294 2639 5306 -
2659 5267 2887 5338 Stringit
2910 5271 3134 5326 caudam
3176 5258 3330 5329 suam
3358 5274 3516 5346 quasi
3544 5276 3782 5335 cedrum.

2248 5350 2336 5410 22.
2367 5351 2627 5411 Diabolus
2645 5354 2829 5414 divina
2846 5364 3104 5431 potestate
3127 5362 3345 5435 ligatus,
3366 5364 3497 5421 olim
3524 5366 3784 5439 solvetur,

2249 5583 2271 5668 ξ
2300 5582 2738 5668 Deest_superbia
2770 5588 2829 5648 in
2857 5589 3067 5668 Laud,
3091 5591 3260 5668 duob.
3303 5591 3519 5668 Germ.,
3551 5595 3782 5658 Ebroic.

2177 5658 2727 5747 aliisqueNorImanq
2760 5672 2813 5747 et
2833 5664 2914 5747 sic
3032 5658 3340 5747 Behemoth
3371 5658 3617 5747 refertur
3636 5670 3784 5747 quod

2177 5676 2410 5787 auis‘que
2442 5676 2727 5732 normam,
2760 5676 2813 5719 et
2833 5682 2914 5722 διο
2942 5676 3011 5721 an
3032 5676 3340 5722 Behemoth
3371 5676 3617 5729 refertur
3636 5676 3777 5747 quod

2177 5728 2269 5817 hic
2342 5733 2515 5817 icitur.
2532 5732 2599 5790 de
2628 5734 2914 5817 superbia.
2933 5736 3158 5817 Ebrqic.
3182 5737 3390 5817 aliique
3419 5741 3643 5813 Norm.,
3678 5760 3777 5816 pro

2175 5802 2248 5859 ad
2274 5802 2923 5891 corruptionem—habent
2946 5809 3019 5864 ad
3036 5802 3385 5869 obrutioném.
