3936 6412
99 341 200 395 649

883 341 1256 399 MOBALIUM
1291 344 1426 399 LIB.
1469 344 1704 402 XXXII.
1745 377 1815 388 —
1853 348 1925 404 IN
1965 346 2192 406 CAPUT
2229 351 2326 407 XL
2364 353 2428 408 B.
2469 353 2610 409 JOB.

3310 358 3418 416 650

99 475 142 522 et
163 483 267 539 per
285 465 672 520 Antichristum
687 467 856 520 multa
874 467 1023 537 signa
1043 466 1219 536 faciet.
1250 499 1321 510 —
1347 465 1520 526 Multa
1535 470 1591 524 in
1605 470 1694 526 his
1721 478 1744 536 Α

1865 493 2016 545 agna,
2049 477 2224 546 qualis
2255 478 2276 512 ⁶
2305 493 2412 531 ηοη
2439 477 2546 546 fuit
2563 479 2629 533 ab
2659 479 2812 534 initio
2841 483 3028 537 mundi
3047 499 3209 555 usque
3226 485 3410 550 modo,

104 560 118 593 ι
162 563 488 629 suppetunt,
531 571 651 628 quae
679 555 1016 612 instruendis
1043 558 1291 615 moribus
1321 559 1698 632 proferantur;

99 645 194 702 sed
237 645 392 717 prius
435 643 742 700 Behemoth
788 644 951 700 istius
978 645 1223 704 violenta
1263 647 1612 715 discutimus,
1644 659 1708 707 ut

101 742 226 808 post
258 735 525 792 subtilius
555 741 737 792 astuta
774 733 1108 806 detegamus.
1152 737 1213 792 In
1243 737 1524 809 Scriptura
1553 755 1708 795 sacra

99 827 252 885 cedri
299 826 528 884 nomine
557 827 857 900 aliquando
905 829 1015 884 alta
1033 829 1362 885 excellentia
1395 828 1582 900 gloriae
1603 847 1707 886 coe-

102 918 258 976 lestis
301 918 655 990 exprimitur,
679 917 976 991 aliquando
996 926 1178 974 autem
1205 935 1504 990 pravorum
1535 919 1713 991 rigida

103 1010 270 1068 elatio
295 1008 638 1080 designatur.
671 1006 832 1064 Cedri
862 1009 1087 1064 nomine
1125 1009 1360 1064 caelestis
1380 1008 1566 1080 gloriae
1595 1010 1716 1065 cel-

103 1101 292 1158 situdo
341 1101 696 1173 exprimitur,
728 1099 872 1156 sicut
918 1100 1206 1158 Psalmista
1231 1109 1500 1157 testatur:
1533 1101 1717 1156 Justus

103 1197 162 1246 ut
187 1191 377 1260 palma
411 1187 636 1260 ﬂorebit.
671 1189 805 1243 sicut
845 1189 1029 1245 cedrus
1059 1189 1248 1244 Libani
1275 1189 1720 1260 multiplicabitur

106 1282 266 1352 (Psal
293 1297 412 1348 xcr,
435 1280 551 1350 i3).
585 1277 750 1336 Cedri
781 1295 972 1336 rursus
1013 1280 1238 1336 nomine
1267 1279 1501 1352 superba
1529 1295 1722 1352 pravo-

105 1386 231 1426 rum
257 1368 507 1442 potentia
533 1368 871 1441 designatur,
909 1370 1052 1425 sicut
1084 1385 1180 1442 per
1199 1369 1454 1425 eumdem
1483 1368 1724 1440 Prophe-

103 1469 219 1517 tam
244 1461 482 1518 dicitur:
525 1461 635 1519 νοω
663 1460 883 1517 Domini
910 1460 1293 1531 confringentis
1323 1459 1503 1514 cedros
1531 1459 1722 1530 (Psal.

110 1567 320 1607 xxvm.
355 1551 436 1624 5).
481 1549 628 1617 Quid
657 1557 844 1606 autem
873 1548 1048 1606 cauda
1067 1547 1372 1604 Behemoth
1403 1547 1584 1618 istius,
1617 1549 1728 1606 nisi

111 1641 212 1698 illa
242 1639 488 1712 antiquis
508 1637 685 1696 hostis
713 1639 1034 1696 extremitas
1055 1638 1262 1694 dicitur
1282 1657 1296 1705 ;
1315 1655 1442 1694 cum
1463 1637 1730 1694 nimirum

117 1746 218 1787 vas
246 1729 535 1803 proprium
565 1729 725 1785 illum
754 1728 1032 1801 perditum
1082 1727 1375 1784 hominum
1414 1733 1605 1791 1059
1636 1727 1735 1784 in-

1813 581 1976 634 neque
2003 565 2092 637 ﬁet
2121 564 2334 638 (Matth.
2368 583 2527 636 xxxv,
2560 567 2677 638 21).
2712 568 2854 625 Hinc
2894 587 3113 627 rursum
3139 573 3254 629 ait:
3296 574 3424 631 Nisi

1817 653 2037 710 breviati
2056 654 2280 724 fuissent
2309 656 2418 711 dies
2451 656 2555 722 illi,
2585 673 2693 711 non
2720 658 2867 728 ﬁeret
2894 662 3050 716 salva
3078 664 3250 718 omnis
3291 680 3421 718 caro

1823 744 2009 816 (Ibid.,
2040 744 2154 817 22).
2201 746 2343 814 Quia
2372 745 2520 802 enim
2550 754 2603 802 et
2643 747 2912 819 superbos
2948 765 3046 804 nos
3085 757 3138 806 et
3173 750 3424 808 inﬁrmos

1819 839 2090 895 Dominus
2119 838 2410 910 conspicit,
2443 837 2560 894 dies
2589 853 2726 910 quos
2755 837 3110 912 singulariter
3141 841 3316 896 malos
3347 841 3426 895 in-

1823 931 1952 986 tulit
1983 927 2414 985 misericorditer
2431 927 2711 984 breviatos
2733 927 2892 997 dicit,
2912 929 3160 1000 profecto
3183 937 3237 986 et
3263 938 3324 988 ut
3343 946 3430 985 su-

1824 1019 2068 1094 perbiam
2100 1026 2304 1075 terreat
2330 1017 2396 1073 de
2422 1017 2753 1073 adversitate
2775 1018 3068 1091 temporis,
3103 1026 3157 1076 et
3184 1018 3426 1076 inﬁrmi-

1830 1119 1996 1167 totem
2031 1111 2276 1167 refoveat
2304 1109 2372 1165 de
2391 1109 2662 1166 brevitate
2693 1110 2713 1143 ⁷
2745 1107 2984 1166 dierum.

1901 1200 2041 1276 [Vet.
2077 1199 2265 1274 XIII.]
2298 1199 2386 1256 24.
2419 1201 2510 1255 Ex
2543 1197 2704 1270 signis
2732 1216 2848 1271 quae
2873 1199 3036 1270 faciet
3049 1201 3177 1272 plus
3197 1205 3439 1256 metuen-

1832 1292 1950 1360 dus,
1980 1309 2142 1363 quant
2175 1309 2240 1346 ea:
2272 1290 2442 1363 plenis
2462 1306 2596 1360 quas
2641 1290 2970 1362 martyribus
2999 1291 3202 1349 intulit.
3234 1324 3306 1335 —
3331 1292 3439 1350 Sed

1835 1380 2296 1440 considerandum
2326 1380 2485 1436 valde
2515 1389 2618 1449 est,
2657 1397 2784 1437 cum
2814 1381 3120 1440 Behemoth
3164 1383 3266 1440 iste
3299 1400 3441 1441 cau—

1836 1471 1961 1528 dam
1993 1488 2146 1528 suam
2177 1471 2320 1528 sicut
2342 1470 2567 1528 cedrum
2598 1470 2872 1536 sublevat,
2904 1470 2962 1527 in
2992 1488 3102 1546 quo
3141 1479 3276 1530 tunc
3297 1480 3442 1530 atro-

1838 1562 1954 1618 cior
1975 1577 2139 1635 quam
2160 1578 2309 1617 nunc
2329 1577 2384 1617 se
2398 1559 2575 1616 exerit
2593 1569 2798 1633 surgat.
2824 1562 2957 1630 Quae
2979 1563 3130 1619 enim
3153 1580 3443 1636 poenarum

1841 1669 2038 1726 genera
2069 1652 2089 1686 ³
2139 1651 2423 1719 novimus,
2476 1667 2597 1724 quae
2627 1665 2740 1706 non
2791 1649 2910 1722 jam
2956 1653 3102 1709 vires
3131 1663 3442 1726 martyrum

1843 1743 2150 1801 exercuisse
2173 1739 2519 1814 gaudemus?
2549 1741 2704 1796 Alios
2732 1756 2969 1814 namque
2993 1742 3296 1814 improviso
3329 1743 3446 1798 ictu

107 1827 378 1902 greditur,
415 1827 511 1902 qui
539 1827 848 1901 specialiter
893 1826 1273 1884 Antichristus
1317 1829 1716 1898 nuncupatur?
1745 1843 1792 1904 Β
1829 1840 2122 1897 immersus
2143 1831 2344 1904 jugulo
2362 1830 2576 1904 gladius
2607 1831 2827 1898 stravit,
2860 1831 3000 1886 alios
3030 1831 3214 1888 crucis
3235 1831 3450 1903 patibu-

107 1918 218 1986 Qui
247 1917 512 1991 quoniam
544 1916 708 1973 modo
756 1916 1062 1973 honoribus
1105 1917 1323 1986 saeculi,
1357 1915 1524 1972 modo
1558 1916 1732 1990 signis

107 2016 165 2063 et
206 2005 476 2078 prodigiis
525 2005 668 2062 ﬁctae
699 2005 1010 2063 sanctitatis
1057 2006 1112 2062 in
1143 2013 1420 2062 tumorem
1469 2006 1732 2078 potentiae

107 2095 318 2152 elevari
349 2095 714 2167 permittitur,
746 2102 894 2151 recte
911 2110 1045 2150 voce
1063 2093 1356 2152 Dominica
1383 2093 1558 2152 cauda
1579 2093 1734 2150 illius

107 2185 278 2242 cedro
305 2192 675 2257 comparatur.
699 2185 854 2242 Sicut
876 2183 1025 2240 enim
1054 2183 1251 2242 cedrus
1279 2184 1502 2240 arbusta
1537 2191 1734 2240 caetera

109 2275 172 2330 in
200 2275 378 2331 altum
435 2273 730 2332 crescendo
787 2274 1010 2344 deserit,
1043 2273 1123 2330 ita
1177 2281 1314 2331 tunc
1343 2273 1732 2330 Antichristus

106 2365 313 2424 mundi
333 2366 568 2438 gloriam
599 2366 974 2439 temporaliter
993 2367 1271 2434 obtinens,
1304 2381 1592 2422 mensuras
1623 2365 1734 2422 ho-

109 2455 332 2513 minum
363 2464 416 2512 et
445 2455 672 2513 honoris
714 2448 1017 2527 culmine,'
1043 2465 1096 2512 et
1127 2456 1412 2528 signorum
1459 2462 1731 2528 potestate

105 2545 488 2603 transcendet.
521 2547 760 2619 Spiritus
795 2545 996 2619 quippe
1027 2545 1083 2601 in
1114 2545 1213 2601 illo
1243 2553 1324 2602 est
1377 2546 1494 2618 qui,
1531 2545 1590 2600 in
1633 2561 1738 2602 su—

107 2640 384 2698 blimibus
415 2641 694 2710 conditus,
714 2641 1018 2714 potentiam
1049 2647 1258 2696 naturae
1285 2655 1398 2696 suae
1425 2655 1538 2694 non
1559 2637 1738 2711 perdi-

106 2730 196 2787 dit
225 2732 317 2787 vel
347 2729 610 2804 dejectus.
641 2729 814 2802 Cujus
856 2729 1064 2786 idcirco
1093 2729 1274 2785 virtus
1325 2745 1476 2785 nunc
1506 2728 1737 2783 minimc

115 2819 461 2888 ostenditur,
492 2819 621 2891 quia
650 2819 1059 2890 dispensatione
1088 2819 1109 2853 ²
1140 2818 1346 2873 divinae
1378 2816 1730 2872 fortitudinis

124 2911 350 2984 ligatur.
396 2909 552 2965 Unde
581 2925 676 2981 per
702 2909 970 2966 Joannem
1014 2909 1264 2965 dicitur:
1319 2909 1438 2968 Vidi
1485 2909 1738 2979 angelum

123 3001 512 3058 descendentem
550 3000 612 3054 de
648 3001 794 3066 caelo,
827 2999 1095 3054 habentem
1115 3001 1313 3054 clavem
1351 2997 1549 3068 abyssi,
1575 3003 1623 3051 et
1659 3014 1744 3051 ca-

1842 1927 1957 1983 lum
1985 1922 2184 1990 aiﬁxit,
2216 1921 2274 1976 in
2305 1937 2414 1994 quo
2443 1929 2498 1978 et
2539 1937 2687 1976 mors
2717 1927 3018 1992 provocata
3047 1919 3357 1992 repellitur,
3395 1925 3450 1974 et

1841 2015 2060 2088 repulsa
2084 2018 2436 2086 provocatur.
2460 2009 2616 2067 Alios
2649 2010 2883 2067 hirsutis
2921 2025 3073 2066 serra
3090 2009 3350 2065 dentibus
3373 2016 3453 2065 at-

1842 2104 2021 2172 trivit,
2053 2103 2192 2159 alios
2223 2109 2435 2157 armata
2471 2099 2619 2155 ferro
2654 2099 2936 2156 insulcans
2959 2099 3203 2172 ungula9
3225 2098 3450 2170 carpsit,

1835 2187 1981 2250 alios
2007 2191 2255 2248 belluina
2284 2189 2460 2245 rabies
2482 2188 2758 2244 morsibus
2792 2187 3174 2245 detruncando
3209 2187 3456 2244 commi-

1843 2284 1988 2353 nuit,
2021 2282 2159 2338 alios
2185 2281 2254 2338 ab
2285 2279 2498 2336 intimis
2527 2279 2803 2336 viscerum
2818 2295 2915 2351 per
2932 2286 3116 2336 cutem
3147 2293 3334 2351 pressa
3368 2276 3458 2333 vis

1845 2373 2139 2430 verberum
2159 2369 2329 2442 rupit,
2363 2368 2502 2425 alios
2529 2368 2728 2424 effossa
2745 2376 2894 2426 terra
2921 2367 3178 2423 viventes
3206 2365 3455 2439 operuit,

1848 2463 1896 2498 ¹⁰
1927 2461 2064 2519 alios
2093 2460 2152 2516 in
2197 2459 2370 2514 altum
2417 2458 2696 2514 demersos
2725 2458 2783 2512 in
2828 2464 3061 2514 mortem
3085 2456 3458 2528 praecipitium

1848 2551 2030 2624 fregit,
2067 2549 2206 2605 alios
2227 2548 2284 2604 in
2315 2564 2373 2604 se
2393 2545 2667 2620 projectos
2697 2561 2839 2620 aqua
2859 2546 3120 2618 replendo
3150 2545 3458 2612 absorbuit,

1849 2641 1988 2698 alios
2017 2639 2160 2696 edax
2205 2637 2428 2693 ﬂamma
2471 2653 2646 2710 usque
2693 2635 2764 2692 ad
2792 2635 3006 2692 cineres
3047 2635 3274 2708 depasta
3318 2650 3462 2690 con—

1849 2732 2104 2802 sumpsit.
2143 2727 2281 2785 Cum
2310 2726 2481 2800 igitur
2509 2727 2714 2782 Behem
2726 2724 2942 2783 othiste
2958 2725 3188 2781 caudam
3218 2740 3374 2780 suam
3404 2723 3463 2778 in

1851 2821 1960 2876 line
1991 2816 2186 2873 mundi
2209 2817 2444 2888 nequius
2465 2815 2680 2882 dilatat,
2714 2813 2849 2886 quid
2869 2822 2954 2870 est
2973 2813 3120 2887 quod
3147 2813 3208 2869 in
3237 2812 3327 2868 his
3353 2820 3464 2868 tor-

1852 2908 2054 2964 mentis
2088 2911 2280 2969 1060
2310 2912 2444 2961 tunc
2493 2905 2732 2960 atrocius
2762 2913 2990 2972 crescat,
3022 2903 3131 2958 nisi
3179 2902 3287 2959 hoc
3316 2902 3465 2976 quod

1854 3009 1913 3064 in
1945 3003 2250 3077 Evangelio
2289 3001 2510 3058 Veritas
2531 3017 2626 3072 per
2640 2999 2990 3072 semetipsam
3020 2997 3194 3054 dicit:
3233 2998 3468 3066 Surge»;

117 3100 302 3149 tenam
332 3105 575 3161 magnam
606 3089 663 3142 in
684 3105 845 3144 manu
869 3105 965 3143 sua
989 3106 1008 3153 ;
1040 3094 1086 3142 et
1105 3086 1449 3159 apprehendit
1469 3087 1744 3142 draconem

1865 3095 2238 3174 pseudochristi
2261 3099 2310 3151 et
2331 3092 2816 3165 pseudoprophette;
2849 3096 2897 3146 et
2931 3088 3131 3145 dabunt
3159 3087 3314 3174 signa
3354 3101 3466 3174 mas

119 3186 418 3254 serpentem
462 3179 763 3248 antiquum,
802 3178 896 3248 qui
931 3183 1005 3232 est
1037 3177 1280 3232 diabolus
1323 3183 1369 3231 et
1415 3177 1670 3241 Satanas,
1701 3180 1744 3229 et

1865 3211 1958 3265 qna
1988 3197 2034 3246 et
2057 3186 2348 3262 prodigia;
2377 3184 2454 3240 ita
2495 3189 2553 3238 ut
2572 3183 2628 3238 in
2657 3197 2894 3237 errorem
2932 3179 3238 3234 mittantur.
3270 3173 3317 3230 si
3349 3173 3470 3246 ﬁeri

117 3273 294 3346 igavit
312 3287 430 3326 eum
453 3287 553 3342 per
578 3286 747 3324 annos
777 3269 944 3336 mille,
975 3274 1023 3322 et
1058 3267 1202 3321 misit
1246 3283 1366 3320 eum
1403 3265 1462 3320 in
1491 3260 1746 3337 abyssum
1779 3260 1822 3278 υ
1852 3260 2231 3353 gamma”
2259 3275 2406 3332 ειεειί
2439 3273 2652 3346 (Matth.
2687 3287 2849 3338 XXIV,
2881 3267 3026 3340 21,)?
3055 3265 3215 3323 Nunc
3242 3263 3390 3319 enim
3408 3260 3468 3317 ﬁ.

121 3371 177 3420 et
195 3363 393 3419 clausit
419 3367 470 3417 et
493 3361 722 3432 signavit
743 3377 902 3432 super
929 3376 1047 3414 eum
1104 3359 1296 3430 (Apoc,
1328 3375 1429 3427 xx,
1464 3359 1516 3426 1,
1549 3357 1605 3425 2,
1642 3356 1746 3429 3,).

123 3453 365 3527 Ligatus
379 3453 582 3528 quippe
613 3455 634 3489 ³
656 3452 856 3508 missus
887 3451 946 3506 in
967 3450 1231 3524 abyssum
1250 3448 1596 3523 perhibetur,
1621 3447 1752 3522 quia

124 3555 384 3602 retrusus
411 3545 470 3600 in
501 3559 796 3616 pravorum
817 3541 1098 3610 cordibus,
1133 3541 1379 3614 potentia
1402 3539 1610 3596 divinae
1641 3537 1750 3594 dis—

124 3633 478 3710 pensationis
525 3632 869 3704 astringitur,
893 3647 960 3687 ne
991 3631 1050 3686 in
1065 3637 1336 3704 quantum
1366 3645 1566 3686 nocere
1602 3628 1752 3684 valet

129 3726 459 3795 effrenetur,
489 3721 843 3798 utiquamvis
888 3737 985 3795 per
1017 3737 1110 3777 eos
1157 3721 1373 3778 occulte
1421 3719 1633 3787 saeviat,
1683 3716 1752 3774 ad

128 3817 418 3872 violentas
468 3821 653 3870 tamen
700 3811 964 3885 rapinas‘
1013 3809 1282 3882 superbiae
1317 3825 1429 3864 non
1479 3815 1750 3880 erumpat.

130 3905 247 3962 Sed
269 3905 390 3962 illic
409 3903 687 3978 quomodo
708 3902 767 3959 in
786 3900 981 3958 mundi
999 3901 1107 3958 ﬁne
1129 3901 1201 3956 sit
1218 3898 1520 3956 solvendus
1538 3898 1758 3954 intima.

135 4005 252 4064 tur,
287 4009 414 4051 cum
461 3992 702 4050 dicitur:
755 3994 832 4050 Et
853 3997 1136 4064 postquam
1164 3984 1516 4046 consummati
1556 3988 1764 4060 fuerint

135 4085 293 4142 mille
319 4083 474 4152 anni,
504 4083 738 4139 solvetur
765 4087 920 4137 satan
948 4082 1010 4136 de
1038 4097 1244 4136 carcere
1299 4096 1416 4145 suo,
1447 4080 1468 4114 ⁵
1501 4083 1547 4133 et
1579 4075 1759 4145 exibit,

139 4179 191 4228 et
211 4171 420 4229 seducet
437 4175 607 4242 gentes
625 4169 776 4242 (Ibid
785 4213 820 4240 .,
841 4170 924 4243 7).
947 4168 1262 4227 Millenario
1278 4183 1515 4240 namque
1534 4181 1764 4222 numero

141 4263 479 4318 universum
499 4277 600 4333 pro
630 4259 970 4332 perfectione
1001 4274 1100 4315 sua
1128 4257 1236 4316 hoc
1265 4254 1674 4331 quantumlibet
1693 4253 1767 4310 sit

139 4350 415 4410 Ecclesiae
445 4357 647 4408 sanctas
691 4357 910 4422 tempus
961 4348 1318 4422 exprimitur.
1372 4346 1492 4414 Quo
1522 4351 1764 4418 peracto,

138 4442 415 4514 antiquus
435 4439 612 4496 hostis
639 4439 758 4496 suis
787 4437 1007 4494 viribus
1035 4435 1297 4505 traditus,
1337 4451 1512 4508 pauco
1543 4431 1767 4506 quidem

139 4534 205 4589 in
234 4540 508 4604 tempore,
541 4527 638 4587 sed
682 4530 742 4586 in
770 4529 949 4586 multa
973 4535 1167 4586 contra
1193 4543 1294 4583 nos
1341 4525 1572 4590 virtute,
1606 4523 1763 4578 laxa-

139 4630 263 4680 tur.

222 4732 316 4790 23.
340 4732 545 4802 Sceviet,
577 4729 666 4788 sed
693 4731 766 4788 ad
793 4729 942 4786 breve
974 4737 1194 4802 tempus.
1218 4757 1289 4770 ——
1314 4723 1488 4794 Quem
1517 4718 1773 4798 quamvis

145 4823 371 4882 saevitia
400 4823 468 4879 ad
511 4821 893 4880 crudelitatem
920 4821 1134 4888 dilatet,
1171 4833 1412 4890 superna
1440 4825 1622 4872 tamen
1653 4813 1772 4868 mi—

145 4912 460 4972 sericordia
486 4912 702 4969 dierum
749 4912 1025 4969 brevitate
1053 4915 1396 4980 coangustat.
1451 4905 1592 4960 Hinc
1622 4902 1772 4958 enim

149 5003 378 5062 Veritas
402 5019 498 5076 per
543 5002 895 5076 semetipsam
935 4999 1110 5057 dicit:
1150 4997 1282 5055 Erit
1336 5001 1458 5052 tunc
1488 4991 1770 5048 tribulatio

235 5205 252 5238 ί
288 5202 351 5260 In
383 5201 505 5260 Val.
539 5199 622 5259 Cl.
679 5200 904 5258 additur
933 5203 1218 5270 suppetunt
1265 5193 1326 5250 de
1353 5192 1566 5250 insidiis
1605 5186 1775 5247 Anti-

157 5275 376 5340 Christi,
409 5291 546 5345 quae,
579 5281 683 5330 etc.

233 5348 256 5382 ³
293 5339 470 5412 Editi,
495 5346 690 5400 divina:
707 5344 974 5416 potentiae,
995 5341 1144 5416 quod
1163 5339 1392 5396 minime
1415 5343 1780 5394 mutassemus

157 5419 276 5477 nisi
307 5433 500 5473 omnes
527 5418 655 5472 Mss.
701 5415 875 5471 nostri
904 5415 1228 5485 coegissent.

239 5493 262 5526 ³
309 5490 606 5546 Omittitur
631 5488 845 5554 missus,
880 5487 938 5541 in
968 5481 1141 5540 Laud.
1175 5491 1229 5538 et
1260 5482 1381 5540 Val.
1411 5481 1494 5540 CI.

239 5563 262 5598 ‘
305 5561 450 5618 Male
469 5561 526 5632 in
548 5561 686 5632 pler.
709 5558 915 5632 Editis,
937 5557 1192 5632 superbia
1207 5573 1315 5632 non
1333 5559 1586 5632 erumpet,
1610 5565 1786 5632 neque

163 5634 322 5692 enim
367 5632 462 5689 hic
489 5623 567 5688 de
605 5629 878 5696 superbiae
900 5623 1072 5696 'vitio,
1102 5625 1198 5683 sed
1227 5626 1294 5682 dc
1323 5623 1546 5682 diabolo
1578 5623 1782 5694 agitur.

163 5704 520 5766 Correctioni
563 5697 1116 5774 praeluxe1°unt__Mss.
1169 5697 1280 5774 duo
1327 5698 1535 5774 Germ?
1567 5697 1787 5757 Nomm,

164 5777 374 5844 Laud,
407 5776 530 5832 Val.
565 5769 649 5831 Cl.
683 5781 738 5828 et
767 5779 860 5827 vet
883 5769 1038 5844 Edit.
1070 5769 1242 5844 Paris.
1274 5785 1338 5827 ac
1367 5769 1534 5825 Basil.

237 5853 260 5884 ⁵
303 5841 519 5906 Gemet.
551 5853 606 5900 et
637 5845 826 5911 Corb.,
867 5843 1105 5899 Germ.et
1139 5841 1294 5896 exiet.

513 5944 754 6000 ernou.
799 5939 1051 6000 LXXVI.

1859 3370 2009 3428 deles
2037 3367 2215 3424 nostri
2245 3365 2386 3422 mira
2411 3363 2645 3429 faciunt,
2689 3376 2816 3417 cum
2853 3371 3110 3430 perversa
3138 3354 3465 3428 patiuntur;

1859 3469 1994 3518 tunc
2021 3466 2204 3516 autem
2253 3452 2560 3511 Behemoth
2603 3449 2772 3522 hujus
2815 3447 3103 3514 satellites,
3150 3445 3318 3500 etiam
3345 3455 3473 3498 cum

1863 3567 2121 3624 perversa
2151 3547 2422 3614 inferunt,
2445 3543 2587 3599 mira
2615 3537 2817 3598 facturi
2845 3544 2996 3595 sunt.
3019 3536 3320 3591 Pensemus
3347 3546 3474 3624 ergo

1865 3615 1986 3714 qua:
2011 3639 2116 3695 erit
2158 3636 2417 3693 humanas
2445 3631 2646 3689 mentis
2687 3628 2783 3684 illa
2813 3625 3070 3693 tentatio,
3095 3620 3317 3697 quando
3346 3615 3473 3692 pius

1867 3739 2078 3804 martyr
2107 3737 2160 3786 et
2189 3743 2387 3800 corpus
2427 3721 2722 3782 tormentis
2767 3715 3016 3790 subjicit,
3047 3721 3102 3771 et
3129 3719 3316 3769 tamen
3339 3715 3472 3804 ante

1867 3822 1988 3896 ejus
2015 3800 2207 3878 oculos
2232 3825 2408 3875 tortor
2436 3812 2704 3871 miracula
2744 3809 2900 3866 facit.
2935 3804 3106 3896 Cujus
3134 3811 3269 3860 tunc
3298 3800 3478 3896 virtus

1869 3887 1982 3968 non
2009 3911 2078 3968 ab
2107 3910 2228 3982 ipso
2252 3904 2654 3979 cogitationum
2675 3897 2850 3956 fundo
2871 3893 3175 3970 quatiatur,
3189 3887 3410 3982 quando
3425 3888 3474 3946 is

1871 4001 1968 4076 qui
1997 3980 2184 4072 ﬂagris
2205 3996 2419 4054 cruciat
2437 3990 2610 4065 signis
2639 3985 2936 4046 coruscat?
2962 3983 3191 4040 Dicatur
3212 3980 3381 4076 igitur
3396 3993 3478 4076 re-

1871 4066 1994 4150 cte:
2030 4066 2256 4160 Stringit
2281 4084 2507 4142 caudam
2526 4096 2676 4137 suam
2703 4075 2860 4150 quasi
2886 4073 3117 4141 cedrum,
3149 4069 3280 4144 quia
3314 4066 3478 4160 nimi-

1874 4201 1998 4241 rum
2028 4189 2083 4238 et
2109 4156 2254 4237 altus
2282 4185 2418 4234 tunc
2441 4173 2546 4232 erit
2565 4167 2922 4228 veneratione
2947 4159 3210 4238 prodigii,
3229 4165 3286 4216 et
3307 4156 3481 4216 durus

1875 4270 2203 4331 crudelitate
2233 4264 2516 4324 tormenti.

1949 4362 2088 4436 [νει.
2119 4359 2202 4416 XI
2209 4356 2296 4432 ιη]
2327 4355 2417 4413 25.
2440 4351 2804 4411 Antichristus
2833 4346 2970 4404 alios
2997 4340 3229 4436 mentitis
3259 4336 3485 4436 uirtuti-

1881 4429 1973 4508 bus
2001 4449 2245 4521 decipiet,
2261 4429 2400 4502 alios
2418 4442 2472 4498 υἱ
2497 4439 2788 4514 superabit.
2806 4467 2878 4479 —
2895 4436 3018 4493 Non
3039 4431 3188 4490 enim
3207 4429 3324 4487 sola
3349 4435 3486 4521 tunc

1879 4519 2144 4614 potestate
2201 4535 2452 4608 erigitur,
2512 4530 2607 4589 sed
2636 4529 2801 4586 etiam
2831 4526 3116 4598 signorum
3173 4519 3486 4579 ostensione

1877 4611 2130 4688 fulcitur.
2163 4626 2320 4684 Unde
2348 4633 2403 4682 et
2429 4641 2526 4696 per
2547 4619 2725 4678 David
2741 4618 2948 4676 dicitur
2971 4634 2982 4673 :
3017 4611 3320 4672 Insidiatur
3334 4612 3390 4668 in
3407 4627 3490 4668 oc-

1882 4724 2042 4779 culto.
2083 4720 2231 4792 quesi
2261 4719 2336 4774 leo
2365 4716 2421 4771 in
2450 4713 2614 4769 cubili
2659 4729 2753 4767 suo
2781 4709 2963 4782 (Psal.
2997 4723 3078 4762 1x.
3103 4704 3193 4792 30,
3220 4703 3301 4760 vel
3331 4697 3484 4770 Psal,

1880 4828 1939 4882 χ,
1974 4813 2052 4882 9).
2089 4791 2175 4865 Ἀεὶ
2204 4815 2448 4880 apertam
2485 4817 2725 4876 namque
2763 4797 3066 4873 potentiam
3097 4791 3398 4851 suﬁecisset
3426 4791 3489 4846 ut

1881 4902 1968 4958 leo
2001 4907 2164 4968 esset,
2191 4897 2406 4954 etiamsi
2438 4883 2707 4950 insidians
2744 4905 2857 4945 non
2897 4883 3124 4951 fuisset;
3156 4893 3490 4968 rursumque

1883 4991 1952 5048 ad
1985 4967 2228 5049 occultas
2279 4985 2549 5044 versutias
2595 4978 2918 5046 suffecisset,
2951 4983 3014 5033 ut
3041 4971 3316 5031 insidians
3345 4967 3488 5025 sub«-

1959 5188 1980 5222 θ
2021 5184 2234 5241 Gemet.
2267 5187 2322 5237 et
2349 5176 2514 5237 Corb.
2539 5176 2724 5233 Germ.
2755 5183 3029 5246 nunqan
3057 5162 3183 5246 Ῑίιίξο
3257 5241 3266 5246 _
3303 5235 3390 5246 -._.

1959 5260 1979 5293 ⁷
2021 5235 2421 5312 dierum
2453 5251 2509 5304 in
2537 5247 2706 5303 duob.
2745 5235 2956 5310 Genu,
2987 5235 3186 5312 Pratel.
3219 5241 3279 5312 et
3303 5235 3449 5293 Utic.

1964 5329 1984 5363 ⁸
2021 5309 2172 5382 Editi
2207 5325 2373 5379 etiam
2421 5319 2761 5390 antiquiores
2817 5309 2946 5369 cum
2995 5311 3181 5390 Germ.
3227 5309 3355 5378 Ms.,
3385 5324 3494 5388 non

1889 5401 2150 5456 novimus.
2185 5394 2541 5466 Negationem
2557 5382 2682 5466 qua:
2713 5400 2932 5466 sensum
2961 5382 3495 5466 tollebatAexpu‘nx‘i-

1892 5450 2424 5540 mum—suadentibus
2451 5450 2856 5540 Mss::_Anglic.,
2887 5455 3102 5522 Norm.,
3127 5450 3327 5530 Laud.)
3362 5450 3489 5509 Val.

1896 5544 2005 5612 CL,
2025 5532 2200 5599 'Corb.
2225 5539 2410 5612 Germ.
2444 5532 2670 5612 etaliis.

1966 5591 2257 5669 Vlibrdic:
2276 5591 2481 5681 aliique
2508 5605 2722 5681 Norm.,
2755 5600 2986 5668 Turon.,
3017 5593 3216 5667 Laud.,
3249 5594 3376 5660 Val,
3409 5591 3494 5650 Cl.

1897 5695 1951 5744 et
1972 5685 2134 5743 Corb.
2169 5677 2625 5752 Germ.,—spa-rsit.
2715 5746 2732 5752 _
2821 5751 2824 5752 ν
3203 5739 3240 5752 __

1973 5735 2527 5820 1vi"EoPii-inierit}:an.,
2558 5746 2756 5806 Pratel.
2780 5751 2836 5804 et
2863 5743 3141 5815 nonnulli,
3159 5739 3298 5799 alios
3327 5735 3497 5791 altum

1895 5829 2251 5902 prmeipitium
2279 5825 2455 5896 fregit.

3177 5907 3241 5962 21
