3936 6392
525 292 626 353 651

1727 295 1977 354 SANCTI
2015 294 2352 352 GREGORII
2388 293 2615 353 MAGNI

3743 298 3852 354 652

525 420 746 491 riperet,
775 417 938 473 etiam
977 416 1024 472 si
1055 417 1140 474 leo
1168 433 1281 474 non
1334 427 1490 476 esset.
1531 419 1638 476 Sed
1665 419 1794 493 quia
1836 419 1928 477 hic
1955 419 2110 476 anti-
2141 427 2192 486 Α
2219 419 2317 492 qui
2348 428 2530 476 mente
2545 419 2744 476 invicti
2773 427 2904 477 sunt
2931 420 3292 492 corporaliter
3323 419 3522 478 vincit.
3553 420 3661 479 Vel
3694 432 3851 487 certe

525 524 664 582 quus
694 506 869 564 hostis
882 508 942 564 in
969 509 1184 567 cunctis
1207 509 1323 566 suis
1337 510 1552 568 viribus
1577 511 1893 581 eﬁ'renatur,
1921 510 2114 567 saevire
2220 508 2476 566 robustos
2502 516 2556 565 et
2584 510 2852 582 populum
2881 518 3200 568 sanctorum
3229 509 3543 569 secundum
3563 511 3850 569 volunta-

521 612 620 670 per
646 603 880 672 utraque
904 598 1263 672 permittitur,
1294 608 1357 657 ut
1396 609 1588 660 contra
1613 602 1815 658 electos
1840 600 1901 656 in
1931 607 2116 659 certa-
2221 607 2336 658 tem
2379 617 2534 658 suam
2563 601 2845 672 interﬁcit,
2893 619 3022 660 cum
3058 619 3152 661 eos
3180 602 3278 678 qui
3315 603 3532 660 robusti
3562 618 3632 660 ac
3659 606 3849 662 sancti

522 685 674 743 mine
697 692 752 743 et
771 685 964 743 fraude
976 696 1030 746 et
1057 687 1264 746 virtute
1293 689 1530 760 laxetur,
1563 689 1767 748 virtute
1795 705 1892 762 per
1915 699 2119 762 poten-

521 775 680 845 tiam,
710 774 904 832 fraude
923 792 1022 849 per
1040 777 1214 850 signa.
1234 779 1398 837 Recte
1418 794 1545 852 ergo
1573 787 1628 836 et
1658 781 1743 838 leo
1773 786 1828 836 et
1847 778 2118 836 insidians

523 865 761 924 dicitur:
798 866 1069 924 insidians
1091 884 1188 941 per
1206 868 1598 926 miraculorum
1617 870 1874 942 speciem,
1908 870 1992 925 leo
2021 886 2120 943 per

523 954 908 1014 fortitudinem
940 957 1277 1013 saecularem.
1310 957 1381 1014 Ut
1409 959 1559 1015 enim
1580 973 1674 1015 eos
1697 959 1793 1032 qui
1809 968 1994 1032 aperte
2011 958 2115 1014 ini-

523 1046 619 1120 qui
646 1053 776 1103 sunt
803 1045 1106 1119 pertrahat,
1149 1047 1465 1104 saecularem
1496 1050 1799 1122 potentiam
1840 1055 2114 1116 ostentat;

521 1145 586 1194 ut
613 1154 744 1194 vero
767 1135 948 1209 justos
975 1137 1142 1194 etiam
1167 1139 1342 1209 fallat,
1373 1139 1545 1212 signis
1573 1142 1918 1198 sanctitatem
1950 1141 2116 1197 simu-

524 1229 618 1285 lat.
649 1227 766 1284 Illis
793 1227 943 1283 enim
981 1227 1173 1284 suadet
1200 1229 1494 1285 elationem
1525 1231 1942 1304 magnitudinis,
1985 1231 2118 1287 istos

522 1318 726 1391 decipit
753 1319 1065 1374 ostensione
1107 1319 1432 1376 sanctitaits.
1464 1321 1542 1376 De
1593 1320 1698 1377 hac
1729 1319 1904 1378 cauda
1933 1319 2118 1376 Behe-

523 1408 680 1465 moth
709 1407 869 1464 istius
888 1407 990 1463 sub
1010 1407 1265 1465 draconis
1287 1410 1466 1482 specie
1487 1425 1584 1482 per
1601 1411 1866 1468 Joannem
1887 1411 2111 1468 dicitur:

521 1502 597 1558 Et
623 1499 796 1555 cauda
825 1499 940 1570 ejus
967 1499 1206 1555 trahebat
1232 1501 1441 1556 lertiam
1451 1507 1659 1572 partem
1689 1503 1963 1558 stellarum
1980 1501 2113 1570 coeli,

521 1596 570 1647 et
598 1589 745 1646 misit
769 1607 857 1646 eas
885 1590 944 1644 in
974 1595 1172 1645 terram
1185 1589 1382 1662 (Apoc.
1407 1607 1510 1660 xu,
1540 1591 1614 1664 4).
1647 1591 1861 1649 leum
1883 1607 2117 1665 namque

522 1686 606 1739 est
635 1679 882 1738 Ecclesia
909 1696 1030 1752 quae
1059 1679 1118 1735 in
1149 1679 1252 1736 hac
1281 1688 1441 1738 nocte
1480 1682 1610 1737 vitae
1645 1683 1953 1754 praesentis,
1983 1683 2116 1739 dum

523 1771 584 1827 in
611 1785 669 1825 se
682 1769 1001 1826 innumeras
1027 1775 1343 1825 sanctorum
1365 1770 1599 1828 virtutes
1620 1773 1886 1841 continet,
1903 1771 2118 1828 radian-

522 1857 674 1916 tibus
701 1857 934 1930 desuper
981 1855 1254 1913 sideribus
1279 1857 1472 1930 fulget.
1523 1859 1628 1914 Sed
1669 1859 1923 1916 draconis
1951 1860 2126 1918 cauda

525 1948 586 2005 in
614 1954 815 2004 terram
827 1945 1014 2002 stellas
1033 1944 1242 2017 dejicit.
1267 1947 1398 2020 quia
1426 1947 1524 2003 illa
1549 1947 1762 2004 Satanae
1777 1950 2119 2018 extremitas,

525 2055 623 2114 per
641 2037 927 2096 audaciam
943 2037 1211 2112 assumpti
1231 2037 1476 2096 hominis
1491 2047 1690 2110 erecta,
1707 2041 1972 2115 quosdam
1987 2057 2124 2116 quos

525 2131 680 2188 velut
715 2129 917 2187 electos
943 2128 1045 2186 Dei
1073 2128 1132 2184 in
1162 2129 1410 2186 Ecclesia
1445 2129 1665 2188 invenit
1693 2131 1999 2189 obtinendo
2029 2149 2126 2188 re—

524 2218 726 2294 probos
774 2218 1036 2276 ostendit.
1086 2219 1283 2276 Stellas
1325 2219 1512 2293 itaque
1557 2220 1625 2277 de
1654 2221 1792 2278 ccelo
1822 2221 1882 2278 in
1920 2229 2122 2278 terram

523 2310 718 2369 cadere
741 2318 823 2368 est
851 2310 1045 2368 relicta
1063 2311 1362 2368 nonnullos
1381 2326 1476 2386 spe
1496 2312 1823 2384 omlestium,
1843 2313 1942 2371 illo
1961 2312 2120 2382 duce,

523 2401 592 2459 ab
619 2399 889 2458 ambitum
919 2403 1109 2475 glorise
1137 2401 1416 2460 saecularis
1446 2401 1682 2460 inhiare.

595 2490 686 2552 26.
715 2492 824 2548 Per
849 2489 1167 2548 Antiochum
1183 2491 1542 2566 prasignatus
1557 2499 1652 2552 est.
1674 2523 1746 2536 -—
1761 2493 1904 2552 Hinc
1930 2495 2124 2553 Daniel

523 2579 626 2638 sub
650 2579 917 2638 Antiochi
972 2580 1156 2654 specie
1208 2588 1404 2639 contra
1431 2580 1575 2639 hanc
1607 2581 1862 2640 draconis
1893 2583 2121 2642 caudam

523 2671 796 2744 loquitur,
825 2671 1016 2728 dicens
1041 2688 1054 2726 :
1085 2671 1286 2742 Dejecit
1315 2673 1378 2728 de
1405 2671 1746 2744 fortitudine,
1769 2681 1818 2730 et
1843 2675 1906 2730 de
1935 2675 2121 2742 stellis,

524 2767 573 2817 et
591 2761 916 2816 conculcavit
949 2775 1036 2816 eas
1067 2767 1117 2816 et
1143 2777 1308 2833 usque
1334 2763 1406 2818 ad
1448 2762 1746 2835 principem
1788 2762 2124 2834 fortitudinis

521 2851 888 2923 magniﬁcatus
915 2857 1010 2916 est,
1041 2856 1090 2906 et
1115 2851 1181 2905 ab
1211 2868 1266 2906 eo
1289 2851 1510 2908 abstulit
1545 2851 1676 2924 juge
1701 2852 2045 2926 sacriﬁcium,
2075 2858 2124 2908 et

521 2941 704 3012 dejecit
717 2942 887 2998 locum
913 2941 1343 3013 sanctiﬁcationis
1361 2942 1492 3012 ejus.
1524 2943 1708 3000 Robur
1738 2950 1914 2999 autem
1941 2945 2125 3000 datum

520 3035 597 3086 est
621 3029 670 3085 ei
695 3036 879 3086 contra
886 3027 1014 3102 juge
1031 3030 1372 3102 sacri/icium,
1397 3039 1621 3104 propter
1634 3039 1880 3104 peccata;
1913 3039 1962 3088 et
1983 3049 2126 3106 pro-

519 3125 782 3176 sternetur
809 3120 1006 3176 veritas
1044 3120 1102 3176 in
1130 3126 1296 3188 terra,
1339 3126 1389 3176 et
1415 3120 1593 3192 faciet,
1639 3127 1688 3178 et
1713 3123 2124 3195 prosperabitur

521 3210 706 3285 (Dam.
729 3227 854 3279 vm,
883 3208 1083 3282 1042).
1105 3210 1183 3266 De
1209 3209 1536 3267 fortitudine
1565 3212 1768 3286 quippe
1805 3220 1860 3269 et
1887 3213 1955 3270 de
1984 3214 2126 3270 stel-

519 3302 592 3359 lis
610 3300 820 3374 dejicit,
851 3316 978 3358 cum
1008 3301 1306 3357 nonnullos
1333 3309 1388 3357 et
1435 3302 1558 3360 luce
1593 3300 1824 3374 justitiaa
1871 3305 2127 3377 resplen-

521 3389 733 3456 dentes,
763 3397 820 3446 et
845 3389 1054 3446 virtute
1081 3389 1262 3460 operis
1290 3389 1544 3448 robustos
1558 3391 1782 3463 frangit.
1815 3391 1922 3460 Qui
1951 3408 2124 3467 usque

520 3478 592 3536 ad
619 3476 926 3552 principem
951 3477 1298 3535 fortitudinis
1325 3479 1728 3552 magniﬁcatur,
1761 3482 1890 3556 quia
1934 3490 2126 3540 contra

522 3568 704 3641 ipsum
741 3573 1020 3624 auctorem
1051 3566 1277 3625 virtutis
1306 3569 1612 3626 extollitur.
1635 3570 1769 3642 Juge
1789 3570 2122 3629 sacriﬁcium

495 3648 692 3724 itollit,
727 3659 743 3692 ¹
775 3657 906 3731 quia
930 3655 1178 3714 studium
1205 3658 1641 3716 conversationis
1667 3660 1927 3718 Ecclesiae
1955 3661 2015 3717 in
2044 3660 2122 3718 eis

523 3763 662 3820 quos
689 3747 896 3820 ceperit
921 3747 1296 3822 interrumpit.
1317 3747 1506 3806 Robur
1523 3763 1656 3806 vero
1683 3749 1733 3816 ei
1749 3757 1972 3822 propter
1999 3766 2120 3823 pec-

523 3846 646 3895 cata
673 3846 866 3895 contra
885 3836 1018 3912 juge
1034 3839 1369 3896 sacriﬁcium
1389 3839 1572 3912 datur,
1604 3841 1734 3914 quia
1751 3841 1862 3898 nisi
1891 3856 2119 3914 pereun-

520 3925 666 3983 tium
698 3927 896 3984 merita
927 3933 1113 3992 1061
1147 3929 1450 4002 exigerent,
1481 3945 1574 3988 eos
1595 3931 1618 3966 ³
1647 3929 1744 4003 qui
1773 3931 1910 3988 recti
1938 3930 2120 3988 crede-

519 4022 742 4092 bantur,
763 4023 1012 4082 obtinere
1028 4024 1377 4082 adversarius
1405 4041 1750 4100 nequaquam
1781 4035 1982 4101 posset.
2015 4029 2119 4088 Ve-

517 4113 653 4170 ritas
694 4112 754 4170 in
795 4121 941 4171 terra
983 4116 1372 4188 prosternitur,
1423 4116 1555 4190 quia
1582 4115 1720 4173 ﬁdes
1765 4125 1898 4175 tunc
1930 4133 2117 4177 rerum

519 4202 828 4260 caelestium
856 4203 926 4260 ad
947 4203 1282 4261 desiderium
1304 4205 1434 4260 vitae
1449 4206 1768 4278 temporalis
1793 4207 2114 4269 inclinatur.

517 4291 592 4347 Et
618 4288 804 4359 faciet,
843 4300 897 4348 et
926 4293 1359 4365 prosperabitur,
1392 4293 1524 4366 quia
1547 4301 1682 4352 tunc
1709 4311 1820 4353 non
1845 4299 2024 4356 solum
2058 4299 2118 4358 in

519 4377 878 4451 reproborum
910 4381 1207 4450 mentibus,
1239 4380 1334 4437 sed
1368 4381 1534 4438 etiam
1567 4383 1627 4439 in
1657 4384 1956 4444 electorum
1985 4405 2118 4446 cor-

519 4467 747 4541 poribus
775 4467 1099 4526 credulitate
1128 4468 1526 4538 inmstimabili,
1548 4473 1668 4530 sine
1693 4475 1939 4547 qualibet
1965 4477 2111 4552 obje-

518 4557 702 4614 ctione
731 4557 1084 4630 grassabitur.
1111 4559 1255 4616 Hinc
1281 4575 1502 4617 rursum
1532 4577 1630 4634 per
1654 4564 1936 4623 Danielem
1959 4567 2110 4626 dici-

517 4653 644 4704 tur:
669 4647 957 4720 Consurget
985 4664 1082 4704 rex
1111 4649 1389 4721 impudens
1413 4649 1574 4722 facie,
1594 4658 1643 4709 et
1668 4653 1964 4728 intelligam
1986 4675 2114 4730 pro-

509 4736 819 4812 positiones,
865 4743 913 4792 et
940 4738 1284 4794 rnborabitur
1310 4737 1574 4811 fortitudo
1604 4741 1737 4813 ejus,
1790 4745 1880 4800 sed
1924 4763 2030 4802 non
2058 4747 2119 4804 in

514 4827 627 4884 suis
654 4827 857 4884 viribus
883 4827 1071 4900 (Dam.
1100 4845 1224 4898 vm,
1247 4827 1362 4903 23).
1419 4829 1576 4888 Illius
1603 4848 1840 4907 namque
1872 4833 2116 4896 hominis

513 4916 783 4977 fortitudo
810 4933 924 4976 non
971 4917 1086 4976 suis
1114 4918 1331 4976 viribus
1367 4920 1680 4993 roboratur,
1729 4925 2112 5006 quia.Satanaa

513 5009 719 5066 virtute
740 5009 800 5066 in
820 5008 1050 5082 gloriam
1073 5007 1400 5081 perditionis
1417 5011 1709 5070 attollitur.
1734 5013 1878 5072 Hinc
1891 5031 2110 5074 rursum

511 5097 622 5155 ait:
654 5098 940 5171 Interfieiet
964 5098 1206 5153 robustos
1233 5104 1283 5153 et
1303 5101 1564 5172 populum
1588 5109 1889 5160 sanctorum
1916 5123 2110 5163 secun-

513 5187 640 5243 dum
666 5189 988 5250 voluntatem
1013 5203 1184 5244 suam.
1208 5194 1255 5242 et
1275 5187 1535 5260 dirigetur
1554 5191 1708 5248 dolus
1723 5193 1782 5249 in
1807 5212 1972 5252 manu
1995 5195 2109 5267 ejus

517 5275 704 5346 (Ibid,
730 5277 822 5347 24,
844 5276 960 5350 25).
991 5277 1266 5335 Robustos
1282 5295 1518 5355 namque
1549 5279 1833 5356 interﬁcit,
1864 5302 1989 5344 cum
2016 5304 2108 5346 eos

551 5538 562 5548 α
589 5468 605 5502 ¹
636 5465 832 5536 Laud.,
867 5468 995 5538 quia
1021 5471 1256 5528 studium
1275 5476 1653 5545 conversionis,
1685 5481 1920 5538 studium
1932 5485 2110 5542 Eccle-

515 5553 625 5684 ΜΞ.
647 5606 908 5684 Vindoc.,
939 5613 1033 5684 qui
1062 5621 1197 5670 recte
1230 5619 1521 5677 credebant.

589 5678 898 5769 ἶμᾼάᾁὲίίξτν
921 5678 987 5769 lh
1041 5685 1278 5769 .GS‘Pelu
1307 5691 1536 5769 _.Land"_
1583 5694 1731 5764 Val»
1773 5696 1881 5769 CL,
1937 5696 2107 5760 duob.

517 5748 725 5817 Germ.,
751 5757 799 5808 et
825 5753 1054 5810 destruet
1075 5748 1436 5819 illustrations
1463 5748 1731 5822 adventus
1747 5748 1851 5826 317i;

2223 689 2586 748 credebantur
2603 691 2672 748 ad
2693 699 2891 748 nutum
2906 710 3020 750 sua)
3041 693 3346 750 voluntatis
3365 691 3570 750 trahit.
3595 692 3663 749 In
3684 692 3852 766 cujus

2226 796 2394 836 manu
2421 779 2580 837 dolus
2622 780 2902 854 dirigitur,
2935 782 3068 856 quia
3114 783 3175 839 in
3223 783 3324 839 illo
3371 781 3524 839 fraus
3577 797 3680 855 per
3709 797 3852 856 opus

2235 869 2551 942 adjuvatur.
2602 870 2763 939 Quod
2799 873 2947 928 enim
2980 871 3223 928 fallendo
3251 872 3410 940 dicit,
3436 872 3546 930 hoc
3577 874 3728 930 mira
3770 874 3848 930 fa-

2225 961 2422 1018 ciendo
2450 961 2680 1027 asserit;
2713 979 2840 1020 nam
2867 961 3147 1037 quidquid
3177 963 3418 1020 mendax
3447 963 3643 1036 lingua
3670 963 3848 1022 simu-

2226 1050 2322 1120 lat,
2354 1050 2461 1108 hoc
2489 1052 2647 1125 quasi
2678 1069 2873 1108 verum
2897 1069 3016 1109 esse
3047 1069 3244 1110 manus
3271 1055 3456 1126 operis
3483 1061 3762 1111 ostentat.

2296 1142 2384 1198 27.
2416 1143 2610 1198 Daniel
2638 1149 2686 1198 et
2731 1144 2938 1200 Paulus
2967 1144 3030 1199 de
3071 1144 3371 1200 Antichisto
3418 1145 3602 1200 eadem
3623 1145 3849 1201 docent:

2224 1262 2296 1274 —
2324 1231 2466 1288 Hinc
2494 1247 2714 1288 rursum
2745 1231 2918 1289 dicit:
2957 1231 3163 1289 Contra
3205 1231 3504 1304 principem
3523 1233 3847 1306 principum

2225 1325 2520 1391 consurget,
2550 1326 2598 1374 et
2629 1321 2740 1376 sine
2779 1337 2942 1376 manu
2993 1328 3292 1377 conteretur
3318 1322 3519 1392 (Ibid.,
3550 1321 3671 1395 25).
3707 1323 3852 1381 Hinc

2224 1409 2425 1466 Paulus
2455 1410 2566 1466 ait:
2601 1410 2689 1466 Ita
2723 1416 2782 1466 ut
2819 1410 2877 1466 in
2911 1413 3100 1484 templo
3131 1411 3233 1470 Dei
3275 1413 3449 1467 sedeat
3492 1413 3776 1468 ostendens
3802 1431 3853 1470 se

2228 1506 2481 1570 tanquam
2507 1499 2577 1554 sit
2604 1501 2744 1555 Deus
2773 1501 2870 1573 (ΙΙ
2894 1503 3074 1558 Thess.
3105 1519 3169 1570 ιι,
3199 1501 3282 1574 4).
3314 1501 3460 1558 Hinc
3480 1518 3708 1558 rursum
3737 1503 3848 1560 ait:

2228 1590 2390 1656 Quem
2439 1587 2700 1645 Dominus
2754 1589 2906 1645 Jesus
2938 1591 3216 1663 interﬁciet
3265 1592 3464 1662 spiritu
3493 1592 3608 1648 oris
3653 1592 3766 1648 sui.
3806 1599 3851 1648 et

2225 1678 2453 1734 destruet
2493 1679 2850 1735 illustratiene
2895 1680 3152 1735 adcentus
3181 1679 3284 1736 sui.
3322 1679 3483 1748 Quod
3543 1681 3704 1737 enim
3754 1699 3854 1754 per

2154 1797 2198 1856 Β
2231 1771 2514 1828 Danielem
2565 1770 2779 1826 dictum
2809 1779 2891 1827 est
2932 1773 3158 1830 :Contra
3182 1771 3493 1842 Principem
3533 1773 3849 1845 principum

2231 1865 2504 1931 consurget
2547 1859 2714 1930 (Dan.
2748 1876 2848 1926 vn,
2881 1857 3000 1928 25),
3034 1859 3141 1916 hoc
3195 1875 3291 1931 per
3318 1859 3556 1916 Paulum
3597 1860 3848 1918 dicitur:

2231 1949 2320 2006 Ita
2347 1953 2405 2004 ut
2430 1947 2488 2003 in
2518 1947 2707 2018 templo
2735 1945 2834 2001 Dei
2857 1947 3050 2002 sedeat.
3096 1947 3370 2002 ostendens
3399 1964 3452 2002 se
3494 1953 3760 2019 tanquam
3786 1950 3852 2014 si;

2232 2036 2393 2094 Deus.
2423 2037 2496 2094 Et
2524 2035 2671 2110 quod
2691 2051 2788 2108 per
2800 2036 3086 2094 Danielem
3109 2036 3498 2111 subjungitur:
3528 2038 3659 2094 Sine
3687 2055 3850 2096 manu

2231 2131 2527 2183 conteretur
2553 2127 2751 2198 (Ibid,
2782 2126 2900 2201 25),
2942 2127 3049 2186 hoc
3077 2146 3174 2202 per
3202 2129 3440 2186 Paulum
3470 2130 3847 2202 exprimitur:

2235 2219 2398 2286 Quem
2454 2217 2713 2274 Dominus
2766 2216 2918 2272 Iesus
2976 2218 3254 2290 interﬁciet
3304 2219 3502 2291 spiritu
3567 2219 3688 2276 oris
3716 2220 3802 2275 sui
3830 2221 3850 2254 ³

2235 2308 2326 2380 (ΙΙ
2354 2309 2503 2364 Thes.
2533 2324 2595 2376 η,
2625 2306 2706 2380 8).
2741 2306 2871 2364 Sine
2901 2323 3070 2364 manu
3098 2307 3303 2381 quippe
3347 2317 3696 2378 conteretur,
3724 2308 3850 2382 quia

2232 2412 2344 2453 non
2373 2395 2692 2468 angelorum
2720 2395 2888 2465 bello,
2920 2413 3033 2452 non
3053 2407 3374 2454 sanctorum
3405 2398 3738 2467 certamine,
3760 2397 3851 2454 sed

2232 2502 2330 2560 per
2357 2485 2656 2542 adventum
2677 2483 2885 2558 judicis
2918 2486 3037 2542 solo
3057 2486 3170 2543 oris
3199 2487 3403 2560 spiritu
3432 2498 3644 2545 aeterna
3673 2498 3850 2544 morte

2232 2573 2477 2632 ferietur.
2506 2577 2583 2632 De
2613 2574 2780 2647 hujus
2810 2574 3115 2632 Behemoth
3145 2577 3387 2633 elatione
3416 2577 3551 2635 item
3584 2593 3688 2651 per
3715 2577 3849 2635 Pau-

2233 2666 2347 2723 lum
2369 2665 2576 2724 dicitur
2602 2685 2613 2722 :
2653 2667 2758 2734 Qui
2785 2666 3108 2724 adversatur
3123 2675 3171 2724 et
3197 2670 3481 2726 extollitur
3497 2686 3674 2742 supra
3700 2687 3850 2725 omne

2232 2756 2372 2827 quod
2399 2756 2598 2811 dicitur
2620 2757 2778 2826 Deus,
2799 2763 2895 2812 aut
2920 2757 3062 2829 quod
3085 2759 3282 2814 colitur
3309 2759 3497 2831 (Ibid,
3516 2758 3597 2832 4).
3631 2761 3712 2816 De
3742 2777 3848 2833 quo

2232 2844 2425 2902 Daniel
2447 2861 2572 2902 cum
2604 2855 2854 2919 quartam
2883 2847 3115 2904 bestiam
3145 2848 3355 2904 diceret
3373 2848 3566 2905 decem
3581 2849 3846 2906 cornibus

2232 2933 2450 3004 fultam,
2483 2935 2736 3007 protinus
2765 2935 3023 3008 adjunxit
3051 2955 3064 2992 :
3103 2937 3520 2994 Considerabam
3543 2956 3774 3008 cornua,
3801 2945 3846 2995 et

2230 3039 2336 3079 ecce
2366 3039 2532 3080 cornu
2561 3025 2714 3080 aliud
2736 3027 3034 3097 parvulum
3052 3034 3230 3083 ortum
3248 3034 3322 3084 est
3347 3028 3411 3084 de
3435 3029 3607 3084 medio
3637 3046 3843 3095 eorum;

2232 3120 2280 3170 et
2309 3116 2417 3171 tria
2447 3115 2509 3172 de
2537 3117 2786 3173 cornibus
2808 3118 3005 3190 primis
3024 3120 3206 3174 evulsa
3233 3125 3358 3175 sunt
3383 3139 3418 3176 a
3443 3119 3584 3191 facie
3612 3121 3734 3191 ejus
3757 3139 3770 3176 :
3803 3126 3847 3176 et

2233 3221 2340 3260 ecce
2366 3207 2506 3262 oculi
2533 3205 2689 3277 quasi
2708 3207 2849 3262 oculi
2873 3208 3101 3264 hominis
3126 3215 3280 3265 erant
3299 3210 3357 3264 in
3377 3227 3546 3265 cornu
3572 3210 3702 3275 isto,
3728 3217 3777 3266 et
3791 3227 3843 3264 os

2237 3294 2451 3365 loquens
2487 3294 2718 3366 ingentia
2753 3295 2936 3367 (Dam.
2986 3313 3088 3365 vn,
3117 3297 3201 3370 8).
3235 3296 3603 3355 Undecimum
3634 3300 3843 3373 quippe

2233 3382 2400 3457 hujus
2426 3383 2616 3440 bestia:
2645 3401 2818 3442 cornu
2845 3402 2961 3442 esse
2990 3387 3344 3458 describitur,
3376 3389 3508 3462 quia
3533 3390 3698 3462 regni
3727 3389 3843 3462 ejus

2233 3474 2478 3548 potentia
2498 3475 2789 3548 iniquitate
2815 3476 3126 3535 roboratur.
3159 3476 3306 3553 [νει.
3337 3479 3391 3535 Χ
3399 3480 3456 3553 γι
3483 3478 3665 3536 Omne
3691 3482 3839 3537 enim

2231 3572 2515 3639 peccatum
2538 3564 2902 3624 undenarium
2933 3576 3034 3637 est,
3067 3568 3198 3641 quia
3241 3568 3378 3625 dum
3407 3585 3670 3642 perversa
3709 3573 3841 3644 agit,

2231 3656 2254 3692 ‘
2282 3663 2551 3728 praecepta
2589 3655 2834 3730 decalogi
2878 3655 3094 3714 transit.
3129 3659 3201 3715 Et
3231 3658 3361 3732 quia
3402 3659 3464 3715 in
3494 3659 3694 3717 cilicio
3724 3677 3842 3734 pec-

2229 3752 2411 3802 catum
2435 3746 2734 3818 plangitur,
2779 3745 2914 3804 hinc
2949 3755 3031 3804 est
3059 3747 3209 3821 quod
3244 3747 3303 3803 in
3347 3748 3708 3806 tabernaculo
3724 3751 3842 3807 vela

2229 3833 2454 3892 cilicina
2465 3835 2723 3893 undecim
2744 3835 2886 3892 ﬁunt
2910 3836 3115 3907 (Exod.
3141 3853 3324 3907 xxvr.,
3353 3837 3432 3910 7).
3459 3837 3610 3895 Hinc
3629 3855 3731 3910 per
3745 3856 3842 3895 un-

2229 3923 2505 3980 decimum
2535 3925 2814 3981 Psalmum
2837 3925 3074 3982 dicitur:
3110 3926 3332 3983 Salvum
3356 3945 3438 3983 me
3455 3926 3566 3998 fac.
3591 3929 3838 3998 Domine,

2227 4014 2478 4086 quoniam
2513 4013 2702 4084 defecit
2729 4019 2940 4070 sanctus
2971 4015 3122 4086 (Psal
3151 4033 3231 4085 xr,
3257 4014 3332 4082 1).
3366 4017 3508 4074 Hinc
3537 4019 3601 4074 in
3645 4019 3838 4077 unde-

2227 4102 2386 4158 nario
2413 4119 2646 4160 numero
2673 4106 2696 4141 ⁸
2723 4120 3008 4162 remanere
3033 4105 3332 4178 Apostolos
3349 4106 3546 4164 Petrus
3576 4118 3834 4168 metuens

2226 4192 2513 4250 Matthiam
2544 4193 2956 4266 duodecimum,
2978 4205 3124 4254 sorte
3145 4197 3332 4267 missa,
3355 4201 3653 4272 requisivit
3687 4203 3830 4275 (Act.

2226 4299 2269 4351 ι,
2316 4282 2431 4356 26).
2473 4283 2591 4340 Nisi
2621 4283 2770 4340 enim
2807 4285 3014 4358 signari
3052 4287 3273 4360 culpam
3319 4305 3418 4361 per
3462 4289 3838 4350 undenarium

2225 4380 2490 4442 cerneret,
2523 4373 2742 4446 impleri
2770 4375 3147 4448 apostolorum
3167 4393 3464 4435 numerum
3493 4387 3608 4436 tam
3639 4379 3839 4438 festiue

2225 4461 2563 4522 duodenario
2598 4482 2711 4524 non
2740 4480 2976 4529 curaret.
3011 4471 3153 4538 Quia
3184 4487 3312 4544 ergo
3335 4488 3431 4544 per
3459 4473 3838 4533 undenarium

2223 4557 2582 4628 transgressio
2611 4555 2963 4632 exprimitur,
2996 4559 3164 4633 hujus
3193 4561 3383 4619 bestiae
3416 4579 3594 4621 cornu
3654 4566 3840 4623 unde-

2226 4643 2372 4700 cimo
2421 4645 2536 4716 ipse
2573 4655 2768 4704 auctor
2841 4649 3628 4722 transgressionisindicatur.
3681 4654 3838 4723 Quod

2224 4729 2484 4792 videlicet
2519 4736 2812 4809 parvulum
2841 4740 3042 4809 oritur,
3073 4736 3205 4813 quia
3245 4741 3435 4805 1062
3465 4758 3643 4816 purus
3671 4743 3838 4802 homo

2224 4838 2544 4904 generatur:
2594 4833 2691 4892 sed
2728 4834 3047 4893 immaniter
3099 4839 3322 4909 crescit,
3353 4837 3486 4914 quia
3533 4857 3717 4915 usque
3773 4841 3837 4899 ad

2221 4919 2569 4995 conjunctam
2615 4923 2723 4981 sibi
2752 4925 2868 4982 vim
2897 4928 3156 4999 angelicas
3197 4925 3550 4986 fortitudinis
3588 4929 3834 5004 proﬁcit.

2220 5011 2377 5079 Quod
2407 5013 2510 5070 tria
2538 5027 2745 5072 cornua
2789 5032 2910 5089 quae
2940 5015 2990 5072 ei
3021 5023 3146 5075 ante
3190 5017 3388 5077 faciem
3437 5027 3570 5076 sunt
3619 5021 3835 5091 evellit,

2219 5100 2347 5172 quia
2374 5101 2575 5158 ditioni
2608 5120 2719 5160 sua
2751 5119 2917 5178 regna
2945 5107 3175 5164 totidem
3204 5125 3326 5182 qua;
3354 5108 3464 5164 sibi
3495 5108 3693 5166 vicina
3711 5120 3837 5166 sunt

2217 5189 2442 5262 subigit.
2481 5191 2652 5265 Cujus
2690 5193 2838 5249 oculi
2867 5201 2995 5250 sunt
3038 5204 3102 5254 ut
3129 5197 3279 5253 oculi
3321 5197 3596 5267 hominis,
3627 5199 3730 5256 sed
3758 5216 3834 5270 os,

2217 5278 2463 5352 ingentia
2481 5281 2746 5355 loquitur,
2774 5283 2904 5356 quia
2921 5285 2979 5341 in
2997 5285 3096 5342 illo
3127 5285 3372 5344 humana
3391 5286 3628 5361 quidem
3648 5287 3830 5346 forma

2291 5471 2313 5506 ⁴
2341 5473 2463 5530 Duo
2505 5470 2714 5544 Germ.,
2744 5473 2942 5546 Laud.,
2973 5478 3172 5536 Pratel.
3194 5485 3250 5536 et
3263 5480 3556 5553 nonnulli,
3573 5483 3830 5558 praecepti

2219 5561 2540 5634 decalogum.

2291 5636 2313 5669 ⁵
2333 5635 2626 5718 Ciussanj,
2646 5639 2845 5697 mendo
2863 5639 3092 5700 fortasse
3105 5642 3530 5718 typographico,
3549 5663 3828 5704 remanere

2217 5709 2488 5776 apostolus
2513 5711 2703 5768 Petrus
2737 5719 2988 5770 metuens.
