3936 6386
167 636 331 722 ςῖητξθ
358 624 501 722 qugd
529 625 729 722 dicitur
746 630 908 722 neas,
931 642 1027 690 aut
1044 640 1185 707 quod
1204 642 1400 698 colitur
1422 646 1511 716 (II
1538 624 1796 722 Thess-ri,

166 707 257 808 ﬁt),
282 708 389 808 hoc
410 713 603 808 Da—niel
640 718 909 790 propheta
938 730 1189 798 testatur,
1223 730 1411 788 dicens
1429 707 1447 789 ἐ
1484 736 1554 792 0s
1586 707 1799 808 loquens

164 800 407 869 ingentia
442 802 608 874 (Dan.
632 824 732 875 vn,
757 808 837 880 8).
862 810 1022 878 Quod
1059 831 1190 873 vero
1212 818 1372 877 illum
1391 824 1476 880 vel
1498 800 1690 883 Daniel
1714 829 1796 886 in-

168 888 362 981 gentia
382 890 557 981 loqui,
585 896 671 950 vel
694 896 896 955 Paulus
916 902 1169 972 perhibet
1188 924 1352 981 supra
1371 914 1583 970 cultum
1614 917 1793 976 Deita-

163 976 244 1033 tis
266 980 484 1047 extolli,
509 980 616 1039 hoc
637 992 719 1040 est
735 987 883 1059 quod
906 991 1051 1062 apud
1080 976 1302 1053 beatum
1332 999 1434 1056 Job
1460 1000 1654 1061 divino
1675 1007 1790 1063 elo-

163 1070 305 1145 quio
356 1074 524 1132 cedro
570 1090 939 1152 comparatur.
987 1087 1136 1145 More
1183 1092 1331 1149 enim
1373 1094 1525 1151 cedri
1566 1097 1635 1154 ab
1680 1100 1791 1155 alta

162 1164 392 1236 nititur,
428 1166 563 1225 dum
593 1169 651 1225 in
684 1174 837 1229 omni
881 1175 1027 1233 fastu
1060 1178 1310 1252 fallaciae,
1344 1192 1399 1241 et
1428 1186 1656 1244 virtutis
1686 1206 1788 1245 ro-

159 1254 303 1312 bore
331 1265 386 1314 et
415 1259 678 1318 culminis
715 1263 953 1323 elatione
991 1282 1359 1345 prosperatur.
1411 1276 1556 1334 Bene
1603 1288 1783 1336 autem

159 1345 437 1419 stringere
463 1348 696 1407 caudam
721 1351 948 1425 dicitur,
986 1360 1115 1431 quia
1162 1369 1278 1420 tota
1323 1364 1442 1437 ejus
1490 1367 1670 1425 virtus
1723 1368 1783 1425 in

158 1450 279 1494 uno
314 1439 412 1495 illo
442 1440 703 1498 damnato
723 1442 948 1503 homine
972 1462 1228 1524 congesta
1248 1453 1529 1526 densatur,
1547 1466 1610 1514 ut
1630 1466 1781 1518 tanto

157 1543 261 1600 per
290 1527 451 1584 illum
482 1529 648 1587 fortia
676 1548 739 1589 ac
768 1535 910 1593 mira
938 1538 1122 1608 faciat,
1153 1553 1361 1615 quanto
1390 1545 1550 1603 illum
1584 1550 1779 1608 collec-

159 1615 234 1672 tis
263 1616 380 1673 suis
407 1618 622 1676 viribus
638 1621 883 1695 instigat.
909 1626 1015 1683 Sed
1034 1630 1165 1701 quia
1185 1635 1345 1705 quale
1364 1634 1435 1691 sit
1456 1635 1777 1710 iniquorum

156 1716 331 1779 caput
358 1708 701 1781 audivimus,
734 1730 883 1771 nunc
912 1716 1044 1775 huic
1071 1722 1241 1794 capiti
1270 1740 1391 1797 quae
1420 1708 1666 1785 mem—bra
1685 1729 1776 1786 ad-

155 1794 409 1855 haereant
437 1814 814 1871 agnoscamus.
847 1804 1110 1878 Sequitur
1135 1827 1147 1864 :

591 1916 818 1975 CAPUT
848 1920 978 1979 XVI
1010 1922 1154 1997 [Rec.
1190 1925 1380 2001 XIII].

229 2029 405 2088 Vens.
468 2031 552 2089 12.
618 2064 689 2076 -
732 2035 897 2093 Nervi
951 2040 1312 2099 testiculorum
1366 2045 1483 2116 ejus
1532 2049 1779 2120 perplexi

161 2126 311 2177 sunt.

228 2234 317 2292 23.
351 2236 774 2295 Prcedicatorum
802 2241 1003 2298 diaboli
1032 2252 1357 2316 argumenta
1371 2250 1775 2321 perplexaAn-

153 2324 383 2381 tichristi
414 2334 559 2384 testes
586 2331 742 2385 multi
764 2329 884 2400 jam
914 2340 1057 2388 sunt.
1094 2365 1165 2375 —
1204 2335 1307 2392 Tot
1336 2336 1443 2394 iste
1471 2337 1775 2396 Behemoth

155 2422 328 2472 testes
359 2415 525 2474 habet
551 2429 683 2492 quot
706 2419 1027 2494 iniquitatis
1057 2441 1171 2481 suae
1200 2426 1582 2496 praedicatores
1604 2430 1772 2500 possi-

152 2503 270 2561 det.
309 2507 397 2561 An
422 2505 541 2577 ejus
568 2516 733 2566 testes
764 2528 873 2567 non
903 2520 1055 2581 sunt,
1087 2514 1182 2585 qui
1231 2516 1415 2586 pravis
1457 2519 1774 2588 persuasio-

148 2593 318 2650 nibus
346 2597 512 2653 corda
540 2597 856 2667 hominum,
895 2601 1183 2656 virulenta
1214 2604 1417 2659 erroris
1446 2605 1531 2659 sui
1563 2606 1774 2663 semina

142 2682 456 2755 fundendo,
497 2689 913 2759 corrumpunt?
958 2689 1101 2760 Apte
1147 2699 1333 2747 autem
1376 2692 1583 2749 dicitur
1624 2695 1771 2766 quod

142 2772 531 2829 testiculorum
564 2774 683 2846 ejus
715 2776 873 2830 nervi
916 2777 1167 2848 perplexi
1189 2789 1339 2845 sunt,
1362 2781 1487 2852 quia
1512 2781 1772 2838 videlicet

143 2861 573 2932 praedicatorum
606 2863 758 2920 illius
788 2874 1119 2936 argumenta
1151 2867 1359 2924 dolosis
1377 2871 1770 2929 assertionibus

144 2950 513 3019 innodantur,
547 2962 608 3009 ut
638 2961 783 3008 recta
804 2971 920 3010 esse
952 2954 1216 3012 simulent
1234 2974 1355 3031 qua:
1377 2976 1630 3031 perversa
1650 2977 1769 3015 sua-

146 3036 311 3107 dent,
354 3045 417 3093 ut
460 3038 856 3111 allegationum
906 3042 1238 3114 implicatio,
1285 3047 1438 3119 quasi
1471 3063 1768 3104 nervorum

146 3128 507 3200 perplexitas,
540 3129 641 3184 etsi
673 3128 852 3185 videri
888 3132 1080 3202 possit,
1114 3132 1257 3187 solvi
1288 3152 1399 3190 non
1424 3136 1613 3207 possit.
1638 3138 1767 3193 Ner-

944 327 1318 389 MORALIUM
1356 336 1489 393 LIB.
1535 339 1771 400 XXXII.
1816 375 1887 388 —
1928 348 1999 405 IN
2043 350 2271 411 CAPUT
2312 359 2407 415 XL
2450 362 2511 418 Β.
2554 363 2696 423 JOB.

3393 386 3504 446 651

1902 485 2054 535 strat.
2088 482 2209 578 Iste‘
2223 500 2393 556 prava
2418 489 2549 560 agit,
2584 492 2680 548 ille
2710 512 2879 566 prava
2907 505 3195 573 agentibus
3240 509 3505 578 adhaeret,

1910 575 2102 676 etnon
2131 573 2307 632 solum
2336 593 2444 633 non
2471 579 2678 651 obviat,
2712 586 2804 642 sed
2834 590 2997 648 etiam
3026 594 3190 654 favet.
3215 599 3356 667 Quid
3377 573 3507 676 ergo

1909 658 2060 758 aliud
2090 678 2251 734 quam
2284 666 2614 726 Antichristi
2644 676 2800 731 testis
2846 688 2947 747 est,
2998 685 3092 754 qui
3146 658 3356 758 perIlita

1906 749 2158 807 ctoritate
2188 756 2471 826 promissae
2501 762 2613 818 Deo
2642 762 2793 834 ﬁdei,
2824 768 2844 801 ³
2875 749 3251 833 testimonium
3285 788 3506 850 praestat

1905 841 2124 898 errori?
2179 844 2337 919 Quos
2378 858 2560 908 tamen
2614 852 2660 909 si
2716 855 2840 928 quis
2895 859 3207 934 redarguat,
3261 841 3391 924 mox
3447 887 3504 927 se

1908 933 2112 1035 1963-
2126 941 2228 1035 sub
2258 945 2494 1016 quodam
2528 950 2800 1011 velamine
2828 933 3166 1016 defensiOnis
3203 966 3501 1035 occultant,

1900 1025 2031 1097 quia
2057 1028 2317 1088 videlicet
2355 1050 2544 1094 eorum
2595 1042 2751 1098 nervi
2798 1047 3047 1118 perplexi
3093 1057 3222 1106 sunt
3267 1059 3321 1109 et
3364 1025 3503 1111 male

1900 1118 2179 1191 impliciti,
2211 1129 2563 1201 corruptione
2592 1134 2735 1190 solvi
2764 1152 3108 1213 nequaquam
3142 1151 3389 1216 possunt.
3414 1146 3503 1203 Se-

1897 1209 2088 1281 quitur
2111 1229 2122 1267 :

2109 1334 2337 1396 CAPUT
2376 1340 2533 1399 XVII
2578 1342 2717 1417 [Vet.
2768 1349 2917 1421 XVI,
2956 1357 3077 1410 Rea.
3106 1356 3283 1431 XIV].

1963 1430 2135 1521 Ynns.
2169 1434 2254 1491 13.
2287 1467 2359 1479 -
2390 1440 2522 1496 Ossa
2549 1442 2664 1512 ejus
2681 1448 2825 1503 velut
2850 1451 3044 1521 ﬁstqu
3067 1455 3210 1511 teris.

1960 1519 2049 1576 29.
2086 1523 2190 1590 Qui
2234 1524 2343 1581 sint
2390 1527 2709 1588 Antichristi
2743 1519 2881 1593 ossa.
2911 1569 2982 1581 -
3008 1542 3071 1597 In
3114 1558 3339 1616 corpore
3377 1563 3499 1605 ossa

1886 1616 2018 1663 sunt
2046 1626 2167 1683 quae
2198 1615 2489 1672 continent
2527 1622 2795 1693 membra,
2829 1627 2852 1661 ⁴
2881 1635 2935 1683 et
2967 1645 3087 1702 quae
3116 1615 3492 1698 continentur.

1887 1697 2062 1797 Habet
2085 1716 2213 1798 ergo
2241 1720 2431 1761 carnes
2472 1707 2590 1765 hac
2625 1710 2831 1783 bellua,
2875 1697 3041 1774 habet
3081 1728 3137 1776 et
3177 1740 3316 1792 ossa,
3365 1725 3497 1798 quia

1884 1794 1937 1840 et
1967 1787 2150 1860 iniqui
2181 1800 2310 1848 sunt
2338 1795 2457 1863 alii,
2497 1799 2591 1869 qui
2623 1806 2806 1858 tamen
2836 1805 2905 1861 ab
2941 1809 3065 1863 aliis
3096 1810 3152 1865 in
3185 1828 3367 1868 errore
3381 1787 3496 1870 ἰοε-

1808 1864 1855 1924 B
1890 1874 2158 1945 tinentur,
2193 1887 2248 1935 et
2282 1883 2574 1954 nequiores
2592 1887 2711 1957 alii,
2744 1892 2842 1962 qui
2866 1891 2926 1947 in
2954 1910 3135 1952 errore
3165 1906 3219 1953 et
3246 1902 3382 1957 alios
3411 1920 3491 1958 re-

1889 1963 2088 2063 tinent.
2140 1967 2284 2063 Quid
2319 1970 2531 2063 ‘itaque
2583 1976 2735 2033 aliud
2783 1995 2904 2037 ossa
2947 1985 3277 2043 Antichristi
3329 2006 3491 2063 quam

1889 2055 2164 2126 quoslibet
2194 2058 2252 2114 in
2284 2058 2403 2131 ejus
2430 2079 2657 2136 corpore
2688 2068 3018 2129 valentiores
3056 2055 3401 2149 accipimus?
3434 2082 3494 2137 in

1889 2159 2124 2215 quorum
2156 2147 2321 2204 corde
2350 2149 2616 2224 iniquitas
2654 2155 2787 2213 dum
2832 2147 3192 2220 vehementer
3216 2165 3491 2235 induruit,

1888 2249 1984 2304 per
2012 2252 2103 2291 eos
2132 2244 2247 2293 tota
2275 2237 2393 2311 ejus
2422 2246 2668 2316 corporis
2697 2264 2960 2323 compago
3008 2254 3278 2311 subsistit.
3329 2258 3490 2315 Multi

1888 2338 2123 2398 namque
2153 2327 2210 2382 in
2240 2328 2347 2387 hoc
2397 2335 2608 2392 mundo
2653 2337 2855 2397 divites
2896 2342 3173 2414 videntur,
3214 2346 3309 2419 qui
3356 2347 3489 2405 dum

1886 2413 2050 2470 rebus
2092 2416 2396 2491 opibusque
2443 2422 2670 2479 subnixi
2700 2435 2848 2496 sunt,
2880 2432 3034 2502 quasi
3064 2450 3134 2489 ex
3159 2413 3489 2494 fortitudine

1886 2502 2229 2595 solidantur;
2264 2508 2356 2563 sed
2376 2509 2656 2583 largiendo
2681 2512 2799 2571 haec
2828 2516 2944 2589 ipsa
2963 2520 3165 2591 quibus
3186 2523 3313 2579 fulti
3334 2534 3487 2595 sunt,

1885 2591 1953 2646 ad
1983 2609 2145 2649 suum
2185 2596 2323 2653 alios
2354 2614 2591 2657 errorem
2629 2603 2877 2661 trahunt.
2909 2607 3072 2664 Modo
3101 2614 3399 2669 nonnullos
3425 2591 3488 2670 ut

1883 2680 2039 2752 pravi
2066 2681 2201 2739 ﬁant
2230 2683 2389 2742 donis
2421 2689 2683 2760 illiciunt,
2718 2694 2883 2750 modo
2912 2699 3209 2756 nonnullos
3239 2708 3301 2757 ut
3328 2704 3488 2774 pravi

1885 2781 2238 2840 permaneant
2266 2779 2590 2835 muneribus
2636 2783 2967 2855 astringunt.
3001 2787 3146 2854 Quid
3196 2790 3381 2864 itaque
3425 2791 3494 2863 bi_

1883 2858 1991 2913 nisi
2021 2860 2351 2919 Antichristi
2384 2885 2505 2923 ossa
2533 2879 2681 2933 sunt.
2699 2873 2793 2944 qui
2806 2872 2938 2933 dum
2958 2876 3130 2932 malos
3150 2858 3486 2938 continendo

1883 2949 2278 3021 multiplicant,
2309 2956 2331 2989 ⁵
2362 2955 2419 3009 in
2454 2956 2572 3027 ejus
2614 2976 2841 3030 corpore
2889 2980 3079 3021 carnes
3120 2970 3385 3037 portant?
3414 2970 3484 3025 Hi

1881 3055 2278 3115 nonnunquam
2330 3044 2390 3099 in
2440 3045 2781 3119 decipiendis
2828 3052 3177 3111 auditoribus
3217 3058 3484 3115 exhibent

1882 3127 2082 3199 linguae
2120 3129 2493 3202 dulcedinem,
2525 3136 2654 3207 quia
2683 3143 2735 3191 et
2766 3137 2938 3209 spinae
2966 3142 3253 3213 proferunt
3281 3144 3478 3216 ﬂores;

144 3235 247 3274 vos
276 3216 395 3289 ejus
422 3217 665 3274 testiculi
712 3220 1010 3292 perplexos
1059 3221 1285 3291 habent,
1338 3224 1466 3296 quia
1513 3228 1765 3284 acumina

1884 3226 1931 3273 et
1959 3229 2181 3291 apparet
2203 3221 2425 3293 quidem
2470 3224 2528 3278 in
2568 3225 2647 3280 eis
2672 3227 2822 3298 quod
2850 3229 3015 3298 oleat,
3047 3232 3141 3287 sed
3171 3233 3301 3290 latet
3334 3236 3482 3308 quod

142 3306 573 3380 praedicatorum
606 3307 757 3364 illius
794 3309 901 3365 sub
930 3313 1272 3382 argumentis
1313 3312 1630 3385 duplicibus
1676 3317 1766 3371 la-

138 3403 281 3454 tent.
314 3396 644 3471 Plerumque
682 3407 866 3455 autem
900 3419 1027 3459 cum
1059 3402 1243 3458 verbis
1288 3403 1455 3459 corda
1484 3404 1760 3475 inﬁciunt,

139 3486 201 3542 in
232 3501 394 3558 opere
423 3486 800 3543 innocentiam
844 3490 1170 3548 ostendunt.
1215 3492 1402 3565 Neque
1431 3493 1579 3549 enim
1610 3495 1677 3551 ad
1708 3513 1764 3552 se

137 3577 318 3633 bonos
347 3579 702 3649 persuasione
732 3596 832 3636 sua
861 3581 1168 3652 traherent,
1200 3584 1247 3640 si
1278 3600 1333 3639 se
1362 3591 1416 3639 et
1445 3584 1501 3640 in
1531 3587 1762 3643 actioni-

138 3667 247 3723 bus
267 3682 554 3740 perversos
575 3668 925 3726 exhiberent.
959 3672 1065 3727 Sed
1097 3672 1227 3745 quia
1255 3680 1420 3729 testes
1435 3681 1566 3730 sunt
1595 3674 1762 3749 hujus

145 3755 367 3825 belluae,
414 3765 469 3812 et
505 3758 784 3830 perplexis
826 3761 1020 3816 nervis
1059 3762 1366 3833 illigantur,
1402 3772 1457 3818 et
1484 3772 1661 3820 rectos
1706 3783 1762 3825 se

147 3855 429 3904 ostentant
456 3856 520 3903 ut
558 3849 784 3917 lateant,
815 3857 868 3905 et
895 3866 1151 3922 perversa
1180 3850 1479 3923 praedicant
1523 3860 1586 3908 ut
1629 3872 1763 3911 cor-

143 3946 427 4009 rumpant,
456 3937 637 4009 ipsum
668 3938 935 3994 nimirum
965 3953 1129 3996 suum
1155 3941 1641 4013 capntimitantes,
1665 3943 1759 4015 qui

142 4027 302 4101 quasi
333 4027 419 4082 leo
450 4027 508 4082 in
540 4027 761 4084 insidiis
790 4037 845 4085 et
878 4031 1037 4087 saevit
1077 4048 1174 4103 per
1220 4035 1522 4105 potentiam
1554 4034 1759 4090 terreni

136 4116 421 4184 culminis,
453 4124 507 4171 et
536 4116 827 4173 blanditur
855 4134 958 4192 per
981 4121 1221 4193 speciem
1270 4122 1599 4180 sanctitatis.
1653 4123 1759 4179 Sed

136 4208 258 4265 haec
283 4206 469 4264 bellua
496 4209 710 4265 utinam
741 4217 878 4267 tunc
913 4212 1094 4268 solum
1128 4214 1262 4269 talia
1291 4223 1495 4286 ageret,
1527 4222 1580 4270 et
1608 4231 1757 4271 nurc

134 4313 358 4373 quoque
379 4298 447 4355 ad
476 4301 881 4374 corrumpenda
914 4302 1163 4359 ﬁdelium
1185 4305 1397 4363 viscera
1429 4307 1445 4340 ¹
1469 4304 1569 4361 hos
1590 4305 1754 4361 luxu-

130 4389 233 4445 riae
260 4390 544 4447 testiculos
579 4408 691 4447 non
714 4390 941 4449 haberet
967 4395 978 4449 l
1012 4395 1199 4468 Neque
1227 4396 1375 4451 enim
1406 4396 1610 4453 malum
1642 4396 1758 4452 sola

132 4480 416 4536 locutione
447 4481 560 4537 oris
587 4482 927 4552 infunditur,
980 4485 1080 4540 sed
1126 4485 1282 4558 pejus
1328 4493 1382 4542 et
1427 4503 1458 4543 a
1504 4486 1757 4559 pluribus

1878 3315 2102 3379 pungat.
2134 3310 2353 3366 Amaris
2374 3311 2578 3380 dulcia,
2608 3314 2794 3369 noxiis
2821 3315 3026 3373 blanda
3047 3321 3397 3391 permiscent,
3428 3334 3484 3382 et

1876 3404 2142 3467 potestate
2189 3399 2413 3471 quidem
2459 3400 2772 3459 admirandi
2821 3405 3002 3461 videri
3051 3416 3339 3481 appetunt,
3387 3414 3481 3470 sed

1875 3484 2104 3543 fallendi
2136 3489 2158 3524 ⁶
2187 3495 2301 3543 arte
2328 3506 2423 3561 per
2453 3491 2681 3547 remissa
2703 3493 2980 3566 colloquia
3009 3497 3163 3569 quasi
3194 3499 3483 3558 humiliter

1874 3574 2321 3646 substernuntur,
2368 3586 2423 3634 et
2462 3596 2558 3651 per
2594 3597 2903 3639 sermonem
2960 3583 3029 3641 de
3082 3603 3140 3644 se
3196 3587 3482 3649 insinuant

1874 3664 2021 3735 quod
2049 3681 2145 3737 per
2172 3666 2578 3725 exhibitionem
2607 3678 2829 3743 negant.

1944 3756 2033 3812 30.
2068 3758 2181 3815 Cur
2208 3760 2403 3830 ﬁstulis
2431 3762 2554 3816 (eris
2572 3770 2973 3833 comparantur.
2995 3795 3066 3807 —
3086 3766 3240 3823 Unde
3260 3775 3313 3825 et
3333 3776 3478 3827 recte

1872 3862 1995 3901 ossa
2022 3847 2327 3905 Behemoth
2353 3849 2514 3907 istius
2541 3852 2667 3909 aeris
2692 3854 2894 3910 ﬁstulis
2920 3866 3326 3928 comparantur,
3349 3860 3480 3931 quia

1872 3935 2162 4005 nimirum,
2194 3954 2344 3994 more
2367 3940 2578 3995 metalli
2608 3942 2968 4013 insensibilis,
2999 3962 3197 4001 sonum
3224 3946 3361 4002 bene
3391 3949 3477 4003 lo-

1873 4026 2077 4098 quendi
2107 4026 2333 4098 habent,
2380 4029 2475 4086 sed
2504 4048 2725 4087 sensum
2772 4032 2913 4088 bene
2930 4035 3167 4091 'vivendi
3213 4052 3325 4092 non
3375 4035 3473 4093 ha-

1869 4112 2018 4169 bent.
2052 4116 2168 4173 Hoc
2208 4133 2445 4191 namque
2484 4121 2640 4191 quasi
2683 4120 2973 4178 humiliter
3016 4123 3291 4197 loquendo
3334 4139 3475 4181 asse-

1869 4210 2020 4271 runt,
2052 4204 2200 4276 quod
2240 4207 2379 4262 elate
2418 4207 2660 4264 vivendo
2703 4217 3084 4268 contemnunt.
3136 4213 3291 4269 Unde
3335 4213 3474 4271 bene

1866 4307 1964 4363 per
1992 4293 2223 4349 Paulum
2251 4294 2494 4353 dicitur:
2538 4298 2596 4353 Si
2627 4298 2822 4370 linguis
2869 4300 3142 4357 hominum
3190 4302 3381 4374 loquar
3426 4309 3475 4358 et

1865 4386 2195 4455 angelorum,
2226 4388 2536 4443 charitatem
2563 4396 2738 4444 autem
2765 4408 2870 4445 non
2898 4392 3133 4461 habeam,
3166 4392 3340 4463 factus
3358 4409 3474 4448 sum

1864 4476 2006 4529 velut
2032 4493 2102 4530 (es
2130 4494 2323 4532 sonans
2342 4483 2440 4533 aut
2462 4480 2757 4550 cymbalum
2779 4481 3005 4537 tinniens
3026 4483 3085 4555 (Ι
3104 4485 3230 4541 Cor.
3254 4500 3373 4552 xm,
3392 4485 3468 4558 1).

131 4569 317 4642 operis
347 4571 601 4642 exemplo
632 4573 983 4643 propinatur.
1018 4573 1388 4640 Quammulti
1417 4577 1565 4631 enim
1597 4576 1754 4631 Anti-
1782 4583 1832 4643 D
1864 4563 2016 4620 Bona
2057 4565 2259 4638 quippe
2289 4565 2539 4640 loquens:
2568 4569 2661 4626 8θά
2692 4587 2789 4642 Per
2817 4588 3060 4629 amorem
3094 4573 3282 4630 eadem
3327 4573 3473 4630 bona

131 4659 409 4716 christum
431 4676 542 4717 non
565 4661 847 4730 viderunt,
872 4661 967 4718 sed
988 4669 1180 4720 tamen
1201 4665 1443 4721 testiculi
1466 4665 1582 4737 ejus
1603 4674 1751 4728 sunt,

130 4750 265 4823 quia
292 4750 463 4807 corda
506 4751 895 4807 innocentium
937 4753 1175 4809 actionis
1204 4772 1315 4811 sua:
1345 4757 1599 4828 exemplo
1627 4774 1749 4813 cor-

130 4849 421 4913 rumpunt.
458 4841 722 4915 Quisquis
752 4856 993 4916 namque
1042 4843 1099 4899 in
1147 4845 1402 4917 superbia
1439 4847 1746 4905 extollitur,

129 4931 387 5004 quisquis
406 4931 654 4987 avaritiae
674 4931 965 4989 desideriis
983 4933 1281 5004 cruciatur,
1305 4934 1555 5008 quisquis
1583 4937 1745 4992 luxu-

126 5020 227 5078 riae
276 5022 658 5093 voluptatibus
705 5024 963 5093 solvitur,
1015 5023 1266 5098 quisquis
1313 5024 1531 5097 injustae
1579 5035 1741 5100 atque

127 5110 506 5169 immoderata
556 5112 650 5169 iraa
698 5113 882 5186 ﬂagris
923 5114 1152 5187 ignitur,
1201 5115 1335 5188 quid
1376 5116 1527 5172 aliud
1573 5132 1737 5189 quam

127 5200 462 5258 Antichristi
493 5203 651 5259 testis
677 5213 758 5259 est
778 5204 807 5259 ?
836 5204 942 5271 Qui
966 5203 1096 5259 dum
1129 5219 1186 5260 se
1216 5204 1450 5260 libenter
1482 5202 1597 5276 ejus
1627 5204 1736 5261 usi-

124 5289 233 5348 bus
262 5290 534 5364 implicat,
568 5293 825 5366 exemplo
856 5308 957 5350 suo
985 5293 1111 5349 aliis
1139 5294 1341 5351 erroris
1363 5295 1385 5330 ²
1402 5294 1544 5351 fetus
1564 5294 1742 5351 mini-

204 5474 223 5509 ¹
255 5472 489 5543 Turon.,
519 5489 615 5528 nos
648 5474 900 5530 luxum.

202 5546 226 5579 ²
251 5544 481 5616 Pratel.,
512 5545 721 5601 erroris
747 5544 938 5616 fwdus,
980 5545 1168 5603 addita
1204 5554 1388 5604 tamen
1436 5548 1543 5603 alia
1589 5548 1741 5603 varia

125 5616 519 5773 lecg'fglflalg
554 5688 904 5773 testimgnium
928 5697 1112 5773 parat.
1134 5691 1287 5748 Editi
1307 5707 1459 5761 vero,
1484 5692 1739 5763 perhibet,

125 5759 277 5835 quod
308 5760 365 5816 in
392 5761 552 5816 nullo
580 5777 680 5816 ms.
716 5761 848 5819 Cod.
882 5759 1204 5834 reperimus.
1445 5759 1450 5761 ⁷
1484 5759 1502 5763 “

201 5835 223 5868 ⁴
254 5832 552 5890 Omittitur
581 5832 901 5905 conjunctio
930 5841 977 5889 et
1003 5835 1058 5890 in
1084 5834 1250 5891 duob.
1270 5835 1479 5902 Germ.,
1502 5834 1737 5902 Gemet.,

1864 4678 1976 4717 non
2032 4679 2281 4735 sequens,
2330 4666 2351 4700 ⁷
2401 4667 2554 4722 velut
2600 4684 2673 4723 ωε
2721 4676 2817 4724 aut
2862 4668 3177 4742 cymbalum
3226 4671 3468 4727 sonitum

1861 4750 2065 4820 reddit,
2100 4753 2231 4825 quia
2259 4753 2374 4825 ipse
2402 4770 2515 4810 non
2561 4758 2730 4812 sentit
2772 4757 2940 4813 verba
2987 4776 3108 4831 quae
3152 4760 3268 4831 ipse
3312 4759 3465 4817 facit.

1860 4840 1999 4915 [νει.
2049 4839 2257 4916 XVII.]
2308 4843 2448 4899 Sunt
2490 4860 2621 4900 vero
2662 4846 2918 4901 nonnulli
2954 4846 3011 4901 in
3060 4846 3225 4919 hujus
3270 4846 3468 4906 bellum

1854 4948 2082 5003 corpore
2112 4947 2222 4987 non
2257 4932 2565 4988 honoribus
2604 4934 2763 5001 clari,
2793 4950 2905 4989 non
2935 4933 3151 4990 divitiis
3178 4935 3325 5003 fulti,
3354 4953 3468 4994 non

1851 5022 2121 5077 virtutum
2143 5021 2321 5091 specie
2342 5020 2611 5087 decorati,
2640 5036 2751 5077 non
2782 5022 3011 5078 scientia
3031 5022 3352 5081 calliditatis
3376 5041 3465 5097 pe-

1847 5110 1965 5178 riti,
1997 5110 2091 5166 sed
2122 5118 2302 5166 tamen
2333 5110 2510 5165 videri
2551 5110 2739 5184 quales
2778 5127 2889 5166 non
2920 5116 3050 5166 sunt
3088 5109 3361 5181 ambiunt,
3409 5122 3465 5172 et

1850 5200 2059 5257 idcirco
2090 5210 2281 5257 contra
2329 5201 2604 5257 bonorum
2632 5201 2805 5256 vitam
2845 5201 3138 5276 nequiores
3185 5201 3346 5273 ﬁunt,
3394 5203 3462 5260 de

1851 5289 2052 5363 quibus
2080 5297 2135 5345 et
2162 5289 2413 5362 sequitur
2437 5306 2448 5345 :

1849 5472 2073 5539 Pratel.,
2103 5471 2227 5528 Val.
2258 5469 2364 5538 CL,
2397 5469 2569 5527 illaeso
2601 5486 2785 5527 sensu.

1922 5546 1943 5579 ⁵
1975 5544 2147 5647 abest
2170 5543 2227 5597 in
2255 5559 2286 5598 a
2320 5559 2449 5597 mss.
2480 5543 2692 5599 Gemet.
2727 5543 2959 5616 aliisque
2986 5544 3202 5614 Norm.,
3252 5544 3454 5618 Laud,

1880 5616 1950 5647 Val
2044 5617 2055 5647 Ι

1850 5615 2098 5743 va‘l'gzil.
2130 5687 2237 5755 Cl.,
2269 5693 2385 5743 arte
2410 5687 2712 5759 prwmissa,
2742 5688 3026 5759 colloquia,
3060 5697 3163 5747 etc.

1922 5760 1942 5794 ⁷
1974 5759 2035 5814 In
2066 5759 2302 5827 Gemet.,
2332 5768 2457 5815 ante
2487 5760 2905 5830 correctionem,
2954 5763 3094 5816 velut
3141 5778 3210 5817 (es
3254 5772 3448 5819 sonans

1849 5831 2138 5901 cymbalmn
2175 5833 2401 5887 sonitum
2432 5831 2623 5887 reddit.
