3936 6388
454 345 560 405 655

851 465 1076 523 CAPUT
1107 464 1288 524 XVIII
1319 464 1462 540 [Rea
1502 463 1649 541 XV].

518 557 656 613 Iam.
683 584 754 596 —
792 554 1066 628 Cartilago
1094 555 1265 622 illius,
1293 555 1450 627 quasi
1478 555 1688 613 laminae
1711 553 1918 626 ferrem.

518 641 607 699 31.
646 641 750 711 Qui
774 641 833 698 in
858 642 1176 700 Antichristi
1202 659 1422 716 corpore
1465 643 1739 700 debiliores
1783 648 1926 712 sunt,
1974 643 2048 700 ad

439 732 802 807 perpetranda
846 734 992 790 mala
1035 734 1311 806 nequiores
1353 733 1604 791 existunt.
1653 764 1724 776 —
1771 732 2045 806 Cartilago

445 837 684 897 namque
711 821 852 879 ossis
875 821 1100 896 quidem
1129 823 1366 896 speciem
1387 821 1573 892 habet,
1604 822 1697 879 sed
1725 821 1864 879 ossis
1889 821 2046 879 forti-

443 910 697 970 tudinem
726 927 839 967 non
869 909 1054 969 habet.
1103 911 1250 980 Quid
1289 919 1371 968 est
1420 928 1548 985 ergo
1591 911 1740 987 quod
1782 911 2045 984 cartilago

445 999 564 1073 ejus
591 996 816 1056 laminis
843 998 1038 1056 ferreis
1065 1006 1433 1072 comparatur,
1463 999 1573 1058 nisi
1595 1000 1743 1074 quod
1771 1000 1835 1057 hi
1861 999 1958 1074 qui
1985 1001 2046 1059 in

445 1090 544 1146 illo
579 1088 872 1146 debiliores
899 1097 1049 1160 sunt,
1080 1088 1151 1146 ad
1182 1090 1544 1164 perpetranda
1581 1092 1726 1148 mala
1753 1091 2047 1165 nequiores

444 1179 735 1238 existunt?
764 1180 930 1238 Ferro
959 1181 1161 1254 quippe
1190 1188 1387 1238 caetera
1414 1182 1637 1238 metalla
1655 1181 2045 1251 conciduntur,

443 1277 500 1326 et
527 1268 787 1342 cartilago
811 1268 930 1342 ejus
958 1268 1105 1326 ferro
1132 1269 1333 1326 similis
1362 1269 1590 1338 dicitur,
1619 1271 1748 1344 quia
1776 1271 1836 1328 hi
1865 1273 1962 1345 qui
1989 1271 2047 1328 in

444 1356 564 1430 ejus
587 1372 814 1429 corpore
841 1356 910 1413 ad
931 1357 1311 1415 ostensionem
1331 1359 1604 1416 virtutum
1631 1375 1743 1416 non
1767 1359 2051 1416 suﬁiciunt

443 1452 635 1503 contra
653 1461 843 1502 necem
857 1445 1108 1504 ﬁdelium
1128 1445 1312 1505 acrius
1329 1447 1723 1505 accenduntur.
1742 1448 1883 1516 Quia
1900 1446 2050 1504 enim

441 1548 569 1593 cum
599 1549 665 1592 eo
693 1551 750 1592 se
777 1534 957 1592 facere
985 1534 1142 1609 signa
1169 1542 1224 1592 et
1260 1535 1512 1610 prodigia
1539 1552 1653 1593 non
1678 1553 1836 1611 posse
1874 1537 2052 1596 consi-

443 1623 657 1692 derant,
689 1621 882 1680 ﬁdeles
911 1639 971 1680 se
1000 1623 1084 1680 illi
1124 1639 1220 1697 per
1259 1625 1642 1682 crudelitatem
1690 1625 1954 1699 probant;
2000 1627 2054 1681 et

441 1730 542 1788 pro
569 1729 635 1770 eo
664 1714 818 1787 quod
844 1714 1233 1772 innocentium
1261 1715 1430 1772 corda
1454 1733 1807 1791 corrumpere
1838 1734 2057 1790 persua.

1645 341 1895 400 SANCTI
1940 341 2277 399 GREGORII
2313 339 2540 399 MAGNI

3647 339 3758 396 656

2074 467 2124 527 A
2150 464 2323 523 cauda
2367 464 2520 537 ligat,
2563 463 2693 538 quia
2729 461 3073 536 suggestione
3116 461 3295 534 prima
3340 461 3609 535 percutit,
3660 461 3761 518 sed

2152 570 2463 628 percussam
2493 559 2756 622 mentem,
2786 568 2854 609 ne
2882 551 3112 610 evadere
3138 550 3340 620 valeat,
3374 550 3764 609 invalescente

2152 643 2264 700 ﬁne
2288 641 2631 711 tentationis,
2660 641 2931 714 astringit.
2949 640 3089 711 Quia
3106 641 3254 698 enim
3269 647 3556 714 peccatum
3578 638 3767 698 tribus

2153 733 2334 792 modis
2360 733 2693 802 admittitur,
2714 749 2841 790 cum
2869 731 3130 790 videlicet
3158 731 3427 804 serpentis
3454 730 3766 804 suggestio-

2152 842 2242 896 ne,
2273 826 2456 884 carnis
2482 825 2866 895 delectatione,
2895 825 3121 900 spiritus
3151 824 3515 891 consensione
3554 839 3770 898 perpe—

2150 926 2350 987 tratur,
2381 916 2686 974 Behemoth
2725 916 2848 986 iste,
2896 916 3050 990 prius
3078 917 3276 974 illicita
3304 931 3627 990 suggerens,
3660 913 3771 971 lin-

2155 1025 2315 1082 gnam
2345 1009 2553 1077 exerit;
2612 1015 2756 1081 post,
2810 1007 2879 1064 ad
2935 1006 3352 1064 delectationem
3410 1003 3769 1080 pertrahens,

2155 1097 2374 1154 dentem
2405 1097 2562 1170 ﬁgit;
2595 1098 2663 1154 ad
2691 1104 3003 1153 extremum
3031 1112 3182 1165 vero,
3213 1111 3313 1168 per
3337 1093 3772 1152 consensionem

2157 1185 2461 1260 possidens,
2492 1185 2721 1243 caudam
2751 1185 2990 1257 stringit.
3023 1185 3167 1242 Hinc
3181 1191 3264 1242 est
3276 1183 3425 1241 enim
3450 1181 3605 1257 quod
3628 1196 3773 1240 non-

2157 1276 2297 1332 nulli
2327 1283 2548 1349 peccata
2576 1276 2740 1348 longo
2762 1291 2868 1332 usu
2897 1280 3205 1348 perpetrata
3230 1274 3288 1330 in
3318 1273 3635 1347 semetipsis
3660 1270 3772 1346 ipsi

2157 1365 2587 1439 reprehendunt,
2615 1373 2779 1439 atque
2807 1365 2925 1422 haec
2943 1380 3013 1421 ex
3035 1363 3248 1436 judicio
3275 1363 3519 1438 fugiunt,
3548 1363 3649 1422 sed
3678 1362 3773 1418 vi-

2160 1465 2274 1514 tare
2301 1473 2464 1531 opere
2493 1472 2596 1513 nec
2621 1455 2961 1513 decertantes
2988 1462 3238 1528 possunt,
3270 1454 3400 1528 quia
3427 1453 3565 1510 dum
3596 1451 3776 1512 Behe-

2161 1546 2317 1604 moth
2348 1547 2508 1604 istius
2536 1553 2702 1619 caput
2730 1561 2841 1603 non
2867 1551 3185 1614 conterunt,
3217 1545 3545 1618 plerumque
3592 1544 3776 1602 cauda

2162 1645 2217 1696 et
2243 1637 2493 1694 nolentes
2520 1635 2779 1708 ligantur.
2822 1634 2953 1704 Quae
2982 1641 3175 1691 contra
3202 1649 3294 1690 eos
3322 1633 3473 1691 cedri
3500 1649 3660 1690 more
3688 1633 3778 1690 in-

2160 1728 2374 1796 duruit,
2396 1726 2526 1801 quia
2544 1741 2576 1781 a
2602 1724 2805 1782 blanda
2825 1724 3106 1796 voluptate
3126 1721 3342 1780 exordii
3356 1737 3533 1797 usque
3561 1721 3636 1778 ad
3654 1723 3778 1780 vio-

442 1801 624 1860 dendo
652 1817 765 1858 non
808 1809 1061 1875 possunt.
1109 1803 1481 1876 multiplicius
1528 1807 1742 1862 caeteris
1781 1806 2055 1863 bonorum
2087 1828 2134 1890 Β
2163 1817 2389 1874 lentiam
2419 1814 2744 1872 retentionis
2773 1813 3040 1871 excrevit.
3078 1812 3309 1870 Dicatur
3335 1828 3501 1886 ergo:
3544 1812 3779 1885 Stringit

441 1904 675 1963 corpora
699 1904 756 1946 se
782 1890 1139 1962 exstinguere
1159 1891 1489 1964 gloriantur.
1513 1893 1659 1950 Bene
1679 1910 1808 1968 ergo
1828 1895 2052 1954 dicitur:

448 1984 644 2044 1064
674 1979 952 2052 Cartilago
980 1978 1094 2049 ejus
1121 1985 1183 2034 ut
1216 1980 1428 2036 lamina:
1452 1980 1664 2052 ferrea,
1695 1984 1825 2057 quia
1852 1983 1911 2040 in
1940 1983 2058 2058 ejus

443 2093 674 2151 corpore
701 2075 851 2152 quod
878 2075 1159 2134 inﬁrmius
1186 2077 1422 2152 quisque
1440 2078 1758 2148 crediderit,
1794 2083 1811 2118 ³
1842 2080 1949 2139 hoc
1976 2089 2059 2140 est

445 2166 596 2242 quod
623 2165 864 2240 nequius
892 2165 1112 2224 incidit.
1144 2166 1253 2236 Qui
1281 2174 1429 2226 recte
1456 2185 1569 2226 non
1616 2169 1763 2228 ferro
1803 2178 2059 2229 tantum-

445 2255 636 2324 modo,
688 2255 784 2312 sed
828 2256 1052 2314 laminis
1092 2256 1288 2314 ferreis
1322 2267 1736 2333 comparantur,
1767 2261 1897 2335 quia
1924 2260 2058 2318 dum

444 2365 504 2407 se
558 2351 988 2424 circumquaque
1033 2350 1423 2411 incrudelitate
1489 2354 1722 2412 dilatare
1781 2356 2055 2427 ambiunt,

446 2440 603 2514 quasi
631 2439 692 2497 in
722 2439 858 2498 ferri
882 2457 944 2499 se
966 2440 1200 2500 laminas
1229 2443 1557 2503 extendunt.
2006 2499 2015 2508 .

520 2523 667 2601 [Rea
698 2526 878 2613 Χνζ]
910 2528 1000 2587 32.
1030 2528 1193 2588 Libet
1218 2531 1448 2590 arctiori
1476 2532 1859 2607 inquisitionis
1889 2550 2058 2592 manu

447 2611 568 2678 hac
591 2618 783 2676 eadem
814 2611 984 2678 verba
1008 2621 1338 2693 conditoris,
1368 2640 1491 2698 quae
1513 2621 1632 2697 jam
1661 2624 1924 2682 videntur
1950 2624 2060 2683 dis-

449 2722 630 2779 cussa,
676 2708 702 2745 ²
729 2708 1093 2783 distinguere,
1143 2718 1309 2786 atque
1352 2712 1634 2773 uberiores
1679 2713 2058 2788 intelligentiae

446 2796 663 2856 fructus
690 2797 1032 2858 instruendis
1051 2800 1301 2858 moribus
1328 2811 1638 2877 apportare.
1655 2804 1794 2861 Nam
1817 2804 1947 2880 quia
1965 2821 2058 2863 an-

446 2886 620 2960 tiquis
643 2887 820 2946 hostIs
849 2889 984 2964 quid
1025 2906 1123 2964 per
1161 2901 1502 2966 assumptum
1553 2892 1838 2952 hominem
1867 2902 2059 2952 contra

447 2973 708 3034 homines
737 2985 863 3052 agat
890 2978 1230 3050 audivimus,
1270 2989 1517 3054 superest
1558 2989 1621 3040 ut
1662 2999 1814 3042 nunc
1840 2983 1975 3058 quid
1999 2984 2059 3040 in

447 3064 771 3124 hominibus
798 3067 965 3125 etiam
992 3084 1092 3142 per
1115 3069 1471 3144 semetipsum
1510 3071 1631 3129 sine
1677 3072 1908 3131 homine
1945 3089 2061 3130 mo-

447 3152 617 3214 liatur
642 3156 1017 3230 exploremus.
1047 3158 1194 3215 Ecce
1222 3159 1372 3215 enim
1400 3159 1609 3218 dicitur
1631 3179 1645 3220 :

1040 3255 1268 3315 CAPUT
1309 3257 1464 3318 XIX.

521 3347 698 3413 Vnus.
730 3349 818 3410 12.
848 3378 922 3395 -—
956 3353 1189 3427 Stringit
1212 3355 1440 3412 caudam
1467 3373 1622 3414 suam
1649 3358 1807 3430 quasi
1831 3359 2062 3417 cedrum.

523 3439 614 3499 33.
644 3441 839 3498 Prima
866 3440 1072 3498 diaboli
1094 3444 1350 3516 suggestio
1384 3451 1561 3503 tenera
1579 3453 1654 3503 est
1679 3453 1728 3503 et
1749 3447 1909 3520 facile
1934 3465 2068 3504 con-

460 3529 682 3590 teritur.
717 3530 820 3588 Sed
837 3537 1024 3604 postea
1051 3531 1220 3589 robur
1243 3533 1356 3604 ejus
1383 3536 1447 3608 ﬁt
1473 3535 1819 3594 intolerabile.
1867 3539 2070 3596 Pecca-

455 3624 566 3676 tum
600 3617 771 3676 tribus
810 3619 984 3677 modis
1029 3621 1352 3682 admittitur.
1409 3654 1482 3668 -—
1535 3625 1721 3684 Prima
1769 3628 1792 3664 ³
1844 3627 2068 3702 quidem

452 3707 722 3783 serpentis
773 3709 1054 3784 suggestio
1095 3711 1282 3770 mollis
1323 3729 1388 3771 ac
1433 3721 1625 3774 tenera
1667 3723 1770 3787 est,
1816 3724 1872 3774 et
1909 3717 2069 3775 facile

454 3799 680 3858 virtutis
708 3799 846 3875 pede
873 3801 1235 3874 conterenda,
1265 3803 1362 3861 sed
1389 3804 1440 3862 si
1467 3804 1588 3865 haec
1615 3805 1953 3865 invalescere
1977 3823 2070 3867 ne.

454 3889 724 3964 gligenter
763 3888 1104 3963 admittitur,
1140 3891 1301 3966 eique
1355 3894 1426 3952 ad
1480 3912 1576 3954 cor
1629 3895 1814 3954 aditus
1842 3896 2072 3954 licenter

451 3977 750 4053 praebetur,
780 3986 936 4037 tanta
953 3996 1012 4038 se
1041 3979 1248 4038 virtute
1267 3994 1578 4058 exaggerat,
1607 3993 1672 4043 ut
1690 3994 1905 4060 captam
1921 4002 2072 4044 men-

453 4077 568 4128 tem
596 4068 935 4145 deprimens,
966 4086 1140 4146 usque
1169 4070 1241 4131 ad
1267 4072 1622 4134 intolerabile
1649 4077 1820 4136 robur
1845 4094 2074 4136 excres-

455 4165 568 4217 cat.
622 4158 867 4218 Caudam
897 4160 1085 4234 itaque
1113 4162 1269 4234 quasi
1294 4162 1521 4221 cedrum
1550 4164 1819 4238 stringere
1847 4166 2072 4238 dicitur,

459 4251 594 4327 quia
623 4252 794 4308 semel
823 4249 943 4324 ejus
971 4251 1035 4308 in
1060 4252 1225 4310 corde
1253 4261 1472 4327 recepta
1495 4256 1750 4326 tentatio,
1769 4257 1830 4314 in
1857 4255 2073 4315 cunctiﬂ

460 4356 583 4416 quae
611 4338 1009 4412 subsequenter
1042 4338 1298 4397 intulerit
1321 4342 1476 4399 velut
1501 4357 1571 4398 ex
1591 4341 1717 4415 jure
1736 4343 2070 4424 dominatur.

461 4429 642 4503 Hujus
663 4445 792 4502 ergo
820 4428 1135 4487 Behemoth
1165 4438 1331 4506 caput
1351 4430 1522 4489 herba
1539 4440 1642 4501 est,
1663 4434 1835 4492 cauda
1853 4435 2070 4508 cedrus,

463 4519 596 4595 quia
624 4533 697 4574 ex
725 4516 906 4592 prima
936 4517 1159 4592 quidem
1208 4521 1555 4594 suggestione
1592 4522 1882 4582 blandiens
1929 4525 2072 4582 sub—

463 4607 752 4677 sternitur,
797 4607 894 4666 sed
939 4623 1038 4682 per
1086 4624 1249 4665 usum
1299 4609 1652 4669 vehementer
1705 4614 2068 4685 invalescens,

465 4706 845 4755 succrescente
886 4697 1209 4755 tentationis
1246 4698 1378 4770 ﬁne,
1407 4701 1715 4760 roboratur.
1756 4703 2076 4778 Superabile

463 4800 705 4861 namque
731 4794 816 4845 est
843 4803 1009 4845 omne
1038 4787 1187 4862 quod
1216 4788 1380 4847 initio
1407 4791 1670 4865 suggerit,
1698 4792 1795 4850 sed
1822 4792 1951 4850 inde
1979 4810 2079 4850 se-

465 4877 679 4952 quitur,
709 4877 860 4953 quod
886 4877 1040 4936 vinci
1069 4878 1168 4935 vix
1197 4879 1388 4952 possit.
1419 4880 1580 4939 Prius
1598 4882 1748 4941 enim
1771 4883 1926 4957 quasi
1945 4894 2074 4957 conj

465 4946 880 5025 s—ulens'bl-anda
907 4966 980 5024 ad
1005 4946 1257 5024 animum
1290 4968 1575 5043 loquitur;
1619 4969 1716 5027 sed
1749 4946 1876 5029 cum
1906 4946 2076 5029 semel

466 5052 690 5116 dentem
722 5057 1108 5118 delectationis
1137 5057 1409 5128 inﬁxerit,
1437 5059 1682 5118 violenta
1704 5068 1827 5134 post
1850 5078 2075 5120 consue.

467 5147 662 5204 tudine
692 5163 830 5222 pene
859 5146 1236 5205 insolabiliter
1283 5145 1602 5206 innodatur.
1647 5148 1802 5207 Unde
1843 5157 1898 5206 et
1937 5150 2079 5208 bene

471 5236 752 5310 stringere
804 5236 1041 5296 caudam
1098 5235 1327 5295 dicitur.
1391 5237 1568 5296 Dente
1620 5238 1769 5300 enim
1822 5240 2077 5298 vulnerat

546 5441 566 5475 ί
593 5437 725 5508 Ed.,
755 5441 1290 5524 eg‘nequiusjncidil.
1317 5443 1706 5524 Expressimus
1723 5445 1852 5508 Mss.
1885 5446 2072 5524 lectioi

473 5524 623 5593 nem,
653 5525 732 5593 sc.
775 5511 997 5593 Ebroic.
1041 5516 1385 5593 aliorumque
1407 5511 1628 5593 Noun,
1648 5521 1891 5593 ,Turon.,
1923 5523 2074 5581 Vin—

476 5578 872 5669 ςρςηρεςωε,
909 5584 1112 5669 μωρίη
1141 5588 1263 5669 νςιι.
1295 5578 1392 5647 “CI.
1441 5599 1495 5647 et
1518 5578 1711 5669 _c9'rb._
1751 5578 1962 5664 Germ,
2012 5593 2073 5650 in

475 5665 585 5722 quo
615 5651 813 5721 legitur
838 5651 1352 5756 inﬁrmus'quisque,
1380 5677 1480 5734 pro
1509 5662 1794 5734 infirmius.
1945 5651 1961 5664 ’

548 5720 571 5756 3
600 5721 761 5756 Carm
913 5725 1074 5756 "nam.
1182 5729 1381 5756 L‘L--:-
1458 5733 1656 5756 ,ιιι-η-
1714 5737 1875 5756 v-_M
1990 5736 2035 5756 1,-

492 5721 520 5789 ί
600 5721 809 5792 Germ.,
858 5721 1138 5799 Vindoc.,'
1181 5721 1402 5790 Ebro-ie:
1456 5721 1661 5807 aliique
1713 5737 1929 5808 Norm.,
1978 5736 2074 5794 die

475 5794 748 5864 stringere.

2164 1907 2387 1964 caudam
2416 1921 2567 1961 suam
2593 1904 2751 1976 quasi
2776 1905 3011 1969 cedrum,
3038 1911 3102 1960 ut
3132 1909 3284 1961 tanto
3307 1903 3544 1976 quisque
3577 1902 3781 1961 debeat

2164 1995 2326 2053 initia
2351 1992 2673 2050 tentationis
2697 1991 2905 2064 fugere,
2936 2000 3142 2067 quanto
3161 1990 3329 2048 ﬁnem
3358 1989 3479 2064 ejus
3508 1990 3781 2064 intelligit

2164 2083 2332 2142 citius
2356 2082 2498 2139 solvi
2528 2098 2640 2140 non
2669 2098 2847 2154 posse.

2238 2172 2377 2249 [Vet.
2406 2169 2644 2247 XVIII.]
2676 2171 2764 2228 34.
2796 2171 3056 2230 Diabolus
3081 2188 3196 2228 cum
3226 2171 3347 2229 vita
3365 2171 3491 2245 finis
3509 2170 3781 2238 imminet,

2167 2268 2287 2318 tunc
2310 2261 2581 2334 graviores
2611 2261 2917 2316 lentationes
2945 2263 3286 2334 suggerit.—
3306 2261 3612 2318 Sciendum
3642 2278 3782 2337 quo-

2165 2367 2270 2424 que
2295 2357 2377 2408 est
2402 2350 2551 2424 quod
2580 2351 2901 2424 plerumque
2931 2350 3010 2406 eis
3037 2367 3175 2425 quos
3202 2351 3408 2424 ceperit
3453 2358 3594 2410 tunc
3643 2368 3785 2426 gra-

2165 2440 2346 2498 viores
2373 2441 2562 2513 culpas
2590 2438 2810 2512 ingerit,
2853 2457 2981 2497 cum
3023 2440 3308 2514 praesentis
3351 2441 3481 2498 vita:
3530 2441 3783 2499 termino

2166 2531 2291 2587 illos
2318 2531 2686 2604 propinquare
2714 2530 3026 2602 cognoscit;
3075 2538 3131 2587 et
3167 2547 3277 2604 quo
3307 2546 3364 2588 se
3409 2547 3787 2588 consumma-

2164 2626 2352 2677 turum
2383 2619 2743 2677 tentationem
2769 2619 3100 2689 considerat,
3155 2636 3220 2678 eo
3273 2620 3354 2678 eis
3408 2620 3787 2694 iniquitatum

2166 2710 2407 2784 pondera
2446 2709 2698 2782 graviora
2735 2717 3036 2767 coacervat.
3099 2708 3405 2767 Behemoth
3443 2711 3616 2784 igitur
3653 2727 3787 2768 cau-

2166 2799 2292 2856 dam
2338 2816 2492 2856 suam
2542 2800 2699 2873 quasi
2741 2800 2964 2858 cedrum
3008 2799 3252 2874 stringit,
3308 2803 3439 2876 quia
3485 2817 3626 2875 quos
3683 2818 3789 2875 per

2167 2906 2335 2963 prava
2364 2889 2527 2946 initia
2555 2890 2782 2963 ceperit,
2828 2891 2899 2946 ad
2928 2890 3093 2948 ﬁnem
3124 2890 3424 2949 deteriores
3460 2890 3666 2960 reddit,
3717 2900 3791 2950 ut

2166 2986 2505 3035 tentamenta
2533 2978 2650 3051 ejus
2679 2996 2790 3054 quo
2817 2979 2983 3037 citius
3012 2988 3289 3038 cessatura
3312 2989 3464 3050 sunt,
3493 2997 3560 3038 eo
3589 2980 3787 3038 valen-

2166 3067 2278 3126 tius
2303 3069 2703 3142 compleantur.
2727 3069 2869 3138 Quia
2887 3070 3036 3128 enim
3067 3070 3182 3128 suis
3209 3071 3386 3145 pomis
3414 3087 3609 3129 eorum
3637 3081 3787 3130 sata-

2087 3195 2133 3258 c
2169 3159 2247 3233 git
2275 3176 2490 3233 aequare
2515 3159 2869 3233 supplicium,
2907 3166 3098 3225 1065
3125 3161 3183 3218 in
3213 3162 3293 3219 eis
3327 3161 3615 3220 ardentius
3651 3172 3791 3222 ante

2172 3265 2406 3316 mortem
2436 3258 2637 3316 nititur
2663 3275 2826 3316 omne
2856 3275 3180 3334 exaggerare
3201 3267 3508 3333 peccatum.
3528 3259 3790 3318 Plerum-

2174 3365 2280 3425 que
2303 3365 2435 3405 vero
2459 3347 2764 3405 Behemoth
2786 3349 2886 3406 iste
2909 3347 3025 3423 jam
3054 3367 3151 3408 cor
3174 3349 3320 3406 male
3349 3348 3640 3407 subditum
3661 3365 3796 3424 pos-

2175 3430 2338 3509 sidet,
2369 3437 2466 3495 sed
2511 3445 2696 3494 tamen
2748 3436 2940 3495 divina
2987 3438 3148 3496 illum
3203 3438 3378 3514 gratia
3431 3438 3678 3512 repellit,
3734 3448 3798 3498 et

2176 3544 2372 3585 manus
2417 3527 2812 3585 misericordiae
2844 3528 3017 3603 ejicit,
3048 3545 3212 3604 quem
3241 3528 3311 3587 ad
3339 3543 3397 3585 se
3425 3527 3648 3601 captiva
3676 3544 3798 3584 vo-

2176 3615 2703 3676 luntasintroduxit.
2728 3617 2977 3692 Cumque
2996 3617 3200 3676 acorde
3211 3618 3531 3692 expellitur,
3542 3618 3797 3676 acriores

2179 3706 2404 3779 inﬁgere
2433 3707 2789 3781 iniquitatum
2823 3706 3078 3766 stimulos
3105 3715 3359 3775 conatur,
3382 3715 3446 3766 ut
3473 3724 3568 3766 eos
3596 3715 3800 3766 tenta-

2178 3797 2395 3856 tiouum
2427 3796 2628 3857 ﬂuctus
2659 3815 2818 3856 mens
2836 3799 2905 3857 ab
2924 3799 3022 3857 illo
3044 3799 3367 3874 impugnata
3391 3798 3618 3870 sentiat,
3648 3815 3797 3873 quos

2179 3889 2342 3945 etiam
2376 3905 2624 3962 possessa
2652 3887 2948 3947 nesciebat.
3000 3888 3162 3958 Quod
3200 3888 3341 3948 bene
3373 3887 3436 3946 in
3477 3887 3796 3962 Evangelio

2180 3977 2530 4050 exprimitur,
2579 3994 2707 4036 cum
2736 3978 2890 4035 exire
2915 3978 2986 4035 ab
3013 3977 3240 4037 homine
3267 3977 3595 4036 immundus
3626 3978 3796 4052 spiri-

2179 4072 2270 4123 tus
2295 4067 2533 4125 Domino
2555 4066 2784 4141 jubente
2811 4075 3087 4127 narratur.
3102 4068 3241 4127 Nam
3262 4085 3391 4128 cum
3410 4066 3798 4130 daamoniacus

2181 4175 2317 4233 puer
2344 4159 2540 4218 fuisset
2561 4160 2799 4231 oblatus,
2843 4161 3110 4235 scriptum
3137 4168 3252 4218 est:
3301 4161 3675 4220 Comminatus
3720 4169 3798 4218 est

2180 4250 2331 4306 Iesus
2348 4251 2567 4324 spiritui
2597 4249 2886 4319 immundo,
2915 4253 3090 4309 dicens
3122 4269 3134 4308 :
3170 4251 3343 4310 Surde
3376 4256 3426 4309 et
3463 4258 3607 4309 mute
3627 4252 3798 4325 spiri-

2184 4347 2288 4411 tus,
2316 4359 2404 4414 ego
2432 4343 2527 4398 tibi
2544 4343 2823 4417 prazcipio,
2845 4343 2932 4400 exi
2949 4342 3014 4401 ab
3035 4360 3114 4414 eo,
3135 4350 3183 4400 et
3199 4343 3434 4416 amplius
3460 4360 3526 4400 ne
3554 4344 3797 4401 introeas

2182 4430 2240 4486 in
2267 4447 2402 4489 eum.
2451 4433 2525 4489 Et
2552 4434 2874 4504 exclamans,
2922 4439 2974 4490 et
3013 4435 3241 4491 multum
3293 4433 3596 4506 discerpens
3647 4450 3795 4504 eum,

2181 4518 2345 4574 exivit
2357 4519 2422 4575 ab
2442 4537 2499 4575 eo
2523 4520 2716 4592 (Marc.
2735 4519 2920 4590 111,24,
2933 4519 3204 4594 25).Ecce
3223 4536 3350 4577 eum
3362 4537 3477 4578 non
3487 4519 3796 4594 dier

2180 4617 2265 4665 rat
2293 4625 2421 4667 cum
2453 4609 2696 4680 tenebat,
2739 4610 2930 4668 exiens
2979 4608 3291 4684 discerpsit,
3343 4610 3476 4684 quia
3516 4610 3796 4668 nimirum

2181 4705 2316 4756 tunc
2343 4697 2498 4772 pejus
2534 4699 2895 4772 cogitationes
2939 4698 3141 4757 mentis
3181 4698 3437 4770 dilaniat,
3462 4700 3486 4736 ⁴
3514 4716 3647 4757 cum
3673 4698 3796 4774 jam

2181 4788 2423 4862 egressui
2449 4787 2640 4845 divina
2668 4789 2874 4846 virtute
2901 4789 3222 4862 compulsus
3247 4789 3681 4863 appropinquat.
3722 4790 3796 4847 Et

2183 4894 2345 4953 quem
2376 4886 2562 4937 mutus
2590 4878 2924 4955 possederat,
2951 4896 3080 4938 cum
3107 4879 3446 4938 clamoribus
3479 4878 3793 4951 deserebat,

2183 4968 2312 5042 quia
2337 4971 2660 5044 plerumque
2705 4988 2831 5028 cum
2878 4969 3142 5045 possidet,
3185 4968 3402 5026 minora
3446 4975 3797 5027 tentamenta

2183 5058 2424 5133 irrogat;
2457 5079 2582 5120 cum
2613 5079 2745 5120 vero
2773 5062 2842 5120 de
2870 5061 3033 5121 corde
3063 5061 3311 5135 pellitur,
3341 5059 3545 5118 acriori
3567 5062 3794 5118 infesta-

2181 5150 2334 5208 tione
2361 5151 2665 5224 perturbat.
2698 5152 2844 5209 Bene
2871 5152 3057 5226 itaque
3092 5151 3329 5210 dicitur:
3382 5151 3617 5224 Stringit
3657 5167 3795 5208 cau-

2182 5245 2307 5302 dam
2337 5261 2490 5302 suam
2535 5244 2691 5316 quasi
2735 5243 2971 5312 cedrum,
3018 5241 3150 5316 quia
3193 5251 3248 5300 et
3293 5243 3315 5280 ⁸
3364 5257 3462 5301 cor
3503 5241 3793 5317 possidens

2253 5446 2276 5534 ξ
2304 5447 2504 5534 grate}:
2537 5452 2591 5507 et
2617 5447 2729 5508 duo
2755 5444 2967 5532 Germ,
2993 5445 3206 5522 quippe.
3278 5522 3290 5534 .
3335 5523 3380 5534 ﬂ
3695 5519 3706 5534 .

2254 5524 2275 5559 ‘
2304 5525 2426 5580 Duo
2455 5523 2662 5591 Germ.,
2684 5540 2802 5578 cum
2811 5521 2931 5592 jam
2949 5520 3184 5594 egressus
3203 5522 3307 5578 sui.
3334 5520 3519 5590 Edili,
3546 5540 3673 5580 cum
3682 5520 3788 5594 iam

2184 5595 2402 5650 termino
2431 5611 2663 5666 egressus
2689 5595 2986 5666 suidivina.
3005 5594 3190 5650 Secuti
3203 5610 3396 5652 sumus
3407 5595 3540 5653 Mss.
3555 5596 3788 5666 Turon.,

2182 5664 2677 5734 Vindoc.,‘Laud.,
2701 5665 2928 5723 Ebroic.
2958 5666 3203 5734 aliosque
3230 5667 3428 5724 Norm.

2179 5737 2502 5866 deLLaudq
2529 5737 2695 5797 Corb.
2727 5737 2911 5796 Germ.
2943 5752 3007 5796 ac
3034 5736 3158 5798 Val.
3208 5736 3320 5809 CL,
3367 5756 3567 5814 camus
3604 5739 3791 5814 possi-
