3936 6380
195 370 299 427 657
987 376 1368 437 MOBALIUM
1405 381 1539 439 LIB.
1587 368 1823 443 xxxii.
1865 414 1930 427 —
1964 389 2038 447 1N
2073 388 2300 449 CAPUT
2338 392 2435 451 XL
2474 393 2537 453 Β.
2576 397 2718 456 JOB.
3398 403 3505 462 658

192 515 414 604 semper
442 497 503 555 in
535 500 749 604 malitia
776 515 845 600 ex
866 504 1291 604 "posterioribus
1345 509 1559 575 crescit,
1611 518 1665 566 et
1705 528 1801 568 cor
1831 514 1881 574 A
1913 514 2195 573 discernit.
2230 518 2332 575 Cui
2364 519 2593 577 fortasse
2622 522 2669 578 is
2715 524 2810 597 qui
2842 524 2960 582 sine
2992 526 3206 600 judicio
3254 531 3481 604 eligitur

190 588 455 694 deserens
475 588 985 694 vehementioribus
1006 593 1399 665 cogitationum
1419 598 1657 656 stimulis
1686 618 1803 673 per-
1910 622 2036 661 cum
2067 622 2294 679 praeesse
2318 609 2433 681 jam
2462 575 2752 684 ctraperit,16
2772 616 2858 687 agi
2881 575 3012 689 qqu
3029 620 3129 675 Dei
3158 628 3287 677 sunt
3314 575 3501 694 limbi:

189 678 357 776 cutit.
385 676 536 783 [.Rec.
566 679 792 783 XVIIL].
826 680 1028 779 Adhuc
1069 692 1252 781 autem
1293 686 1604 744 Behemoth
1644 691 1802 783 istius
1909 696 2021 766 bet,
2056 676 2178 772 quae
2206 676 2401 757 mundi
2431 676 3009 776 sunijubet.Pensans
3039 709 3221 783 itaque

195 768 342 823 mira
365 768 585 873 pietate‘
603 768 916 873 conditoris
931 770 1197 830 astutiora
1217 785 1536 847 argumenta
1554 780 1800 852 pandun-
1909 788 1997 843 vel
2028 768 2149 862 quae
2181 792 2254 847 sit
2271 792 2432 864 culpa
2462 768 2871 864 inobedientize,
2896 798 2981 853 vel
3010 768 3158 870 quod
3185 768 3500 873 contagium

191 866 308 927 tur,
343 874 470 915 cum
502 858 762 916 subditur
794 878 807 917 :

1948 858 2187 938 ecularis
2217 858 2382 953 vitae;
2400 891 2454 942 et
2482 884 2704 943 obedire
2734 858 2992 960 trepidat,
3025 858 3079 944 et
3126 907 3237 946 non
3279 858 3502 949 obEdire

803 973 1033 1031 CAPUT
1065 976 1194 1034 xx,
1908 969 2191 1041 formidat,
2219 990 2286 1028 ne
2322 981 2417 1029 aut
2441 974 2701 1031 obediens
2729 978 2904 1033 Deum
2953 979 3011 1034 in
3061 980 3175 1036 suis
3217 982 3502 1054 praeceptis

265 1065 659 1122 Imm—Nervi
689 1067 1047 1123 testiculorum
1076 1069 1188 1137 ejus
1212 1072 1457 1143 perplemi
1479 1078 1618 1129 sunt.

1947 1070 2140 1130 eserat,
2172 1071 2267 1118 aut
2309 1081 2528 1120 rursum
2581 1082 2693 1121 non
2740 1066 3002 1125 obediens
3032 1069 3207 1125 Deum
3238 1070 3296 1126 in
3328 1072 3500 1128 electo

268 1154 359 1211 35.
401 1156 624 1211 Peccata
654 1156 729 1211 ita
761 1157 1034 1228 implicata
1064 1167 1208 1228 sunt,
1239 1167 1298 1215 ut
1322 1162 1448 1216 dum
1476 1179 1637 1216 unum
1668 1162 1797 1217 vita-

1947 1154 2087 1209 riore
2116 1162 2467 1223 contemnat;
2498 1163 2551 1211 et
2571 1165 2683 1225 aut,
2716 1158 2930 1215 illicitis
2963 1159 3365 1233 obtemperans,
3396 1162 3501 1220 hoc

193 1249 309 1313 tur,
343 1244 455 1314 fere
486 1261 692 1316 semper
722 1246 967 1302 labantur
994 1248 1051 1302 in
1078 1251 1250 1307 aliud.
1291 1251 1480 1307 Tribus
1522 1253 1799 1307 ordinibus
1907 1243 2053 1316 quod
2075 1261 2173 1316 PFO
2203 1246 2315 1301 Πθο
2338 1248 2545 1319 appetit
2564 1255 2757 1304 contra
2781 1250 2955 1305 Deum
2978 1259 3349 1319 exerceat’aut
3368 1269 3502 1309 Γαῖ’·

189 1340 403 1390 constat
440 1336 943 1392 Ecclesia.—Nervi
972 1339 1355 1395 testiculorum
1386 1340 1503 1412 ejus
1523 1350 1652 1397 sunt
1681 1359 1794 1413 pes-
1904 1349 2048 1401 811m,
2080 1351 2190 1390 n0n
2221 1336 2624 1409 οὺιθιηρθτεηε,
2671 1354 2797 1393 eum
2852 1356 3013 1413 quem
3052 1357 3212 1397 suum
3254 1340 3501 1414 iudicem

190 1423 362 1480 tifera
390 1434 715 1497 argumenta
731 1426 1207 1484 machinationum
1234 1429 1396 1500 (nisi,
1434 1431 1521 1496 l3,
1560 1448 1676 1487 can,
1711 1434 1792 1504 2),
1904 1424 2193 1496 quaesierat
2221 1442 2321 1482 suo
2344 1426 2558 1498 judicio
2587 1435 2877 1499 supponat.
2909 1432 3112 1501 Aperte
3130 1446 3258 1501 ergo
3275 1431 3376 1486 iste
3407 1447 3502 1503 per

187 1514 298 1570 Per
327 1516 448 1588 ipsa
464 1517 670 1591 quippe
700 1518 1021 1575 calliditatis
1043 1537 1153 1576 sua;
1174 1522 1187 1555 ¹
1212 1521 1359 1577 vii-es
1376 1522 1556 1594 erigit,
1575 1531 1629 1578 ει
1645 1523 1795 1579 ﬂuxa
1904 1512 2315 1571 indiscretionis
2334 1533 2444 1572 sua:
2461 1517 2663 1573 vitium
2685 1518 2961 1590 perplexis
2980 1518 3361 1575 testiculorum
3378 1535 3500 1576 ner-

191 1608 520 1665 mortalium
552 1610 717 1667 corda
732 1612 1085 1684 corrumpit“.
1111 1613 1371 1671 Testiculi
1388 1614 1506 1687 ejus
1524 1624 1653 1671 sunt
1672 1633 1792 1688 sug-
1904 1603 1987 1659 Vis
2017 1606 2362 1677 θδῒτίηὲίῖιπ»
2386 1607 2516 1680 (Ιηίίῑ
2535 1615 2629 1664 δαί
2659 1607 3013 1680 Obtempel‘an
3026 1627 3071 1679 3:
3103 1617 3198 1665 aut
3225 1618 3371 1667 εθηθ
3387 1627 3500 1667 non

191 1699 472 1768 gestiones
496 1715 699 1772 pravae,
729 1701 929 1774 quibus
959 1703 1018 1758 in
1050 1704 1253 1760 mentis
1280 1706 1633 1778 corruptione
1672 1706 1745 1761 fer

1946 1694 2307 1768 btemperans,
2338 1696 2395 1752 in
2426 1698 2587 1770 culpa
2602 1698 3051 1771 transgressionis
3081 1700 3500 1772 ligatur.Stude-

190 1788 394 1858 vescit,
410 1796 576 1862 atque
592 1790 651 1846 in
667 1799 1013 1849 construrata,
1041 1793 1226 1849 anima
1252 1794 1431 1867 iniqui
1454 1796 1634 1867 operis
1655 1812 1792 1868 pro.
1900 1784 1993 1840 bat
2014 1787 2262 1858 proprias
2282 1787 2595 1843 voluntates
2626 1788 2896 1860 frangere,
2928 1796 2981 1843 et
3019 1798 3175 1845 curat
3208 1805 3297 1845 eas
3334 1790 3500 1845 etiam

190 1878 305 1935 lem
338 1880 533 1953 gignit.
570 1881 674 1937 Sed
706 1881 903 1938 horum
946 1884 1328 1940 testiculorum
1359 1886 1744 1958 nerviperple:

1948 1882 2222 1947 ontempto
2252 1877 2432 1948 priore
2456 1877 2708 1933 solidare.
2733 1879 2991 1935 Decrevit
3011 1878 3281 1935 mundum
3302 1878 3502 1935 fundi-

196 1976 350 2038 sunt,
382 1971 512 2043 quia
539 1972 952 2043 suggestionum
974 1974 1126 2030 illius
1151 1983 1475 2046 argumenta
1494 1975 1794 2049 implicaiis
1904 1969 1993 2017 tus
2009 1963 2340 2037 relinquere,
2363 1973 2417 2021 et
2436 1964 2504 2020 ad
2528 1966 2722 2032 mundi
2743 1983 2902 2024 curas
2918 1968 3005 2023 vel
3022 1984 3092 2024 ex
3112 1969 3292 2025 aliena
3308 1969 3501 2025 volun-

190 2061 620 2120 inventionibus
642 2064 951 2137 illigantur,
978 2073 1041 2121 ut
1069 2067 1357 2140 plerosque
1378 2066 1455 2123 ita
1475 2085 1696 2140 peccare
1716 2070 1744 2123 fl

1946 2060 2013 2108 ite
2034 2054 2387 2125 compellitur
2420 2055 2617 2113 redire.
2656 2058 2910 2130 Perplexi
2946 2058 3129 2132 itaque
3167 2058 3327 2115 nervi
3350 2066 3500 2128 sunt,

188 2151 642 2225 ciant,quatenus
663 2153 709 2209 si
730 2153 960 2210 fortasse
990 2163 1275 2226 peccatum
1297 2157 1485 2227 fugere
1506 2165 1789 2230 appetant,
1901 2158 2028 2198 cum
2050 2142 2130 2200 δίο
2152 2160 2251 2201 ηοε
2284 2153 2605 2216 argumenta
2635 2145 2810 2203 hostis
2844 2147 3083 2220 ίηίῧθιῐηι
3120 2154 3182 2203 ut
3212 2149 3501 2222 culparum

188 2241 303 2298 hoc
334 2244 356 2279 ³
387 2242 507 2299 sine
534 2241 646 2298 alio
676 2244 883 2314 peccati
916 2244 1111 2317 laqueo
1140 2260 1251 2301 non
1283 2246 1552 2313 evadant;
1585 2255 1639 2303 et
1662 2248 1793 2303 cul-
1901 2230 2034 2287 “Odi
2065 2249 2174 2305 quo
2204 2240 2529 2306 (Ιυωτυηίυτ
2558 2236 2721 2304 εοινί»
2754 2235 2950 2292 durius
2987 2236 3317 2309 δεῖτίηὲζδηῑ-

188 2347 317 2404 pam
369 2331 576 2388 faciam
613 2331 745 2389 dum
777 2333 977 2401 vitam,
1009 2349 1073 2389 ac
1101 2350 1447 2406 nequaquam
1497 2351 1554 2390 se
1583 2335 1652 2390 ab
1682 2352 1792 2391 una
1971 2320 2060 2377 38.
2093 2322 2253 2378 Alius
2283 2340 2508 2396 pensare
2536 2325 2754 2397 pondus
2772 2325 3003 2383 honoris
3021 2327 3379 2385 ecclesiastici
3409 2345 3501 2385 ne-

188 2421 413 2479 valeant
438 2422 671 2490 solvere,
690 2422 802 2480 nisi
833 2423 891 2478 in
912 2423 1021 2479 alia
1046 2423 1431 2481 consentiant‘
1451 2423 1629 2495 ligari.
1648 2424 1742 2498 [Ve

1948 2410 2130 2483 ligens,
2171 2411 2240 2467 ad
2269 2411 2453 2470 locum
2482 2414 2768 2486 regiminis
2811 2416 3055 2486 praemiis
3092 2416 3362 2474 ascendit.
3396 2416 3502 2474 Sed

187 2508 372 2584 XIX]
403 2509 560 2576 Quod
590 2511 788 2567 melius
810 2511 1176 2580 ostendimus,
1197 2512 1243 2567 si
1263 2529 1371 2585 qua
1399 2529 1467 2568 ex
1484 2528 1790 2568 conversa-
1899 2506 2030 2574 quia
2056 2520 2219 2559 omne
2247 2503 2396 2576 quod
2412 2503 2505 2561 hic
2533 2506 2741 2561 eminet
2756 2505 2880 2577 plus
2909 2507 3243 2563 maeroribus
3262 2508 3502 2564 afﬁcitur

187 2599 343 2657 tione
373 2599 667 2656 hominum
699 2598 1024 2671 illigationis
1052 2601 1219 2672 hujus
1250 2602 1505 2672 exempla
1534 2602 1792 2674 profera-
1899 2609 2063 2666 quam
2108 2592 2413 2650 honoribus
2456 2595 2677 2667 gaudet,
2721 2596 2854 2652 dum
2900 2614 2995 2654 cor
3040 2598 3499 2654 tribulationibus

188 2707 337 2747 mus.
371 2691 512 2758 Quia
543 2707 675 2747 vero
712 2691 770 2746 in
800 2692 980 2748 tribus
1006 2691 1295 2747 ordinibus
1324 2699 1519 2748 sancta
1545 2693 1793 2749 Ecclesia
1899 2684 2188 2753 Premitur,
2217 2684 2285 2740 ad
2337 2687 2658 2741 memoriam
2689 2686 2851 2758 culpa
2886 2693 3197 2755 revocatur,
3242 2686 3500 2762 doletque

185 2788 431 2848 constat,
464 2777 881 2851 conjugatorum
918 2780 1194 2847 videlicet,
1233 2781 1664 2849 continentium,
1695 2791 1792 2837 ai-
1899 2771 2044 2827 sead
2076 2771 2318 2828 laborem
2350 2790 2476 2831 cum
2525 2777 2690 2847 culpa
2734 2776 3071 2848 pervenisse,
3114 2783 3169 2832 et
3216 2793 3379 2849 quam
3427 2776 3501 2832 sit

182 2884 296 2942 que
326 2876 603 2924 rectorum
627 2884 640 2934 ;
678 2867 824 2923 unde
853 2876 906 2923 et
932 2867 1189 2923 Ezechiel
1211 2876 1321 2923 tres
1350 2868 1500 2924 viros
1531 2868 1789 2924 liberatos
1900 2859 2154 2930 iniquum
2186 2862 2333 2932 quod
2362 2864 2648 2919 admiserit
2673 2867 2693 2900 ⁷
2726 2882 2795 2920 ex
2816 2865 2934 2936 ipsa
2952 2866 3158 2923 fractus
3174 2865 3499 2924 difﬁcultate

184 2958 358 3026 vidit,
393 2956 654 3013 videlicet
683 2957 816 3023 Noe,
845 2956 1061 3025 Daniel,
1095 2964 1149 3011 et
1176 2956 1278 3011 Job
1325 2957 1541 3027 (Ezech.
1581 2974 1661 3024 Iv,
1702 2958 1785 3026 14,
1898 2948 2166 3021 agnoscit.
2221 2951 2391 3007 Reum
2438 2952 2608 3023 igitur
2658 2969 2715 3008 se
2770 2970 2897 3009 cum
2943 2954 3208 3025 impensis
3256 2955 3498 3028 praemiis

184 3048 325 3121 δεφ)
363 3066 377 3116 ;
408 3054 462 3102 et
494 3047 550 3102 in
570 3046 873 3117 Evangelio
902 3046 1173 3103 Dominus
1202 3045 1333 3100 dum
1364 3046 1502 3102 alios
1546 3047 1604 3104 in
1636 3064 1786 3119 agro,
1897 3054 2214 3109 agnoscens,
2248 3042 2371 3095 vult
2390 3039 2596 3113 adeptae
2613 3041 2974 3100 sublimitatis
2995 3045 3181 3101 locum
3226 3045 3495 3114 deserere,

187 3139 331 3196 alios
359 3137 417 3193 in
448 3136 611 3204 lecto,
648 3144 809 3209 atque
839 3152 953 3191 esse
983 3136 1042 3191 in
1072 3134 1390 3189 tnolendino
1428 3135 1564 3191 alios
1594 3136 1790 3209 perhi—
1898 3127 1993 3182 sed
2024 3128 2182 3184 timet
2228 3146 2296 3186 ne
2350 3132 2570 3202 gravius
2612 3132 2878 3190 delictum
2920 3133 2992 3189 sit
3032 3136 3272 3207 suscepti
3320 3135 3497 3207 gregis

184 3228 281 3284 bet
314 3228 465 3298 (Luc.
499 3242 642 3294 xvn,
665 3225 751 3293 34,
772 3225 886 3296 35),
918 3232 1027 3279 tres
1048 3223 1235 3296 procul
1266 3222 1436 3279 dubio
1465 3224 1523 3278 in
1544 3225 1791 3281 Ecclesia
1826 3252 1869 3312 ρ
1900 3217 2226 3312 custodiam
2258 3220 2575 3312 reliquisse;
2624 3222 2746 3312 vult
2781 3224 3021 3296 suscepti
3069 3225 3245 3297 gregis
3303 3241 3495 3281 curam

184 3318 413 3376 ordines
442 3316 686 3373 ostendit
713 3334 727 3383 ;
760 3314 976 3388 liquido
1009 3312 1401 3382 satisfacimus,
1424 3313 1469 3369 si
1485 3315 1701 3387 singula
1719 3332 1789 3372 ex
1836 3308 1869 3312 “
1899 3322 2105 3377 gerere,
2137 3308 2232 3364 sed
2260 3309 2523 3367 formidat
2550 3328 2619 3367 ne
2648 3311 2889 3369 deterior
2918 3314 3081 3386 culpa
3108 3315 3182 3370 sit
3228 3314 3498 3386 regimina

186 3410 427 3481 singulis
448 3407 826 3481 exquirantus.
1898 3400 2191 3470 pastoralis
2220 3401 2407 3474 gratiae
2436 3412 2619 3475 empta
2645 3404 2942 3476 possidere.
2978 3405 3081 3462 Per
3110 3405 3340 3462 honoris
3370 3421 3498 3477 ergo

260 3498 348 3555 36.
392 3496 720 3555 Tentationes
750 3495 939 3550 swculo
968 3492 1334 3552 militantium.
1367 3523 1438 3534 —
1466 3492 1611 3551 Ecce
1640 3496 1788 3552 enim
1898 3489 2168 3546 ambitum
2200 3491 2430 3563 ligatum
2461 3494 2623 3565 culpa
2651 3493 2783 3551 hinc
2810 3494 2939 3551 inde
2959 3511 3015 3552 se
3043 3494 3335 3568 conspicit.
3365 3495 3497 3551 Esse

184 3589 415 3665 quidam
445 3588 576 3645 dum
596 3588 791 3644 mundi
814 3587 983 3660 hujus
1001 3586 1274 3642 amicitias
1295 3585 1522 3658 appetit,
1559 3587 1789 3643 cuilibet
1898 3579 2102 3652 quippe
2132 3579 2250 3637 sine
2297 3589 2453 3639 reatu
2494 3583 2748 3639 criminis
2796 3591 3058 3641 neutrum
3102 3584 3278 3654 videt,
3324 3584 3371 3641 si
3403 3591 3499 3640 aut

184 3678 346 3736 alteri
376 3676 616 3733 similem
647 3675 752 3732 sibi
781 3675 956 3731 vitam
986 3673 1210 3731 ducenti
1232 3672 1381 3746 quod
1405 3684 1611 3732 secreta
1635 3676 1788 3733 illius
1896 3677 2183 3742 ειιεοθρῐιιε
2203 3673 2370 3727 semel
2402 3689 2536 3744 grex
2565 3673 2932 3748 relinquatur.
2964 3683 3059 3731 aut
3090 3691 3311 3730 rursum
3343 3690 3497 3729 5³01⁸³

185 3767 344 3823 omni
372 3766 592 3823 silentio
623 3772 874 3837 contegat
902 3781 960 3821 se
993 3762 1357 3837 jurejurando
1406 3765 1739 3839 constringit
1770 3784 1784 3835 ;
1896 3760 2041 3816 actio
2069 3761 2407 3819 szeculariter
2435 3772 2620 3835 empta
2659 3772 2930 3821 teneatur.
2977 3763 3230 3837 Undique
3273 3762 3492 3830 metuit,

183 3856 283 3914 sed
305 3856 353 3913 is
379 3856 469 3914 cui
494 3855 743 3929 juratum
773 3862 854 3912 est
883 3852 1217 3911 adulterium
1251 3859 1560 3926 perpetrare
1590 3872 1786 3928 cogno-
1896 3857 1950 3905 et
1978 3860 2262 3923 suspectus
2290 3853 2433 3909 latus
2462 3870 2624 3909 omne
2652 3855 3010 3925 pertimescit,
3046 3870 3115 3909 ne
3142 3862 3237 3909 aut
3262 3861 3410 3909 stans
3436 3853 3494 3908 in

183 3946 382 4016 scitur,
406 3946 483 4003 ita
513 3953 575 4002 ut
604 3945 769 4003 etiam
791 3944 1053 4000 maritum
1074 3942 1335 4000 adultera:
1356 3943 1602 4000 occidere
1614 3961 1787 4001 cone-
1895 3947 2081 4010 empto
2110 3940 2375 4012 regimine
2404 3958 2516 3997 non
2533 3941 2696 4015 digne
2725 3944 2925 4017 lugeat,
2962 3946 2983 3981 ⁸
3012 3943 3159 4017 quod
3189 3959 3300 3999 non
3327 3943 3491 3999 etiam

184 4047 299 4095 tur.
332 4038 382 4093 Is
411 4044 593 4093 autem
627 4036 721 4110 qui
749 4034 1140 4108 jusjurandum
1172 4032 1407 4106 praebuit
1444 4033 1513 4090 ad
1547 4044 1785 4091 mentem
1895 4030 2151 4088 deserens
2180 4032 2465 4101 emendat;
2499 4042 2594 4090 aut
2622 4043 2767 4091 certe
2796 4036 3037 4107 regimen
3067 4033 3492 4103 deserens,dum

182 4127 503 4195 revertitur,
532 4135 585 4183 et
620 4130 809 4189 1066
838 4124 1073 4181 diversis
1102 4123 1237 4180 hinc
1266 4122 1395 4178 inde
1424 4124 1786 4196 c0gitationi—
1895 4121 2047 4177 aliud
2075 4121 2204 4178 ﬂere
2233 4121 2453 4193 nititur,
2484 4141 2674 4181 rursus
2703 4125 2853 4180 aliud
2882 4126 2948 4181 de
2978 4125 3095 4197 ipsa
3124 4124 3299 4197 gregis
3329 4123 3491 4181 desti-

181 4226 290 4282 hus
318 4225 691 4298 impugnatur,
711 4232 873 4296 atque
903 4223 1009 4279 hoc
1037 4222 1198 4278 silere
1226 4220 1511 4289 formidat,
1533 4236 1600 4276 ne
1621 4220 1783 4275 silen-
1893 4210 2111 4267 tutione
2137 4213 2469 4269 committat.
2503 4214 2643 4282 Quia
2672 4232 2799 4288 ergo
2830 4215 3134 4272 Behemoth
3169 4215 3272 4271 iste
3289 4214 3366 4270 ita
3396 4213 3494 4271 in-

182 4316 280 4386 do,
313 4316 573 4374 adulterii
600 4315 769 4373 simul
797 4323 851 4371 et
879 4312 1173 4371 homicidii
1217 4310 1489 4384 particeps
1534 4309 1678 4376 ﬁat;
1733 4315 1787 4365 et
1895 4299 2323 4372 explicabilibus
2353 4303 2514 4359 nodis
2569 4305 2722 4377 ligat,
2764 4312 2826 4361 ut
2868 4305 3191 4378 plerumque
3236 4319 3392 4361 mens
3434 4302 3493 4359 in

182 4406 418 4481 prodere
470 4406 726 4479 trepidat,
782 4421 850 4461 ne
902 4412 1057 4460 reatu
1102 4420 1157 4459 se
1200 4401 1430 4476 perjurii
1460 4399 1782 4471 obstringat.
1895 4388 2128 4481 dubium
2156 4391 2415 4463 adducta,
2452 4393 2597 4451 unde
2627 4410 2683 4451 se
2725 4412 2757 4451 a
2803 4395 2965 4468 culpa
3010 4396 3224 4452 solvere
3270 4393 3490 4463 nititur,

181 4480 471 4570 Perplexis
499 4514 627 4570 ergo
656 4495 1039 4553 testiculorum
1070 4493 1259 4550 nervis
1289 4492 1495 4564 ligatus
1524 4497 1627 4558 est,
1657 4488 1788 4562 quia
1895 4480 2023 4537 inde
2077 4482 2135 4538 in
2192 4484 2355 4557 culpa
2406 4485 2611 4542 arctius
2656 4486 3014 4559 astringatur,
3060 4492 3204 4542 recte
3247 4484 3487 4541 dicitur:

182 4589 244 4645 in
275 4588 584 4660 quamlibet
613 4594 822 4660 partem
839 4584 1101 4652 declinet,
1119 4582 1318 4639 metuit
1336 4597 1405 4639 ne
1433 4588 1778 4652 atransgres-
1814 4630 1864 4690 D
1894 4574 2060 4630 Nervi
2112 4575 2477 4690 testiculorum
2516 4576 2628 4646 ejus
2676 4578 2925 4676 perplexi
2980 4583 3123 4679 sunt.
3155 4577 3493 4690 Argumenta

181 4678 358 4737 sionis
387 4681 409 4715 ⁵
437 4676 693 4751 contagio
728 4676 869 4732 liber
906 4691 1019 4731 non
1047 4674 1140 4730 sit.
1814 4666 1863 4690 ν
1894 4681 2131 4740 namque
2176 4667 2653 4725 machinationum
2700 4666 2818 4740 ejus
2865 4667 3021 4742 quasi
3069 4683 3179 4741 quo
3234 4667 3493 4723 laxantur

258 4768 346 4825 37.
378 4769 487 4825 Deo
503 4768 701 4823 servire
723 4782 823 4838 per
838 4764 1183 4821 obedientiam
1197 4759 1558 4827 ambientium,
1574 4759 1784 4833 prtela—
1898 4761 2091 4821 1087.
2117 4772 2179 4822 ut
2217 4762 2553 4835 relinquant,
2580 4776 2643 4816 eo
2677 4759 2853 4832 magis
2882 4757 3245 4832 implicantur
3290 4764 3351 4812 ut
3399 4764 3492 4812 te-

186 4859 620 4915 tanum—Alius
648 4863 847 4915 cuncta
877 4873 997 4930 qua:
1027 4853 1219 4911 mundi
1241 4859 1371 4908 sunt
1391 4850 1661 4919 deserens,
1692 4857 1784 4905 at-
1893 4863 2079 4912 neant.

182 4965 296 5024 que
328 4966 423 5022 per
439 4949 629 5005 omnia
642 4948 893 5020 frangere
915 4945 1164 5018 proprias
1184 4944 1495 5000 voluntates
1514 4958 1781 5015 quaerens,
1965 4944 2105 5019 [Vet.
2137 4943 2285 5020 XX]
2324 4943 2411 5000 39.
2461 4938 2558 5003 Ubi
2600 4941 2783 4997 nullus
2819 4936 3072 4996 evadendi
3121 4936 3234 4991 sine
3281 4940 3489 5024 peccato

181 5023 369 5095 alieno
398 5055 455 5094 se
492 5037 725 5093 subdere
755 5034 1014 5109 regimini
1045 5032 1273 5106 appetit,
1304 5031 1398 5087 sed
1418 5047 1544 5087 eum
1561 5031 1657 5104 qui
1677 5029 1783 5087 sibi
1887 5042 2034 5108 patet
2055 5036 2253 5104 aditus,
2275 5035 2404 5106 quid
2417 5033 2693 5106 agendum.
2732 5029 3150 5101 Conjugatorum
3186 5023 3488 5081 concubitus

183 5128 335 5202 apud
365 5130 540 5185 Deum
572 5143 799 5201 praeesse
828 5125 1021 5181 debeat
1042 5125 1227 5180 minus
1247 5130 1405 5180 cauta
1426 5122 1784 5196 inquisitione
1886 5144 1989 5199 pro
2019 5125 2276 5198 explenda
2309 5123 2523 5180 libidine
2551 5123 2718 5194 culpa:
2739 5136 2845 5175 non
2872 5116 3276 5189 enters—Est
3303 5120 3489 5169 tamen

265 5314 277 5345 ¹
313 5312 393 5367 Ita
422 5310 548 5365 Mss.
569 5310 778 5376 Germ.,
803 5309 1034 5375 Turon.,
1058 5306 1319 5373 V’indoc.,
1352 5304 1779 5372 Laud.,Norm.,
1891 5300 2090 5376 Laud,
2112 5298 2281 5376 duoh_.
2314 5300 2522 5376 (ζει-αξη
2554 5305 2684 5363 etc.,
2716 5302 2880 5374 atque
2898 5309 2978 5376 ei;
3006 5299 3116 5376 vet.
3149 5291 3305 5373 Edit.

181 5391 290 5440 etc.
313 5363 718 5446 “cor—hiiGerm”
751 5363 926 5450 egerit.
960 5363 1110 5434 Editi
1140 5363 1459 5446 verofvires
1488 5363 1673 5450 ererit.
1764 5363 1776 5371 ’
1965 5374 1987 5406 ⁸
2015 5363 2221 5450 Locum
2245 5371 2401 5450 hunc
2430 5363 2753 5450 obScurrum
2784 5363 2863 5422 sic
2894 5364 3160 5450 intelligo,
3181 5380 3243 5419 ac
3265 5364 3308 5419 si
3328 5363 3491 5450 dice—

260 5437 283 5489 ε
310 5437 433 5510 Duo
469 5454 681 5514 Gerrn.,
705 5437 885 5506 'Lauud.
921 5458 975 5505 et
1007 5437 1290 5517 Vindoc,
1308 5452 1473 5505 Testes
1497 5448 1609 5517 ejus
1638 5452 1778 5502 sunt.
1891 5451 1974 5525 ret
1992 5445 2169 5525 :nqnod
2188 5444 2341 5525 etiam
2360 5438 3088 5525 ren‘imen‘deserens,culpam
3107 5454 3213 5491 non
3232 5437 3488 5525 emendat.

260 5527 282 5560 ³
314 5509 631 5591 Gratianus,
666 5509 788 5578 loco
813 5521 1076 5589 indicato,
1106 5523 1218 5575 sine
1244 5509 1447 5592 aliqua.
1516 5509 1534 5517 ⁷
1891 5517 1953 5571 In
1990 5509 2159 5592 Gilot.
2193 5524 2247 5571 et
2265 5511 2889 5592 aliquibusitalegitur:
2928 5509 3069 5592 quod
3084 5509 3361 5592 nonetiam
3388 5509 3490 5563 de-

260 5598 282 5631 ‘
315 5597 492 5665 Grat.,
524 5581 684 5661 ibid.,
714 5612 768 5648 se
798 5594 975 5664 ligari.
1061 5581 1074 5589 ’
1331 5581 1347 5592 ’
1892 5581 2683 5665 serena-dumahddemendat,
2716 5589 2810 5665 aut
2837 5588 2970 5664 certe
2999 5582 3226 5665 regimen
3254 5581 3491 5661 deserens

260 5670 282 5703 ⁵
314 5652 1165 5737 Ibid,Gratianusﬁontugione.
1892 5661 2017 5728 ﬂere
2046 5652 2255 5737 nititur.
2291 5657 2503 5737 Quibus
2533 5655 2674 5737 nihil
2722 5655 3029 5737 obscurius.
3074 5652 3324 5737 Lectiorri
3352 5668 3490 5707 nos-

262 5742 286 5776 ⁶
317 5723 489 5806 Ῐόειιί,
534 5737 695 5804 ibid.,
728 5723 898 5807 agere.
998 5723 1022 5737 ν
1644 5805 1653 5807 Α
1892 5723 1991 5807 trae
2020 5723 2386 5802 suffragantur
2412 5730 2538 5787 Mss.
2576 5728 2804 5796 Turon.,
2838 5725 3097 5793 Vindoc.,
3131 5725 3241 5781 duo
3278 5723 3488 5789 Germ.,

262 5813 283 5846 ⁷
302 5803 495 5877 ϐἱιοῐξ,
520 5803 788 5865 ῦυεεωὶγῖ
812 5816 865 5862 et
884 5807 999 5874 alii,
1023 5825 1088 5861 ex
1104 5807 1215 5877 ipsa
1234 5808 1440 5877 fructus
1461 5805 1780 5932 diﬁcitltate.
1894 5803 2108 5872 Norm.,
2140 5810 2242 5860 etc.

262 5899 366 5932 lem
401 5883 582 5932 locum
616 5879 959 5932 restituimus
987 5895 1055 5932 ex
1102 5879 1229 5932 Mss.
1260 5879 1475 5932 Norm..
1575 5875 1783 5932 indoc..

187 5883 367 5952 Quem
400 5875 582 5937 locum
616 5879 959 5935 restituimus
987 5895 1055 5934 ex
1102 5875 1475 5945 Mss(l\'orm.,
1518 5875 1783 5943 'Vindoc.,
