3936 6388
382 393 488 451 659

1587 386 1835 446 SANCTI
1873 385 2209 445 GREGORII
2245 389 2446 446 MAGN
2451 391 2472 446 Ι

3583 390 3696 446 660

385 515 531 592 quod
559 513 628 571 ad
657 512 1014 571 destruendas
1040 511 1160 586 ejus
1187 515 1454 571 versutias
1505 513 1719 570 utiliter
1763 511 1878 579 ﬁat,
1911 519 1976 568 ut
2007 515 2058 574 A
2089 513 2235 585 quod
2291 513 2446 582 dicit,
2503 521 2771 587 quatenus
2811 520 2865 569 et
2909 521 3126 569 ostensa
3167 514 3411 571 utilitate
3441 524 3699 572 mentem

383 605 516 662 dum
546 619 700 658 mens
730 602 875 657 inter
895 601 1107 659 minora
1121 611 1176 658 et
1196 604 1436 659 maxima
1454 610 1681 675 peccata
1707 600 1976 657 constrin-

384 693 551 766 gitur,
570 691 616 747 si
646 691 876 747 omnino
893 693 1081 748 nullus
1111 693 1230 748 sine
1256 699 1480 764 peccato
1509 690 1777 748 evadendi
1793 689 1978 745 aditus

383 789 552 854 patet,
577 780 796 835 minora
816 797 1028 852 semper
1044 781 1514 852 eligantur,quia«
1538 789 1558 833 t
1579 780 1674 852 qui
1693 794 1978 834 murorum

384 869 628 942 undique
654 868 867 924 ambitu
901 886 970 925 ne
1007 869 1180 940 fugiat
1211 868 1506 936 clauditur,
1537 867 1612 923 ibi
1635 869 1764 924 sein
1796 869 1979 939 fugam

385 957 712 1032 praecipitat,
744 957 839 1012 ubi
870 957 1093 1012 brevior
1117 973 1310 1011 murus
1340 956 1644 1012 invenitur.
1676 958 1749 1012 Et
1777 957 1980 1012 Paulus

387 1048 521 1102 dum
551 1045 815 1118 quosdam
847 1044 905 1100 in
952 1045 1197 1102 Ecclesia
1240 1044 1650 1102 incontinentes
1695 1046 1980 1117 aspiceret,

388 1135 657 1194 concessit
684 1135 938 1200 minima,
987 1142 1049 1190 ut
1091 1135 1298 1208 majora
1345 1135 1710 1205 declinarent,
1754 1135 1979 1192 dicens:

388 1229 616 1298 Propter
668 1223 1073 1296 fornicationem
1127 1231 1302 1280 autem
1349 1227 1706 1296 unusquisque
1766 1240 1986 1279 uxorem

389 1332 542 1371 suam
569 1315 754 1370 habeat
771 1316 835 1383 (Ι
855 1315 979 1370 Cor.
1012 1330 1114 1383 vn,
1137 1315 1217 1387 2).
1247 1315 1318 1370 Et
1339 1316 1469 1388 quia
1494 1325 1628 1372 tunc
1655 1315 1834 1371 solum
1859 1329 1985 1369 con-

384 1403 614 1477 jugesin
637 1402 970 1460 admistione
991 1405 1110 1460 sine
1141 1405 1302 1477 culpa
1323 1411 1452 1460 sunt
1473 1421 1599 1461 cum
1622 1421 1732 1460 non
1768 1419 1866 1476 pro
1895 1418 1986 1457 ex-

390 1492 590 1566 plenda
609 1491 862 1560 libidine,
883 1491 976 1548 sed
990 1509 1088 1564 pro
1110 1493 1462 1565 suspicienda
1485 1494 1638 1566 prole
1660 1493 1987 1557 miscentur,

391 1581 572 1638 uthoc
589 1586 754 1636 etiam
785 1580 931 1653 quod
975 1589 1318 1638 concesserat
1349 1581 1473 1638 sine.
1511 1583 1694 1653 culpa,
1735 1579 1990 1654 quamvis

391 1671 644 1738 minima,
660 1687 771 1726 non
791 1686 906 1726 esse
923 1678 1274 1738 monstraret,
1300 1671 1450 1727 illico
1466 1669 1745 1741 adjunxit:
1767 1671 1876 1725 Hoc
1895 1685 1989 1724 au-

394 1765 487 1814 tem
528 1759 644 1814 dico
661 1759 943 1814 secundum
962 1759 1366 1828 indulgentiam,
1389 1777 1494 1814 non
1519 1759 1803 1813 secundum
1819 1759 1994 1828 impe-

393 1851 538 1904 rium
561 1849 754 1920 (Ibid.,
785 1849 865 1920 6).
889 1849 1008 1904 Non
1027 1849 1174 1904 enim
1194 1857 1276 1904 est
1295 1849 1414 1904 sine
1436 1850 1576 1904 vitio
1593 1848 1742 1921 quod
1761 1846 1990 1920 ignosci-

395 1945 510 2005 tur,
539 1945 593 1993 et
641 1953 752 1992 non
803 1937 1140 2009 praecipitur.
1185 1937 1472 1994 Peccatum
1525 1937 1770 2010 profecto
1829 1935 1992 2003 vidit,

396 2027 543 2100 quod
572 2041 728 2099 posse
759 2026 774 2060 ¹
808 2025 1092 2096 indulgere
1122 2027 1400 2098 przevidit.
1435 2025 1541 2082 Sed
1569 2043 1694 2082 cum
1726 2024 1784 2080 in
1811 2024 2000 2080 dubiis

397 2115 849 2186 constringimur,
909 2114 1125 2171 utiliter
1178 2116 1427 2172 minimis
1473 2115 1786 2183 subdimur,
1832 2130 1900 2169 ne
1943 2114 2000 2168 in

398 2205 613 2276 magnis
645 2204 762 2260 sine
791 2203 955 2258 venia
981 2219 1292 2276 peccemus.
1311 2205 1500 2278 Itaque
1530 2205 1854 2276 plerumque
1877 2218 1998 2257 ner-

400 2310 596 2350 vorum
626 2293 931 2349 Behemoth
962 2293 1123 2349 istius
1150 2295 1486 2366 perplexitas
1515 2294 1754 2350 solvitur
1769 2293 1899 2348 dum
1931 2291 2000 2348 ad

400 2383 635 2439 virtutes
662 2383 931 2440 maximas
959 2399 1055 2456 per
1101 2384 1402 2442 commissa
1441 2385 1666 2442 minora
1710 2382 1998 2438 transitur.

399 2474 658 2550 Sequitur
684 2491 696 2529 :

983 2615 1214 2674 CAPUT
1255 2615 1412 2672 XXI.

479 2732 650 2789 Vnus.
688 2728 990 2786 i3.—Ossa
1017 2727 1129 2798 ejus
1159 2727 1299 2783 sicut
1315 2727 1508 2800 ﬁstulae
1536 2725 1680 2782 (eris.

473 2848 562 2904 40.
594 2850 863 2914 Quantum
884 2863 951 2901 ea:
976 2846 1168 2901 astutia
1195 2845 1396 2902 diaboli
1434 2845 1670 2900 consiliis
1703 2842 2002 2915 periculum

405 2935 915 3002 immineat.—Quid
933 2951 1029 3007 per
1047 2951 1166 2991 ossa
1188 2934 1492 2996 Behemoth
1515 2933 1693 3000 istius,
1728 2932 1835 2988 nisi
1857 2947 2001 2988 con-

405 3024 531 3081 silia
545 3023 902 3094 designantur
916 3022 944 3077 ἵ)
963 3021 1099 3077 Nam
1121 3020 1264 3077 sicut
1281 3021 1338 3077 in
1356 3020 1572 3076 ossibus
1593 3018 1792 3092 positio
1809 3033 2001 3088 corpo-

405 3115 484 3172 ris
527 3114 804 3186 roburque
835 3111 1107 3180 subsistit,
1144 3112 1222 3167 ita
1256 3111 1314 3167 in
1343 3111 1715 3168 fraudulentis
1753 3108 2004 3165 consiliis

405 3210 520 3258 tota
548 3218 604 3258 se
631 3199 752 3272 ejus
777 3199 988 3256 malitia
1015 3197 1197 3270 erigit.
1216 3198 1400 3271 Neque
1421 3198 1570 3254 enim
1600 3196 1659 3252 vi
1689 3195 2000 3269 quempiam

405 3291 630 3364 premit,
660 3288 756 3345 sed
783 3288 1087 3345 calliditate
1107 3287 1378 3358 pestiferae
1410 3285 1781 3358 persuasionis
1798 3282 2002 3339 interﬁ-

404 3381 502 3438 cit.
534 3381 606 3434 Et
651 3394 892 3444 rursum,
942 3377 1088 3432 sicut
1137 3391 1258 3430 ossa
1299 3392 1420 3449 qua:
1470 3377 1702 3448 irrigant
1745 3375 2004 3432 medullae

405 3467 744 3534 confortant,
778 3466 854 3522 ita
907 3463 1026 3536 ejus
1073 3464 1308 3520 consilia
1355 3481 1449 3536 per
1487 3463 1756 3538 spiritalis
1793 3471 2006 3519 natura:

406 3553 709 3628 potentiam
768 3552 952 3608 infusa
1007 3551 1217 3624 ingenii
1278 3551 1555 3608 subtilitas
1602 3552 1843 3609 roborat.
1891 3551 2008 3609 Hoc

407 3659 542 3700 vero
562 3641 805 3698 testiculi
831 3640 950 3712 ejus
977 3640 1046 3697 ab
1085 3640 1322 3708 ossibus,
1354 3641 1414 3697 id
1451 3651 1533 3698 est
1574 3643 1948 3715 suggestiones
1977 3659 2009 3698 a

407 3731 676 3800 consiliis,
710 3731 937 3800 distant,
970 3729 1117 3804 quod
1147 3746 1242 3802 per
1262 3730 1385 3786 illas
1404 3738 1588 3803 aperte
1605 3732 1774 3788 noxia
1789 3731 2006 3800 inserit,

409 3838 506 3894 per
533 3820 650 3878 huic
680 3827 862 3876 autem
894 3820 1049 3894 quasi
1079 3836 1148 3876 ex
1177 3819 1324 3875 bono
1359 3820 1652 3877 consulens
1687 3819 1756 3876 ad
1787 3821 2005 3893 culpam

408 3911 602 3978 trahit,
633 3927 727 3984 per
756 3911 880 3968 illas
918 3909 1215 3984 pugnando
1252 3918 1492 3982 superat,
1539 3927 1634 3983 per
1681 3911 1799 3968 haec
1857 3913 2011 3968 velut

409 3999 751 4058 consulendo
780 4001 1119 4072 supplantat.
1157 3998 1311 4056 Unde
1339 4009 1394 4056 et
1421 3999 1558 4056 bene
1603 3999 1722 4072 ejus
1765 4017 1910 4069 ossa,
1952 4001 2012 4057 id

409 4102 491 4151 est
519 4092 636 4148 haec
665 4090 853 4148 eadem
883 4090 1136 4158 consilia,
1184 4090 1308 4146 aeris
1350 4089 1552 4146 ﬁstulis
1599 4098 2008 4163 comparantur.

411 4183 564 4239 jEris
592 4182 795 4255 quippe
835 4181 1034 4237 ﬁstulae
1067 4181 1282 4238 sonoris
1319 4180 1496 4252 aptari
1526 4180 1780 4237 cantibus
1810 4182 2008 4250 solent,

413 4289 536 4348 quae
552 4271 786 4328 admotae
801 4269 1028 4325 auribus
1054 4268 1185 4324 dum
1201 4269 1467 4324 blandum
1489 4285 1713 4325 carmen
1733 4268 2014 4326 subtiliter

412 4359 738 4424 concinunt,
761 4356 1024 4412 interiora
1044 4357 1243 4410 mentis
1265 4354 1322 4409 in
1340 4356 1614 4412 exteriora
1632 4355 2013 4413 delectationis

412 4447 643 4504 trahunt
667 4464 680 4513 ;
713 4452 767 4500 et
788 4443 1104 4521 dumdulce
1125 4442 1364 4516 estquod
1392 4443 1618 4500 auribus
1646 4453 1862 4514 sonant,
1882 4446 2013 4502 viri-

416 4537 627 4592 litatem
653 4533 836 4591 cordis
857 4532 914 4588 in
935 4532 1236 4604 voluptatis
1256 4531 1412 4587 ﬂuxu
1429 4532 1740 4592 debilitant.
1762 4535 2009 4609 Cumque

2088 605 2346 673 mulceat,
2375 613 2432 660 et
2461 604 2726 660 absconsa
2754 603 3048 676 iniquitate
3077 613 3418 677 corrumpat.

2162 692 2299 766 [νει.
2331 693 2508 766 ΧΧΙ.]
2540 694 2628 749 lii.
2653 694 2930 765 Exemplis
2957 694 3143 764 palam
3172 694 3253 765 ﬁt.
3298 696 3416 762 Qua
3446 699 3568 748 arte
3605 691 3710 748 di-

2089 783 2231 838 vitiis
2259 784 2594 854 acquirendis
2623 784 2875 838 insudare
2893 785 3341 852 suadeat—Quae
3361 784 3612 856 apertius
3647 783 3708 838 in

2091 874 2304 929 cunctis
2332 872 2691 940 ostendimus,
2740 873 2786 928 si
2832 889 3002 944 pauca
3042 872 3287 928 breviter
3328 873 3708 929 consiliorum

2093 963 2210 1034 ejus
2225 971 2541 1034 argumenta
2572 961 2900 1033 pandamus.
2931 964 3072 1018 Ecce
3103 962 3256 1017 enim
3275 962 3505 1035 quidam
3536 963 3713 1018 rebus

2093 1061 2384 1109 contentus
2413 1053 2670 1124 propriis,
2701 1052 2948 1108 decrevit
2974 1053 3144 1107 nullis
3173 1053 3366 1108 mundi
3397 1053 3570 1124 hujus
3601 1069 3715 1109 oc—

2094 1143 2484 1214 cupationibus
2513 1140 2807 1214 implicari,
2839 1140 2998 1196 valde
3029 1141 3336 1198 formidans
3365 1143 3573 1214 quietis
3593 1159 3712 1197 sua:

2095 1232 2385 1288 commoda
2413 1231 2659 1304 perdere,
2687 1238 2742 1286 et
2779 1231 2939 1286 valde
2964 1230 3277 1302 despiciens
3306 1249 3432 1288 cum
3464 1232 3716 1304 peccatis

2096 1325 2250 1380 lucra
2277 1323 2578 1380 cumulare.
2622 1325 2813 1384 1068
2841 1321 2929 1378 Ad
2958 1321 3110 1379 hunc
3138 1322 3317 1378 hostis
3346 1321 3589 1379 callidus
3619 1337 3714 1376 ve-

2097 1421 2276 1488 niens,
2309 1428 2372 1475 ut
2392 1419 2753 1476 intentionem
2774 1420 2932 1476 bonae
2952 1420 3266 1476 devotionis
3282 1419 3714 1492 subruat,quasi

2098 1509 2356 1567 utilitatis
2385 1510 2682 1566 consilium
2705 1509 3109 1578 subministrat,
3127 1509 3349 1566 dicens:
3373 1511 3454 1565 Ea
3481 1508 3716 1581 quidem

2103 1602 2123 1636 ³
2153 1617 2274 1674 qua:
2303 1600 2493 1668 habes,
2527 1601 2584 1656 in
2617 1600 2873 1672 praesenti
2893 1599 3196 1668 sufﬁciunt,
3220 1599 3316 1655 sed
3337 1598 3426 1655 his
3446 1599 3718 1656 deﬁcien-

2100 1691 2252 1748 tibus
2281 1691 2415 1766 quid
2434 1699 2656 1748 acturus
2682 1707 2739 1747 es
2759 1692 2788 1748 ‘l
2803 1693 2859 1748 Si
2889 1692 3036 1748 enim
3053 1699 3174 1763 post
3196 1691 3312 1746 haec
3337 1690 3496 1746 nulla
3517 1689 3720 1762 provi-

2103 1782 2322 1850 dentur,
2361 1781 2565 1837 adsunt
2605 1798 2725 1854 quas
2770 1780 2838 1836 ad
2869 1797 3108 1852 praesens
3155 1778 3527 1852 impendenda
3575 1785 3720 1834 sunt

2028 1875 2074 1934 B
2110 1870 2261 1938 ﬁliis,
2294 1870 2388 1926 sed
2417 1877 2598 1926 tamen
2630 1870 2869 1942 paranda
2897 1877 3027 1926 sunt
3053 1887 3174 1943 qua:
3195 1869 3720 1925 serventur.Deesse

2109 1967 2286 2033 potest
2315 1960 2481 2017 citius
2503 1960 2668 2015 etiam
2715 1959 2862 2032 quod
2905 1959 3078 2028 adest,
3134 1961 3178 2015 si
3220 1958 3548 2016 sollicitudo
3579 1974 3724 2030 pro-

2111 2050 2240 2106 vida
2268 2057 2440 2106 cesset
2467 2065 2655 2121 parare
2685 2048 2832 2121 quod
2880 2048 3051 2104 deest.
3101 2049 3189 2104 An
3238 2065 3352 2104 non
3397 2056 3452 2104 et
3495 2055 3726 2103 terrena

2110 2146 2289 2211 potest
2319 2138 2464 2194 actio
2488 2138 2691 2210 peragi,
2722 2145 2776 2193 et
2807 2145 2987 2193 tamen
3019 2138 3076 2192 in
3107 2138 3325 2194 actione
3353 2138 3521 2210 culpa
3547 2137 3725 2193 decli-

2111 2227 2254 2296 nari,
2280 2235 2548 2300 quatenus
2576 2234 2630 2282 et
2657 2227 2935 2282 exteriora
2959 2226 3237 2298 stipendia
3265 2227 3528 2298 praebeat,
3561 2234 3622 2281 et
3641 2235 3724 2281 ta-

2112 2334 2238 2373 men
2271 2318 2542 2372 internam
2572 2315 2959 2372 rectitudinem
2992 2333 3108 2372 non
3137 2316 3382 2373 inﬂectat
3415 2318 3444 2373 ?
3474 2318 3609 2372 Haec
3641 2317 3727 2372 in-

2112 2409 2274 2466 terim
2303 2408 2595 2466 blandiens
2625 2409 2964 2477 insinuat,et
2985 2425 3232 2465 seorsum
3259 2407 3374 2480 jam
3405 2408 3464 2464 in
3493 2407 3728 2479 negotio

2111 2507 2330 2556 terreno
2360 2499 2505 2574 quod
2536 2499 2788 2571 providet
2817 2499 3024 2570 peccati
3048 2500 3278 2572 laqueos
3308 2497 3730 2556 occultat.Ossa

2113 2592 2298 2664 itaque
2326 2590 2443 2663 ejus
2473 2589 2616 2646 sicut
2646 2588 2844 2644 ﬁstula:
2869 2589 2993 2645 aeris
3019 2595 3174 2659 sunt,
3219 2589 3351 2662 quia
3399 2587 3728 2662 perniciosa

2113 2681 2236 2754 ojus
2265 2680 2496 2737 consilia
2514 2677 2756 2736 auditori
2771 2694 2872 2734 suo
2901 2678 3240 2734 consulentis
3269 2677 3424 2735 vocis
3441 2677 3728 2734 suavitate

2112 2771 2493 2828 blandiuntur.

2183 2887 2272 2943 42.
2303 2888 2376 2943 Et
2403 2885 2596 2940 mundo
2624 2885 2870 2938 nuntium
2896 2887 3159 2940 remittere
3185 2885 3522 2941 meditantem
3549 2903 3728 2940 arer-

2115 2984 2304 3033 tat.—
2331 2976 2491 3032 Alius
2539 2990 2756 3047 quoque
2799 2991 2910 3030 non
2964 2976 3145 3030 solum
3193 2975 3443 3032 decrevit
3499 2984 3728 3032 terrena

2113 3065 2401 3121 commoda
2429 3081 2540 3120 non
2571 3079 2833 3136 quaerere,
2862 3063 2956 3119 sed
2985 3065 3151 3120 etiam
3189 3065 3406 3120 cunctis
3428 3082 3552 3137 quae
3583 3083 3728 3137 pos-

2111 3156 2252 3212 sidet
2273 3156 2586 3212 renuntiare
2616 3162 2678 3210 ut
2704 3154 2762 3210 in
2784 3154 3121 3228 discipulatu
3143 3156 3382 3211 caalestis
3410 3156 3724 3228 magisterii

2037 3239 2080 3298 C
2114 3254 2267 3301 tanto
2296 3263 2353 3301 se
2383 3244 2611 3300 liberior
2639 3252 2908 3312 exerceat,
2941 3253 3149 3317 quanto
3171 3253 3226 3300 et
3256 3245 3574 3318 expeditior
3601 3245 3726 3302 red.

2112 3333 2283 3403 ditus,
2302 3351 2364 3390 ea
2379 3351 2500 3407 qua:
2517 3332 2885 3405 possidentem
2908 3349 3152 3405 premere
3181 3342 3438 3428 poterant
3459 3335 3728 3392 deserens

2113 3425 2304 3481 calcat.
2338 3422 2514 3495 Hujus
2545 3437 2641 3479 cor
2661 3421 3120 3478 hostisinsidians
3135 3421 3351 3480 occulta
3369 3426 3728 3496 suggestione

2114 3515 2438 3587 alloquitur,
2463 3513 2652 3569 dicens
2678 3530 2688 3568 :
2726 3513 2880 3569 Unde
2907 3511 3023 3569 haec
3049 3514 3376 3570 temeritatis
3392 3521 3564 3572 tanta:
3587 3533 3730 3572 sur-

2116 3603 2262 3660 rexit
2289 3603 2538 3669 audacia,
2568 3609 2630 3657 ut
2659 3601 2881 3658 credere
2909 3601 3110 3658 audeas
3138 3601 3288 3674 quod
3317 3604 3510 3659 omnia
3539 3604 3732 3660 relin-

2117 3692 2334 3767 quendo
2364 3692 2631 3749 subsistas
2659 3692 2687 3748 ‘l
2722 3693 2900 3748 Aliter
2927 3699 2982 3748 te
3011 3699 3224 3748 creator
3252 3691 3529 3761 condidit,
3557 3701 3732 3766 atque

2117 3783 2276 3839 aliter
2303 3790 2364 3838 tu
2393 3783 2630 3855 teipsum
2647 3781 2926 3854 disponis;
2953 3781 3316 3837 valentiorem
3347 3789 3400 3838 te
3429 3782 3732 3839 robustio-

2119 3891 2344 3948 remque
2371 3875 2593 3942 faceret,
2623 3872 2669 3929 si
2699 3873 2853 3946 sequi
2883 3880 2937 3930 te
2962 3889 3060 3929 sua
3088 3873 3324 3946 vestigia
3353 3891 3483 3932 cum
3515 3875 3730 3948 inopia:

2118 3974 2440 4031 necessitate
2468 3973 2754 4029 voluisset.
2787 3975 2874 4028 An
2895 3987 3008 4028 non
3039 3971 3288 4044 plerique
3304 3980 3358 4028 et
3379 3980 3599 4029 terrena
3620 3989 3733 4044 pa-

2119 4063 2381 4119 trimonia
2407 4078 2757 4136 nequaquam
2783 4061 3066 4128 deserunt,
3109 4067 3164 4117 et
3191 4067 3379 4118 tamen
3408 4078 3479 4117 ex
3507 4061 3601 4118 his
3631 4078 3738 4134 per

2121 4151 2512 4208 misericordiae
2533 4165 2696 4222 Opera
2721 4166 2968 4222 supernae
2989 4149 3158 4206 sortis
3180 4149 3327 4206 bona
3341 4158 3553 4206 aeterna
3575 4167 3736 4206 mer-

2119 4249 2314 4296 cantur
2343 4241 2371 4297 ?
2405 4241 2533 4297 Haec
2561 4240 2848 4296 blandiens
2895 4239 3156 4312 suggerit,
3193 4255 3440 4296 seorsum
3490 4255 3627 4297 vero
3671 4240 3737 4297 in

2120 4330 2327 4387 eisdem
2355 4329 2519 4386 rebus
2547 4345 2683 4402 quas
2711 4329 2946 4384 retinere
2975 4327 3241 4384 admonet
3270 4337 3398 4385 ante
3427 4328 3737 4385 retinentis

2121 4420 2310 4476 oculos
2360 4418 2749 4475 delectationes
2803 4417 3087 4490 pestiferas
3132 4416 3416 4489 decipiens
3472 4419 3736 4490 apponit,

2122 4517 2390 4581 quatenus
2413 4506 2699 4564 seductum
2729 4523 2826 4562 cor
2867 4507 2889 4542 ⁴
2940 4506 3008 4562 ad
3037 4504 3422 4562 blandimenta
3449 4508 3742 4564 exteriora

415 4624 638 4682 auditus
668 4623 737 4680 ad
779 4594 1201 4678 delectationem
1244 4620 1506 4690 trahitur,
1550 4639 1741 4680 sensus
1786 4642 1819 4680 a
1863 4594 2009 4682 statu
2042 4599 2092 4658 Β
2121 4597 2420 4690 Palmm},
2443 4597 2709 4690 mimi"?
2732 4594 3090 4690 Ρβτίθθίξοηίδ
3117 4601 3246 4650 "om
3272 4603 3570 4690 Ρθτῗθῗίδί·
3598 4597 3742 4690 Οῗδδ

414 4733 526 4772 suae
567 4710 915 4770 fortitudinis
962 4717 1272 4768 enervatur.
1325 4713 1403 4768 Ita
1427 4729 1643 4786 quoque
1673 4721 1854 4770 astuta
1899 4714 2016 4785 ejus

423 4801 656 4861 consilia
687 4800 820 4858 dum
851 4798 1008 4872 quasi
1039 4799 1064 4837 ²
1102 4797 1304 4855 blanda
1335 4800 1654 4871 provisione
1696 4794 2015 4868 consulunt,

421 4911 516 4952 cor
543 4910 576 4950 a
603 4892 736 4948 forti
764 4890 1074 4946 intentione
1090 4887 1407 4956 invertunt;
1430 4895 1485 4944 et
1505 4889 1638 4945 dum
1659 4889 1845 4946 dulcia
1874 4905 2018 4946 reso-

419 4990 574 5052 nant,
593 4981 661 5038 ad
677 4981 847 5038 noxia
867 4979 1159 5038 inclinant.
1179 4977 1345 5045 Quasi
1363 4994 1491 5050 ergo
1507 4977 1630 5034 seris
1645 4978 1847 5036 ﬁstulae
1865 4988 2018 5044 sunt,

417 5089 538 5146 quae
566 5073 701 5128 dum
732 5073 969 5128 libenter
997 5068 1326 5135 audiuntur,
1356 5067 1424 5123 ab
1454 5065 1672 5123 interna
1710 5067 2020 5125 intentione

418 5165 664 5219 animum
697 5163 754 5218 in
783 5159 1080 5218 exterioris
1109 5158 1240 5214 vitae
1269 5156 1699 5214 delectationem
1729 5155 2016 5228 dejiciunt.

418 5252 534 5308 Hoc
563 5253 713 5308 enim
743 5249 1049 5308 Behemoth
1065 5249 1168 5305 iste
1185 5263 1516 5321 magnopere
1533 5247 1601 5303 ad
1615 5247 2021 5320 exsequendam

420 5340 796 5412 deceptionem
826 5339 1045 5412 satagit,
1075 5347 1138 5395 ut
1177 5338 1309 5394 dum
1340 5336 1715 5410 perversitatis
1745 5354 1856 5394 suae
1877 5353 2022 5394 con-

421 5428 610 5484 silium
637 5428 794 5501 quasi
829 5429 964 5484 utile
995 5427 1256 5495 ostendit,
1307 5426 1554 5483 suaviter
1600 5426 1778 5482 valeat
1825 5441 2020 5482 sonare

499 5623 515 5656 ¹
548 5621 749 5692 Pratel.
783 5620 1026 5692 αἰβοῖ-1).
1062 5622 1272 5687 Germ.,
1305 5621 1589 5692 indulgeri.

500 5693 520 5726 ²
551 5691 775 5764 Ebroic.
796 5690 1012 5764 aliique
1050 5693 1263 5760 Nornu,
1293 5690 1485 5748 blanda
1514 5692 2017 5764 pei'suasione.\'c-

429 5770 518 5818 tus
547 5762 649 5818 Ed.
681 5762 876 5828 Basil.,
918 5762 1114 5818 blanda
1138 5764 1504 5832 promissione.

497 5835 518 5868 ³
549 5834 668 5891 Duo
699 5834 882 5892 Germ.
915 5842 968 5891 et
996 5833 1220 5891 Ebroic.
1239 5849 1364 5890 cum
1393 5835 1465 5888 al.
1489 5835 1703 5903 Norm.,
1725 5851 1842 5906 qua:
1870 5841 2013 5891 sunt.

2126 4685 2307 4759 itaque
2335 4685 2454 4757 ejus
2468 4685 2611 4742 sicut
2638 4685 2835 4742 ﬁstula)
2863 4684 2990 4742 teris
3017 4694 3168 4754 sunt,
3204 4684 3336 4758 quia
3369 4684 3567 4741 dolosa
3615 4684 3740 4757 ejus

2125 4773 2355 4832 consilia
2383 4775 2516 4830 dum
2543 4774 2810 4831 blandum
2838 4791 2908 4831 ex
2937 4775 3313 4832 exterioribus
3355 4791 3560 4831 sonum
3612 4776 3739 4832 red-

2125 4864 2286 4932 dunt,
2317 4863 2684 4935 perniciosum
2715 4863 3066 4937 dispendium
3098 4864 3166 4922 de
3199 4864 3566 4922 interioribus
3582 4863 3739 4937 inge.

2127 4961 2278 5010 runt.

2199 5069 2286 5126 43.
2317 5069 2552 5128 Maxime
2595 5069 2641 5124 si
2680 5069 2752 5126 ad
2792 5070 3092 5124 monasticw
3137 5069 3476 5142 perfectionis
3529 5070 3742 5126 culmen

2130 5160 2324 5215 tendat.
2350 5190 2373 5198 -
2402 5159 2582 5226 Alius,
2615 5160 2636 5194 δ
2667 5158 2876 5215 relictis
2903 5157 3166 5216 omnibus
3189 5175 3310 5231 quae
3332 5157 3584 5214 exterius
3616 5175 3742 5230 pos-

2131 5249 2362 5317 sederat,
2389 5257 2452 5304 ut
2481 5247 2736 5305 ordinem
2766 5247 3110 5304 sublimioris
3142 5247 3514 5319 discipulatus
3543 5264 3745 5320 appre-

2131 5337 2357 5404 hendat,
2387 5338 2552 5394 etiam
2583 5337 2806 5394 intimas
2836 5337 3085 5408 frangere
3116 5336 3434 5392 voluntates
3457 5346 3646 5408 parat,
3681 5347 3742 5394 ut

2131 5427 2456 5485 rectioribus
2503 5443 2559 5482 se
2599 5427 2824 5483 alterius
2871 5425 3256 5482 voluntatibus
3302 5425 3570 5495 subdens,
3627 5444 3741 5483 non

2172 5621 2223 5703 f
2251 5620 2449 5689 Laud.,
2481 5621 2687 5676 Turon.
2728 5629 2782 5676 et
2826 5619 2936 5677 duo
2981 5620 3165 5676 Germ.
3211 5620 3283 5676 ad
3329 5618 3536 5676 blanda
3583 5627 3745 5677 exte-

2132 5711 2300 5748 riora.

2203 5767 2224 5799 ⁵
2257 5763 2455 5832 Laud.,
2488 5763 2707 5833 rejectis.
