3936 6382
104 408 203 464 661

881 411 1255 470 MORALIUM
1294 413 1428 470 LIB.
1465 413 1699 470 XXXII.
1741 444 1811 456 —
1849 416 1920 471 IN
1960 414 2187 473 CAPUT
2227 417 2350 474 XLI
2390 420 2452 476 B.
2492 421 2634 478 JOB.

3332 434 3436 492 662

100 535 283 592 solum
305 534 498 608 pravis
515 535 830 606 desideriis,
859 537 954 594 sed
975 537 1043 594 ad
1065 538 1415 610 perfectionis
1437 541 1720 596 cumulum
1755 539 1807 600 Α
1836 556 1980 609 nem,
2013 540 2120 598 nisi
2150 542 2432 600 simulatio
2461 544 2578 616 ejus
2615 545 2926 620 accipitur?
2955 553 3228 629 Cartilago
3268 573 3436 614 nam-

99 624 270 681 etiam
303 625 365 680 in
389 624 556 681 bonis
587 626 733 682 votis
763 625 1096 700 sibimetipsi
1126 629 1426 697 renuntiet,
1449 638 1501 685 et
1529 639 1727 693 cuncta

99 732 221 788 quae
261 714 369 770 sibi
413 713 626 786 agenda
668 723 801 772 sunt
831 733 900 772 ex
949 717 1130 773 alieno
1177 717 1408 774 arbitrio
1453 718 1722 776 observet.

110 804 276 860 Hunc
305 801 489 858 hostis
517 803 760 859 callidus
775 813 929 862 tanto
948 807 1172 863 mollius
1204 808 1527 880 alloquitur,
1558 824 1724 879 quan-

101 904 159 950 to
193 896 211 930 ί
248 892 318 949 ab
365 894 661 950 excelsiori
708 895 829 951 loco
873 895 1107 968 dejicere
1145 898 1427 954 ardentius
1471 908 1722 967 conatur,

102 1001 348 1059 moxque
407 985 693 1042 virulenta
728 989 1077 1060 suggestione
1123 989 1434 1056 blandiens,
1465 990 1602 1046 dicit
1633 1009 1645 1046 :
1679 991 1724 1047 Ο

103 1088 314 1152 quanta
358 1095 455 1150 per
499 1081 856 1150 temetipsum
911 1081 1165 1136 miranda
1210 1099 1365 1153 agere
1420 1085 1644 1155 poteris,
1678 1085 1723 1138 si

100 1184 453 1241 nequaquam
477 1175 530 1222 te
544 1168 761 1239 judicio
787 1170 1016 1226 alterius
1032 1171 1256 1227 subdisl
1287 1172 1397 1228 Cur
1417 1173 1722 1244 profectum

101 1264 262 1314 tuum
295 1256 400 1313 sub
430 1257 618 1314 studio
667 1258 1072 1316 meliorationis
1103 1261 1438 1318 imminuis?
1479 1262 1595 1318 Cur
1623 1263 1720 1317 in-

101 1347 376 1403 tentionis
419 1356 527 1403 tuae
567 1346 798 1416 bonum,
852 1348 986 1404 dum
1019 1351 1162 1405 ultra
1197 1368 1361 1423 quam
1392 1369 1608 1408 necesse
1642 1361 1722 1408 est

101 1437 408 1493 extendere
431 1437 647 1505 niteris,
679 1437 886 1510 frangis
905 1439 932 1494 ‘i
953 1441 1083 1506 Quae
1109 1441 1258 1496 enim
1280 1441 1410 1498 dum
1438 1443 1720 1499 voluntate

99 1527 331 1600 propria
357 1544 491 1583 usus
520 1543 594 1595 es,
628 1543 885 1599 perversa
913 1533 1232 1602 perpetrasti
1257 1532 1285 1588 ‘i
1324 1533 1428 1600 Qui
1459 1549 1586 1604 ergo
1616 1533 1716 1588 tibi

98 1617 265 1688 plene
295 1617 365 1673 ad
393 1617 532 1674 bene
571 1619 877 1676 vivendum
922 1623 1147 1692 sufﬁcis,
1195 1624 1435 1680 alienum
1476 1643 1638 1699 super
1665 1633 1718 1681 te

94 1704 386 1776 judicium
418 1723 518 1763 cur
541 1708 779 1781 requiris
799 1711 828 1765 7
848 1711 975 1768 Haec
995 1711 1282 1768 blandiens
1312 1714 1553 1784 intimat,
1574 1731 1716 1771 seor-

101 1811 232 1850 sum
265 1811 399 1852 vero
429 1797 487 1852 in
532 1797 916 1855 voluntatibus
954 1800 1071 1872 ejus
1118 1802 1356 1874 propriis
1398 1805 1714 1860 exercendae

1835 649 1939 705 que
1971 633 2108 690 ossis
2136 635 2378 691 ostendit
2407 637 2667 708 speciem,
2699 639 2794 695 sed
2823 643 2961 699 ossis
2993 661 3105 701 non
3135 646 3300 704 habet
3329 649 3435 706 fir—

1834 723 2102 780 mitatem.
2134 726 2207 781 Et
2235 733 2364 782 sunt
2392 728 2663 784 nonnulla
2683 729 2819 785 vitia
2842 748 2961 804 quae
2983 736 3280 791 ostendunt
3302 738 3358 793 in
3379 757 3436 795 se

1833 813 2185 870 rectitudinis
2215 815 2475 887 speciem,
2511 817 2604 873 sed
2635 834 2706 873 ex
2735 821 3023 891 pravitatis
3052 824 3325 895 prodeunt
3355 828 3436 883 in-

1832 901 2113 959 ﬁrmitate.
2150 905 2337 961 Hostis
2385 907 2531 962 enim
2579 909 2755 965 nostri
2804 911 3016 969 malitia
3056 922 3209 970 tanta
3239 932 3294 970 se
3323 925 3437 973 arte

1832 992 2043 1063 palliat,
2097 1001 2159 1048 ut
2202 995 2526 1068 plerumque
2569 1006 2695 1054 ante
2725 998 2965 1073 deceptae
3009 1006 3211 1062 mentis
3249 1009 3437 1064 oculos

1832 1083 2020 1153 culpas
2050 1081 2284 1139 virtutes
2309 1084 2502 1157 ﬁngat,
2535 1095 2596 1141 ut
2628 1087 2757 1145 inde
2787 1092 3018 1165 quisque
3048 1095 3202 1166 quasi
3232 1113 3440 1170 exspe-

1831 1178 1942 1226 ctet
1971 1172 2214 1242 praemia,
2264 1174 2410 1229 unde
2440 1175 2639 1248 dignus
2681 1187 2763 1234 est
2792 1188 2994 1238 aeterna
3035 1184 3284 1240 invenire
3314 1194 3438 1243 tor-

1831 1267 2036 1316 menta.
2069 1262 2397 1337 Plerumque
2425 1265 2574 1321 enim
2604 1267 2664 1322 in
2692 1269 3024 1328 ulciscendis
3059 1275 3215 1330 vitiis
3244 1277 3436 1333 crude-

1830 1350 1955 1406 litas
1995 1351 2199 1422 agitur,
2246 1363 2299 1408 et
2323 1353 2539 1426 justitia
2587 1365 2834 1428 putatur,
2883 1369 3044 1435 atque
3074 1363 3439 1423 immoderata

1829 1438 1910 1494 ira
1933 1438 2074 1510 justi
2115 1440 2218 1496 zeli
2264 1443 2526 1500 meritum
2571 1447 2848 1517 creditur;
2889 1459 2942 1507 et
2971 1470 3097 1509 cum
3125 1471 3157 1510 a
3187 1455 3437 1513 distortis

1829 1529 2078 1585 moribus
2103 1541 2393 1602 peccantes
2423 1533 2586 1608 dirigi
2617 1546 2773 1593 caute
2803 1539 3056 1611 debeant,
3081 1543 3325 1602 violenta
3353 1547 3433 1602 in-

1827 1618 2064 1677 ﬂexione
2109 1621 2460 1695 franguntur.
2513 1626 2841 1702 Plerumque
2885 1631 3151 1690 dissoluta
3182 1637 3434 1692 remissio

1826 1711 1980 1780 quasi
2013 1714 2378 1770 mansuetudo
2413 1730 2475 1770 ac
2521 1717 2696 1787 pietas
2748 1718 3011 1789 habetur;
3049 1733 3102 1779 et
3144 1724 3276 1780 dum
3311 1727 3434 1797 plus

1824 1815 1987 1872 quam
2035 1800 2194 1858 decet
2246 1801 2702 1876 delinquentibus
2748 1811 3126 1880 temporaliter
3168 1814 3432 1884 parcitur,

97 1885 377 1956 superbiae
408 1902 596 1942 causas
643 1896 831 1960 parat;
889 1897 942 1945 et
972 1890 1102 1946 dum
1141 1892 1329 1948 laudat
1359 1909 1453 1948 cor
1481 1894 1546 1948 de
1578 1895 1713 1949 inte-
1750 1905 1797 1966 Β
1826 1889 1894 1948 ad
1923 1900 2127 1948 aeterna
2154 1893 2424 1964 supplicia
2448 1895 2746 1952 crudeliter
2775 1910 3146 1958 reservantur.
3171 1904 3434 1961 Nonnun-

97 1977 254 2031 stina
296 1977 653 2046 rectitudine,
699 1977 1002 2051 investigat
1036 1981 1233 2037 callide
1272 1983 1367 2038 ubi
1399 1982 1627 2040 subruat
1658 1985 1713 2040 in

104 2066 404 2136 pravitate.
462 2067 596 2123 Ossa
638 2068 826 2142 itaque
849 2070 969 2142 ejus
997 2071 1142 2128 sicut
1182 2072 1380 2129 ﬁstulae
1414 2075 1538 2130 aeris
1563 2083 1710 2143 sunt,

101 2154 237 2226 quia
279 2153 625 2211 clandestina
654 2157 774 2228 ejus
820 2159 1054 2214 consilia
1085 2160 1232 2216 unde
1278 2163 1432 2235 quasi
1465 2163 1712 2220 animum

99 2241 312 2298 blanda
339 2242 637 2313 delectant,
675 2251 865 2310 1069
897 2247 1026 2304 inde
1057 2249 1368 2320 perniciosa
1395 2267 1427 2305 a
1454 2259 1602 2307 recta
1634 2253 1714 2307 in-

98 2340 356 2396 tentione
385 2341 674 2414 dissipant.

173 2428 266 2484 44.
313 2431 583 2497 Quomodo
612 2433 677 2488 ab
707 2433 890 2506 ofﬁciis
920 2434 1200 2489 charitatis
1227 2451 1450 2491 avocare
1484 2438 1710 2494 student.

94 2549 170 2560 —
201 2519 366 2575 Alius
396 2520 587 2577 fractis
609 2523 631 2556 ²
652 2523 813 2594 plene
842 2523 1222 2580 voluntatibus
1244 2525 1379 2592 suis,
1412 2526 1585 2581 multa
1598 2525 1712 2598 jam

100 2609 316 2663 vetusti
349 2608 594 2666 hominis
623 2611 764 2667 vitia
789 2619 844 2666 et
872 2613 1178 2668 mutatione
1199 2613 1348 2682 vitae,
1382 2621 1434 2668 et
1455 2615 1714 2670 lamenta-

102 2699 263 2753 tione
294 2700 635 2770 paanitentiae
667 2703 688 2736 ³
732 2703 1008 2768 correxit;
1060 2711 1113 2758 et
1152 2710 1307 2758 tanto
1357 2704 1547 2776 majori
1599 2705 1714 2760 zelo

97 2795 300 2844 contra
329 2790 509 2844 aliena
530 2798 753 2860 peccata
780 2791 1119 2860 accenditur,
1152 2802 1355 2864 quanto
1384 2793 1711 2865 sibimetipsi

97 2877 370 2934 funditus
410 2885 685 2947 mortuus,
732 2880 1118 2952 iniquitatibus
1148 2883 1385 2953 propriis
1424 2900 1536 2938 non
1568 2890 1715 2938 tene-

101 2977 219 3024 tur.
260 2969 425 3024 Hunc
454 2968 631 3025 hostis
675 2970 928 3038 callidus,
981 2972 1108 3042 quia
1135 2973 1250 3027 zelo
1284 2971 1515 3044 justitiae
1549 2975 1713 3029 etiam

105 3057 329 3114 caeteris
361 3058 619 3129 prodesse
664 3060 968 3130 cognoscit,
1009 3075 1114 3132 qua
1143 3062 1188 3116 si
1221 3078 1477 3134 prospera
1505 3081 1715 3119 consu-

99 3150 356 3206 lentibus
384 3149 568 3206 verbis
598 3150 836 3223 impetit,
867 3151 1058 3207 dicens
1089 3171 1100 3207 :
1161 3154 1307 3222 Quid
1343 3162 1396 3209 te
1438 3156 1506 3211 ad
1536 3157 1715 3211 aliena

1825 1997 1991 2054 quam
2040 1981 2236 2038 effusio
2273 1982 2654 2041 misericordia
2699 1988 2965 2059 creditur,
3011 1999 3066 2047 et
3109 1991 3240 2048 dum
3293 1997 3436 2052 male

1825 2086 2040 2126 servare
2083 2071 2246 2142 culpa
2288 2072 2380 2139 sit,
2427 2072 2584 2144 pejus
2632 2078 2812 2150 spargi
2858 2079 3006 2151 quod
3036 2091 3322 2154 acceptum
3353 2093 3435 2141 est

1824 2176 1935 2215 non
1968 2160 2216 2218 timetur.
2248 2162 2658 2235 Nonnunquam
2680 2167 2896 2223 tenacia
2924 2170 3160 2240 parcitas
3187 2181 3434 2244 putatur,

1824 2255 1879 2303 et
1898 2265 2024 2304 cum
2049 2265 2215 2320 grave
2244 2248 2318 2305 sit
2339 2251 2539 2307 vitium
2563 2269 2676 2309 non
2697 2254 2961 2326 tribuere,
2994 2260 3172 2316 virtus
3193 2262 3436 2319 creditur

1822 2343 2044 2406 accepta
2073 2337 2328 2393 retinere.
2361 2337 2515 2410 Saepe
2547 2341 2816 2397 malorum
2849 2345 3153 2416 pertinacia
3181 2358 3436 2407 constan-

1824 2424 1904 2478 tia
1932 2424 2163 2490 dicitur,
2203 2433 2257 2481 et
2287 2426 2420 2482 dum
2452 2443 2608 2484 mens
2642 2447 2672 2486 a
2701 2432 2974 2502 pravitate
3017 2452 3114 2492 sua
3143 2437 3291 2494 ﬂecti
3321 2455 3432 2495 non

1823 2515 2054 2586 patitur,
2102 2516 2259 2588 quasi
2291 2532 2360 2572 ex
2392 2517 2527 2576 recti
2572 2517 2889 2578 defensione
2937 2524 3221 2594 gloriatur.
3281 2526 3432 2599 Sapo

1825 2604 2198 2661 inconstantia
2219 2605 2375 2678 quasi
2403 2608 2768 2666 tractabilitas
2798 2610 3050 2683 habetur,
3083 2623 3137 2671 et
3157 2631 3266 2688 quo
3285 2617 3434 2690 quis-

1825 2708 1929 2764 que
1957 2693 2122 2750 fidem
2160 2695 2429 2766 integram
2461 2697 2599 2754 nulli
2630 2708 2833 2768 servat,
2864 2718 2929 2758 eo
2958 2704 3197 2761 amicum
3227 2721 3284 2760 se
3320 2704 3434 2760 ho-

1825 2782 2072 2839 minibus
2101 2786 2356 2842 aestimat.
2391 2789 2707 2861 Aliquando
2736 2792 2905 2848 timor
2936 2794 3311 2867 incompetens
3331 2795 3431 2850 hu-

1825 2872 2034 2928 militas
2062 2874 2330 2942 creditur,
2376 2884 2431 2932 et
2456 2893 2585 2933 cum
2620 2883 2910 2952 temporali
2942 2883 3241 2941 formidine
3271 2903 3434 2958 pres-

1824 2978 1918 3016 sus
1939 2963 2172 3034 quisque
2203 2965 2224 2998 ⁵
2248 2980 2278 3017 a
2305 2963 2626 3022 defensione
2659 2970 2909 3025 veritatis
2938 2978 3101 3040 tacet,
3133 2974 3433 3033 arbitratur

1823 3049 1970 3122 quod
2007 3049 2170 3121 juxta
2201 3053 2302 3108 Dei
2354 3053 2604 3110 ordinem
2656 3056 2924 3114 humilem
2966 3077 3022 3115 se
3053 3063 3074 3096 ⁸
3122 3064 3430 3133 potioribus

1823 3139 2102 3196 exhibeat.
2141 3147 2332 3205 1070
2361 3143 2681 3217 Aliquando
2728 3149 2880 3205 vocis
2923 3151 3178 3222 superbia
3215 3152 3334 3208 veri
3366 3153 3431 3208 li-

93 3239 352 3296 curanda
380 3240 621 3296 dilatas?
675 3240 894 3297 Utinam
929 3249 1023 3297 tua
1054 3243 1402 3299 considerare
1449 3249 1716 3303 convale-
1751 3269 1795 3330 C
1829 3241 2011 3296 berlas
2066 3241 2388 3308 ωεῖίῐηὶιωΐν
2447 3249 2501 3297 et
2547 3260 2674 3299 cum
2719 3262 2814 3317 per
2859 3247 3151 3304 elationem
3206 3250 3428 3307 veritati

95 3345 242 3386 scas.
271 3331 358 3384 An
380 3346 493 3386 non
524 3331 819 3403 perpendis
840 3331 968 3404 quia
996 3348 1121 3387 cum
1154 3333 1221 3388 ad
1251 3334 1431 3389 aliena
1459 3336 1714 3392 extende-

101 3417 211 3484 ris,
243 3432 371 3489 erga
398 3435 459 3473 ea
488 3419 733 3476 curanda
762 3436 881 3493 quae
911 3429 1006 3475 tua
1039 3431 1166 3477 sunt
1192 3421 1375 3478 minor
1403 3423 1717 3481 inveniris?

101 3508 176 3562 Et
207 3507 344 3580 quid
374 3509 597 3580 prodest
624 3511 790 3567 alieni
840 3512 1088 3568 vulneris
1119 3529 1370 3568 cruorem
1400 3521 1630 3587 tergere,
1662 3523 1715 3571 et

99 3597 457 3668 putredinem
488 3601 697 3672 proprii
747 3601 1076 3673 negligendo
1106 3602 1336 3658 dilatare
1355 3605 1382 3660 ἢ)
1427 3605 1554 3660 Haec
1581 3604 1713 3660 dum

101 3687 264 3761 quasi
305 3689 600 3745 consulens
629 3690 790 3758 dicit,
831 3692 1008 3747 zelum
1040 3691 1330 3748 charitatis
1361 3695 1382 3728 ⁴
1413 3693 1630 3762 adimit,
1663 3701 1716 3748 et

102 3794 274 3835 omne
299 3777 511 3834 bonum
535 3780 683 3852 quod
706 3780 926 3852 prodire
955 3798 1024 3836 ex
1052 3781 1321 3839 charitate
1351 3791 1584 3854 poterat,
1606 3784 1714 3856 gla-

99 3869 200 3926 dio
219 3868 635 3926 subintroducti
657 3871 896 3941 torporis
918 3871 1242 3943 exstinguit.
1268 3871 1323 3926 Si
1346 3872 1490 3926 enim
1523 3872 1712 3944 proxi-

99 3976 227 4015 mos
270 3959 416 4016 sicut
444 3960 812 4032 nosmetipsos
853 3960 1082 4031 diligere
1112 3960 1464 4033 praecipimur
1497 3961 1708 4031 (Matth.

98 4065 226 4115 xix,
255 4049 320 4105 19
341 4066 355 4115 ;
389 4065 530 4116 xxu,
551 4049 669 4122 39),
696 4049 927 4121 dignum
949 4058 1030 4105 est
1049 4057 1111 4104 ut
1134 4049 1214 4107 sic
1234 4067 1422 4105 eorum
1452 4051 1568 4107 zelo
1587 4069 1713 4108 con-

100 4147 188 4194 tra
209 4138 371 4206 vitia,
399 4137 546 4194 sicut
566 4147 619 4194 et
650 4148 860 4208 nostro,
885 4140 1196 4214 ﬂagremus.
1225 4141 1365 4208 Quia
1391 4141 1558 4213 igitur
1579 4141 1710 4198 dum

99 4228 350 4285 suaviter
403 4229 665 4297 consulit,
725 4237 965 4287 mentem
1015 4231 1083 4286 ab
1130 4231 1440 4289 intentione
1494 4232 1714 4304 propria

97 4317 340 4374 alienam
366 4317 574 4386 reddit,
618 4325 763 4375 recte
788 4318 1026 4376 dicitur:
1064 4322 1195 4376 Ossa
1224 4319 1335 4389 ejus
1363 4320 1501 4374 sicut
1524 4321 1716 4391 ﬁstula:

98 4405 490 4474 (eris.Quaudo
520 4407 670 4463 enim
691 4424 789 4481 per
809 4408 1162 4466 fraudulenta
1190 4410 1420 4466 consilia
1439 4411 1714 4467 audientis

96 4497 294 4552 animo
323 4495 590 4552 blandum
622 4505 800 4568 sonat,
820 4499 978 4571 quasi
998 4515 1124 4554 cum
1146 4499 1332 4554 ﬁstula
1356 4499 1481 4556 agris
1509 4508 1711 4569 cantat,

99 4592 166 4641 ut
205 4584 356 4642 unde
387 4586 614 4655 mulcet,
671 4586 802 4643 inde
855 4587 1111 4659 decipiat.
1173 4587 1311 4660 [Vet.
1343 4587 1553 4664 ΧΧΙΙ.]
1609 4589 1714 4645 Sed

100 4675 412 4732 Behemoth
430 4675 536 4732 iste
557 4675 718 4732 valde
738 4677 964 4734 mollius
983 4685 1259 4734 certamen
1281 4679 1712 4752 movet,quando

98 4781 157 4819 se
187 4765 248 4820 in
280 4764 503 4821 insidiis
529 4765 635 4821 sub
653 4773 924 4838 praetextu
949 4765 1292 4822 inﬁrmitatis
1308 4775 1543 4824 exercet.
1560 4768 1714 4824 Tunc

98 4863 288 4910 autem
349 4853 602 4911 duriores
659 4855 989 4912 tentationes
1040 4857 1267 4925 excitat,
1323 4856 1541 4930 quando
1587 4865 1712 4912 ante

97 4942 309 4997 tentati
331 4943 522 4999 oculos
551 4942 864 5017 iniquitatis
891 4945 1116 5017 laqueos
1139 4945 1242 5000 sub
1271 4944 1452 5017 specie
1489 4945 1712 5001 virtutis

97 5031 368 5087 occultat.
402 5031 556 5088 Unde
584 5041 640 5088 et
668 5040 814 5090 recte
844 5032 1199 5106 subjungitur
1233 5051 1243 5087 :

670 5121 898 5180 CAPUT
941 5124 1122 5180 XXII.

173 5211 346 5266 Vens.
386 5209 470 5265 13.
501 5241 572 5251 -
605 5210 880 5284 Cartilago
923 5212 1034 5282 ejus
1065 5212 1221 5282 quasi
1252 5210 1462 5267 lamina:
1502 5211 1708 5281 fer-recc.

171 5299 264 5356 45.
311 5301 572 5356 Duriores
621 5301 926 5356 tentationes
969 5302 1165 5357 excitat
1217 5317 1334 5356 cum
1366 5302 1576 5372 laqueos
1614 5301 1707 5356 sub

95 5392 265 5464 specie
309 5391 523 5446 virtutis
569 5393 812 5448 occultat.
845 5422 916 5433 —
945 5392 1090 5460 Quid
1118 5391 1265 5447 enim
1297 5408 1393 5464 per
1420 5391 1706 5464 cartilagi-

173 5598 188 5630 ¹
221 5594 314 5650 Sic
343 5595 469 5650 Mss.
504 5594 698 5649 nostri.
732 5593 886 5650 Editi
918 5610 1070 5664 vero,
1091 5597 1157 5653 ab
1187 5595 1544 5652 excellentiori
1575 5597 1702 5652 loco.

173 5667 195 5700 ²
227 5668 351 5722 Duo
378 5665 568 5737 Angl.,
594 5683 740 5736 pene.

169 5739 191 5772 ³
226 5737 451 5793 Ebroic.
484 5737 689 5808 aliique
710 5740 924 5806 Norm.,
956 5737 1128 5793 Laud.
1139 5778 1154 5805 ,
1185 5737 1295 5794 duo
1325 5740 1507 5795 Germ.
1527 5746 1580 5794 et
1608 5739 1702 5808 al.,

95 5810 330 5865 excoxit.

173 5883 193 5916 ⁸
230 5880 480 5949 Ebroic.,
511 5882 726 5936 amittit.

1829 3330 2250 3398 contradicitur,
2280 3331 2540 3404 loquendi
2572 3336 2876 3406 procacitas
2904 3338 3154 3393 veritatis
3182 3339 3429 3395 defensio

1825 3427 2067 3490 putatur.
2087 3421 2420 3493 Plerumque
2446 3422 2670 3493 pigritia
2686 3425 2840 3496 quasi
2863 3427 3207 3483 continentia
3229 3428 3429 3501 quietis

1824 3509 2148 3578 attenditur,
2198 3517 2251 3564 et
2281 3526 2407 3565 cum
2452 3512 2634 3582 gravis
2679 3515 2855 3586 culpae
2894 3514 2966 3570 sit
3004 3526 3149 3573 recta
3186 3517 3429 3574 studiose

1825 3615 1935 3655 non
1961 3615 2138 3671 agere,
2168 3615 2380 3671 magna:
2399 3601 2628 3657 virtutis
2657 3603 2917 3660 meritum
2938 3606 3184 3662 creditur
3210 3625 3241 3663 a
3261 3623 3431 3680 prava

1824 3695 2039 3744 tantum
2071 3688 2287 3744 actione
2317 3705 2544 3746 cessare.
2590 3690 2920 3765 Plerumque
2951 3694 3276 3767 inquietudo
3305 3697 3430 3768 spi-

1824 3777 1983 3845 ritus,
2002 3778 2241 3850 vigilans
2261 3779 2579 3836 sollicitudo
2601 3782 2918 3838 nominatur
2935 3801 2949 3850 ;
2977 3791 3030 3839 et
3042 3800 3170 3841 cum
3185 3784 3426 3857 quietem

1825 3869 2055 3940 quisque
2097 3885 2210 3924 non
2250 3868 2472 3937 tolerat,
2517 3869 2727 3940 agendo
2770 3888 2891 3944 qua:
2936 3872 3162 3945 appetit,
3201 3871 3427 3928 virtutis

1822 3957 2021 4012 debitas
2064 3957 2294 4028 implere
2351 3973 2408 4013 se
2459 3958 2785 4014 exercitium
2842 3967 3016 4031 putat.
3075 3962 3226 4032 Saepe
3267 3960 3335 4016 ad
3364 3976 3428 4016 ea

1823 4063 1944 4120 quae
1973 4045 2180 4118 agenda
2208 4053 2338 4102 sunt
2365 4046 2586 4103 incauta
2614 4047 2975 4120 praecipitatio
3004 4048 3266 4105 laudandi
3297 4057 3426 4106 stu-

1823 4137 1901 4192 dii
1933 4136 2122 4191 fervor
2149 4134 2395 4192 creditur
2420 4153 2432 4202 ;
2471 4143 2524 4190 et
2552 4152 2676 4192 cum
2708 4135 3077 4194 desideratum
3102 4138 3312 4194 bonum
3342 4138 3425 4194 in-

1822 4225 2150 4297 tempestiva
2184 4225 2404 4280 actione
2448 4226 2844 4299 corrumpitur,
2876 4243 2940 4283 eo
2971 4228 3057 4300 agi
3088 4227 3287 4284 melius
3315 4243 3425 4301 quo

1822 4314 2055 4371 celerius
2085 4314 2409 4370 aestimatur.
2461 4317 2613 4388 Saepe
2654 4316 2994 4373 accelerandi
3035 4317 3168 4374 boni
3196 4316 3426 4375 tarditas

1823 4403 2120 4460 consilium
2161 4410 2420 4476 putatur;
2454 4411 2509 4459 et
2550 4420 2675 4461 cum
2706 4413 3052 4478 exspectatur
3081 4413 3142 4462 ut
3170 4422 3240 4462 ex
3271 4407 3290 4441 ⁷
3326 4423 3425 4464 re-

1823 4493 2151 4549 tractatione
2180 4493 2452 4566 proﬁciat,
2476 4491 2584 4549 hoc
2608 4494 2877 4552 insidians
2904 4512 3060 4552 mora
3086 4496 3422 4569 supplantat.

1828 4579 1967 4654 [νει.
1999 4582 2196 4638 XXIII
2198 4582 2238 4655 .]
2270 4581 2445 4654 Igitur
2471 4598 2598 4640 cum
2640 4583 2803 4656 culpa
2829 4586 2983 4642 velut
3011 4585 3190 4641 virtus
3215 4586 3426 4658 aspici-

1826 4678 1938 4735 tur,
1985 4670 2290 4728 necessario
2337 4671 2680 4743 pensandum
2721 4680 2802 4730 est
2847 4674 2978 4747 quia
3023 4682 3176 4732 tanto
3211 4675 3425 4732 tardius

1822 4777 1976 4817 mens
2005 4761 2206 4817 vitium
2239 4778 2400 4818 suum
2430 4762 2656 4829 deserit,
2687 4771 2894 4836 quanto
2923 4763 3032 4822 hoc
3060 4764 3208 4838 quod
3236 4780 3422 4837 perpe-

1822 4856 1954 4914 trat,
1987 4867 2099 4906 non
2129 4851 2435 4929 erubescit;
2482 4859 2536 4907 et
2565 4859 2718 4908 tanto
2766 4869 2922 4909 mens
2967 4853 3178 4910 tardius
3222 4852 3421 4908 vitium

1821 4941 2044 5010 deserit,
2075 4952 2302 5015 quanto,
2351 4961 2446 5016 per
2476 4945 2701 5002 virtutis
2729 4945 2964 5018 speciem
2996 4946 3239 5017 decepta,
3272 4962 3422 5018 prae—

1822 5029 2062 5086 miorum
2084 5031 2248 5086 etiam
2270 5031 2337 5087 de
2358 5048 2422 5086 eo
2438 5031 2859 5089 retributionem
2878 5033 3094 5106 quaerit.
3125 5033 3307 5089 Facile
3328 5049 3419 5088 au-

1820 5127 1929 5175 tem
1961 5121 2122 5192 culpa
2164 5121 2465 5192 corrigitur
2506 5138 2627 5194 quae
2673 5129 2727 5177 et
2764 5121 3105 5178 erubescitur
3149 5121 3279 5195 quia
3305 5137 3420 5178 esse

1819 5209 1980 5280 culpa
2009 5210 2263 5266 sentitur.
2309 5210 2449 5277 Quia
2477 5209 2660 5283 itaque
2688 5227 2840 5266 error
2867 5227 2992 5267 cum
3025 5211 3202 5267 virtus
3231 5211 3421 5268 credi—

1816 5304 1908 5354 tur
1948 5297 2233 5354 diiﬁcilius
2274 5298 2624 5369 emendatur,
2669 5304 2815 5354 recte
2844 5296 3089 5354 dicitur:
3145 5300 3419 5373 Cartilago

1815 5387 1928 5458 ejus
1955 5387 2110 5459 quasi
2148 5387 2359 5444 lamina:
2396 5386 2603 5456 ferrem.
2649 5386 2953 5443 Behemoth
2992 5388 3140 5443 enim
3174 5389 3274 5446 iste
3312 5407 3419 5463 quo

1887 5595 1908 5629 ³⁵
1938 5593 2112 5661 Editi,
2135 5593 2208 5649 ad
2235 5592 2604 5662 defensionem.
2623 5592 2820 5650 Melius
2852 5592 2909 5649 in
2932 5592 3195 5662 Vindoc.,
3219 5593 3419 5663 Laud.,

1815 5667 2030 5738 Norm.,
2047 5665 2213 5720 duob.
2236 5666 2445 5738 Germ.,
2469 5681 2605 5738 quos
2632 5663 2935 5738 sequimur,
2967 5684 3002 5721 τι
3030 5665 3344 5736 defensione.

1888 5740 1908 5772 ⁶
1940 5737 2171 5802 Turon.,
2201 5737 2598 5802 potentioribus.

1886 5811 1906 5842 ⁷
1939 5809 2164 5876 Pratel.,
2195 5807 2394 5876 Laud.,
2422 5807 2532 5864 duo
2561 5809 2773 5877 Germ.,
2792 5808 2916 5864 Val.
2941 5808 3050 5878 CL,
3085 5807 3414 5864 tractatione.

1815 5881 1940 5936 V'ct.
1963 5880 2067 5937 Ed.
2101 5880 2273 5937 Paris.
2304 5887 2358 5937 et
2380 5880 2573 5948 Basil.,
2605 5899 2670 5936 ea:
2703 5881 2974 5937 tractione.
