3936 6388
482 356 589 415 663

1700 365 1952 425 SANCTI
1997 368 2335 430 GREGORII
2370 373 2596 435 MAGNI

3704 389 3817 446 664

482 482 587 574 sub
608 488 888 574 praetextu
922 479 1057 574 boni
1101 483 1461 544 calliditatem
1509 503 1665 544 suam
1691 489 2099 550 fraudulentius
2125 496 2178 559 Α
2208 513 2306 569 pro
2335 497 2625 559 latitudine
2651 502 2877 562 dicitur.
2909 505 3057 574 Quid
3077 523 3209 565 vero
3235 517 3316 566 est
3344 507 3608 568 humanm
3634 517 3817 572 menti

484 571 738 643 exhibet,
768 588 836 630 eo
867 572 927 630 in
954 573 1120 648 culpa
1150 584 1389 636 mentem
1421 578 1614 637 durius
1640 586 1810 637 tenet.

554 720 645 779 46.
691 720 796 791 Qui
822 720 967 778 viam
993 723 1296 780 sanctitatis
1322 730 1598 797 appetunt,
1612 725 1906 796 aliquando
1933 725 1992 781 in
2017 742 2097 780 er.

483 828 665 869 rorem
699 811 858 884 lapsi,
909 813 1118 869 tardius
1158 815 1524 872 mandantur.
1573 814 1815 886 Frigidis
1841 814 2099 870 mentibus

484 900 799 974 frigidiores
843 902 999 974 ﬁunt.
1026 932 1098 945 —
1124 903 1270 960 Hinc
1307 911 1388 959 est
1417 903 1566 978 quod
1607 918 2007 977 nonnunquam
2037 899 2099 958 hi

485 989 584 1064 qui
616 989 767 1048 viam
799 991 1115 1048 sanctitatis
1141 999 1410 1064 appetunt
1436 994 1496 1050 in
1537 1009 1777 1050 errorem
1812 994 1948 1066 lapsi
1978 1000 2101 1049 tar-

487 1077 616 1138 dius
664 1079 1049 1138 emendantur.
1106 1082 1338 1139 Rectum
1388 1082 1599 1169 quippe
1654 1083 1930 1140 aestimant
1983 1097 2099 1138 esse

489 1168 638 1244 quod
661 1177 852 1242 agunt,
865 1178 919 1226 et
939 1170 1085 1229 sicut
1099 1168 1417 1230 excolendae
1432 1190 1456 1227 ι
1470 1173 1747 1242 irtuti,sic
1763 1173 1903 1230 vitio
1922 1188 2101 1246 perse-

488 1258 799 1316 verantiam
821 1257 1088 1334 jungunt.
1115 1261 1348 1320 Rectum
1377 1262 1706 1319 existimant
1733 1259 1881 1335 quod
1906 1268 2098 1334 agunt,

490 1354 548 1404 et
569 1347 782 1406 idcirco
804 1365 906 1406 suo
927 1349 1144 1422 judicio
1162 1351 1382 1408 enixius
1406 1352 1675 1409 serviunt.
1694 1351 1848 1409 Unde
1867 1351 2006 1408 bene
2016 1351 2100 1406 Je-

489 1436 694 1494 remias
718 1455 847 1496 cum
875 1438 1086 1497 diceret
1111 1458 1125 1498 :
1161 1441 1515 1499 Candidiores
1535 1442 1792 1499 Ναξίανωί
1817 1442 1934 1513 ejus
1960 1441 2099 1506 nire,

488 1525 766 1584 nitidiores
799 1529 950 1596 lacte,
980 1531 1385 1588 rubicundiores
1411 1532 1561 1588 ebore
1586 1532 1826 1604 antiquo,
1849 1530 2101 1602 sapphiro

485 1618 824 1691 pulchriores
840 1637 862 1686 ;
890 1620 1170 1693 denigrata
1189 1628 1265 1678 est
1281 1639 1441 1694 super
1453 1622 1700 1679 carbones
1718 1621 1750 1693 f
1745 1621 1882 1678 acies
1897 1636 2101 1688 earnm,

491 1714 541 1764 et
566 1725 675 1765 non
701 1715 827 1766 sunt
852 1711 1046 1782 cogniti
1072 1713 1133 1768 in
1149 1713 1371 1785 plateis,
1394 1712 1548 1769 illico
1580 1710 1837 1784 adjunxit
1867 1728 1881 1768 :
1912 1711 2103 1767 Adha-

493 1796 566 1852 sit
608 1796 741 1853 cutis
782 1814 965 1854 eorum
1000 1800 1230 1868 ossibus,
1277 1801 1449 1870 aruit,
1481 1807 1529 1857 et
1554 1800 1699 1872 facta
1728 1806 1803 1856 est
1839 1799 1996 1870 quasi
2025 1799 2104 1854 li-

492 1902 656 1959 gnum
667 1887 697 1960 (
710 1888 1116 1964 Thren.1v,7,8)
1128 1888 1292 1958 .Quid
1307 1890 1456 1948 enim
1466 1892 1843 1948 Nazareorum
1856 1888 2100 1959 nomine,

495 1975 607 2032 nisi
630 1975 1030 2035 abstinentium
1051 1986 1106 2035 et
1127 1980 1533 2038 continentium
1553 1981 1668 2037 vita
1691 1980 1960 2052 signatur,
1982 1994 2103 2052 qua)

499 2065 630 2122 nive
674 2074 731 2124 et
759 2067 901 2124 lacte
946 2067 1182 2126 nitidior
1224 2069 1477 2128 dicitur?
1510 2070 1622 2128 Nix
1663 2069 1813 2126 enim
1855 2085 1926 2125 ex
1964 2084 2106 2140 aqua

497 2155 833 2229 congelascit
869 2173 992 2231 quas
1033 2157 1269 2232 desuper
1305 2160 1483 2230 venit,
1524 2161 1610 2217 lac
1635 2166 1817 2216 autem
1846 2175 1911 2214 ex
1942 2172 2106 2214 carne

499 2244 844 2318 exprimitur
871 2262 993 2320 quae
1020 2246 1080 2304 in
1118 2248 1480 2307 inferioribus
1507 2249 1773 2306 nutritur.
1805 2247 1951 2316 Quid
1977 2263 2106 2320 ergo

504 2349 605 2407 per
631 2335 823 2392 nivem
851 2336 961 2394 nisi
990 2337 1199 2396 candor
1246 2342 1378 2396 vita;
1423 2339 1683 2407 caelestis,
1731 2337 1865 2412 quid
1898 2353 1993 2410 per
2022 2339 2108 2394 lac

501 2423 614 2481 nisi
639 2426 963 2498 temporalis
989 2426 1418 2501 dispensationis
1446 2427 1854 2485 administratio
1882 2426 2107 2483 demon-

500 2516 756 2579 stratur?
781 2518 854 2575 Et
881 2519 1014 2592 quia
1036 2521 1363 2595 plerumque
1393 2521 1741 2578 continentes
1769 2519 1878 2576 viri
1904 2519 1962 2576 in
1989 2519 2108 2575 Ec-

498 2604 666 2663 clesia
692 2613 807 2663 tam
850 2607 993 2667 mira
1036 2625 1204 2682 opera
1234 2610 1468 2679 faciunt,
1512 2617 1577 2666 ut
1601 2608 1671 2666 ab
1710 2609 1790 2666 eis
1819 2608 1981 2664 multi
2010 2606 2106 2680 qui

505 2695 784 2752 cmlestem
815 2697 991 2756 vitam
1020 2705 1341 2769 tenuerunt,
1376 2700 1540 2757 multi
1581 2699 1677 2774 qui
1710 2705 1925 2755 terrena
1968 2696 2108 2754 bene

507 2783 993 2858 dispensaverunt,
1037 2789 1285 2862 superari
1322 2789 1636 2859 videantur,
1682 2796 1738 2845 et
1762 2787 2110 2845 candidiores

506 2874 663 2944 nive,
721 2883 776 2931 et
817 2875 1114 2935 nitidiores
1172 2877 1311 2935 lacte
1365 2879 1697 2935 referuntur.
1757 2877 1865 2946 Qui
1917 2877 2104 2947 etiam,

506 2965 639 3039 quia
681 2981 777 3039 per
806 2966 1078 3024 fervorem
1110 2967 1359 3041 spiritus,
1405 2968 1760 3042 antiquorum
1789 2982 1853 3025 ac
1879 2965 2109 3024 fortium

502 3064 729 3129 patrum
758 3073 1154 3132 nonnunquam
1190 3059 1412 3117 vincere
1439 3059 1613 3118 vitam
1642 3058 1926 3127 videntur,
1964 3064 2110 3114 recte

501 3145 885 3221 subjungitur:
910 3147 1340 3207 Rubicnndiores
1359 3149 1509 3206 ebore
1525 3149 1766 3220 antiquo.
1789 3149 1935 3204 Dum
1960 3146 2108 3202 enim

2203 588 2486 659 angustius
2532 607 2697 664 quam
2739 594 3049 653 voluntates
3094 598 3342 671 proprias
3384 600 3690 673 frangere?
3737 606 3820 662 De

2204 692 2312 750 qua
2354 678 2621 736 fractione
2665 681 2881 740 Veritas
2922 685 3098 743 dicit:
3142 688 3350 744 Intrate
3384 707 3486 762 per
3525 698 3817 764 angustam

2199 775 2413 838 portam
2457 771 2669 842 (Matth.
2702 791 2806 843 vn,
2850 775 2963 845 l3).
3008 775 3154 843 Quid
3195 785 3381 835 autem
3430 779 3602 837 latius
3644 797 3817 854 quam

2205 859 2376 915 nullis
2405 861 2645 932 propriis
2674 864 2695 897 ³
2727 863 3109 921 voluntatibus
3136 867 3423 936 reluctari,
3467 877 3523 926 et
3553 886 3821 944 quaqua-

2207 965 2429 1005 versum
2451 951 2722 1024 impulsus
2748 953 2965 1011 arbitrii
2995 954 3220 1013 duxerit
3247 973 3304 1014 se
3328 957 3449 1014 sine
3474 961 3819 1017 retractione

2205 1039 2558 1100 diffundere?
2599 1043 2705 1111 Qui
2733 1060 2861 1116 ergo
2890 1061 2987 1117 per
3015 1043 3279 1104 ﬁduciam
3307 1049 3624 1106 sanctitatis
3654 1058 3821 1123 post-

2206 1133 2387 1206 posito
2434 1134 2727 1190 meliorum
2763 1133 2978 1206 judicio
3006 1138 3027 1171 ⁴
3057 1152 3115 1192 se
3153 1147 3480 1211 sequuntur,
3528 1140 3693 1213 quasi
3722 1157 3821 1213 per

2208 1223 2413 1295 plateas
2457 1230 2709 1296 pergunt.
2760 1224 2863 1280 Sed
2906 1241 3019 1280 non
3060 1233 3191 1281 sunt
3236 1229 3446 1300 cOgniti
3492 1229 3554 1285 in
3594 1230 3817 1302 plateis,

2208 1313 2338 1386 quia
2362 1313 2430 1371 de
2450 1316 2564 1371 vita
2583 1332 2684 1372 sua
2711 1314 2862 1372 aliud
2890 1315 3245 1374 ostenderant
3264 1319 3487 1391 quando
3507 1320 3819 1391 frangendo

2208 1407 2521 1462 voluntates
2550 1407 2797 1479 proprias
2842 1407 2901 1462 in
2939 1415 3173 1479 angusto
3214 1425 3272 1465 se
3308 1409 3446 1467 calle
3476 1410 3815 1468 retinebant.

2209 1496 2281 1551 Et
2306 1495 2445 1552 bene
2478 1495 2700 1552 additur
2727 1513 2739 1552 :
2767 1496 3005 1552 Adlitesit
3030 1497 3164 1552 cutis
3191 1516 3371 1554 eorum
3411 1498 3641 1556 ossibus.
3672 1501 3819 1568 Quid

2211 1585 2270 1642 in
2299 1601 2418 1642 osse
2448 1585 2557 1643 nisi
2588 1584 2796 1642 duritia
2835 1585 3205 1656 fortitudinis,
3254 1587 3390 1661 quid
3443 1589 3505 1646 in
3552 1598 3682 1648 cute
3712 1590 3819 1646 nisi

2209 1674 2474 1733 mollities
2500 1675 2832 1748 exprimitur
2862 1675 3202 1733 inﬁrmitatis
3224 1678 3251 1735 7
3279 1678 3438 1737 Cutis
3463 1695 3600 1752 ergo
3626 1694 3819 1737 eorum

2211 1765 2492 1824 adhaerere
2516 1765 2732 1823 ossibus
2759 1765 2987 1837 dicitur,
3020 1766 3150 1840 quia
3177 1767 3246 1824 ab
3273 1767 3353 1824 eis
3377 1784 3553 1841 prava
3578 1771 3822 1826 sentien-

2129 1867 2179 1930 Β
2209 1857 2361 1914 tibus
2384 1857 2681 1916 inﬁrmitas
2704 1858 2832 1915 vitii
2851 1857 3060 1916 duritia
3077 1859 3304 1916 virtutis
3324 1866 3575 1932 putatur.
3592 1860 3821 1917 Inﬁrina

2211 1949 2362 2005 enim
2390 1955 2520 2005 sunt
2555 1964 2676 2022 quae
2704 1947 2935 2017 faciunt,
2981 1948 3098 2018 sed,
3128 1949 3384 2007 elationis
3411 1950 3624 2008 ﬁducia
3652 1950 3819 2007 dece-

2211 2038 2314 2111 pti,
2346 2037 2586 2095 fortibus
2622 2055 2688 2095 ea
2714 2038 3125 2111 suspicionibus
3145 2037 3415 2112 jungunt,
3445 2048 3501 2096 et
3527 2055 3643 2112 quo
3670 2040 3739 2096 de
3764 2057 3821 2095 se

2212 2145 2410 2202 magna
2436 2129 2704 2198 sentiunt,
2749 2146 2814 2186 eo
2841 2129 2909 2186 de
2937 2145 3034 2186 sua
3065 2131 3314 2204 nequitia
3360 2130 3654 2188 emendari
3697 2148 3819 2188 con-

2213 2227 2488 2278 temnunt.
2532 2220 2688 2277 Unde
2716 2228 2772 2277 et
2799 2228 2945 2278 recte
2972 2220 3295 2294 adjungitur
3325 2239 3340 2278 :
3384 2222 3557 2278 Aruit
3588 2228 3643 2278 et
3679 2221 3821 2293 facta

2213 2317 2288 2366 est
2313 2311 2470 2382 quasi
2497 2312 2721 2382 lignum.
2771 2310 2945 2383 Culpa
2975 2311 3177 2384 quippe
3217 2328 3407 2368 eorum
3434 2320 3598 2369 tanto
3626 2313 3823 2371 insen-

2213 2404 2430 2463 sibilior
2476 2405 2746 2474 redditur,
2793 2415 3001 2478 quanto
3028 2405 3173 2479 apud
3202 2422 3294 2463 eos
3324 2406 3494 2463 etiam
3525 2407 3825 2464 laudabilis

2213 2497 2467 2556 habetur.
2500 2498 2675 2567 Quam
2704 2506 2850 2555 recte
2881 2497 3091 2555 aridam
3120 2498 3335 2567 asserit,
3378 2498 3511 2572 quia
3550 2499 3715 2555 nulla
3741 2499 3825 2555 sui

2215 2589 2236 2623 ⁵
2255 2588 2586 2660 cogitatione
2605 2587 2910 2645 viridescit.
2929 2587 3087 2656 Quod
3106 2603 3235 2659 ergo
3254 2587 3716 2661 apudJeremiam
3734 2605 3826 2661 per

2216 2678 2596 2734 inﬁrmitatem
2623 2677 2791 2744 cutis,
2819 2677 2925 2735 hoc
2944 2677 3089 2750 apud
3117 2677 3340 2734 beatum
3368 2676 3473 2734 Job
3491 2693 3594 2750 per
3614 2677 3822 2750 fragili-

2216 2776 2384 2826 tatem
2415 2768 2622 2826 dicitur
2649 2768 2948 2839 cartilago;
2990 2776 3046 2824 et
3070 2766 3220 2841 quod
3249 2767 3370 2825 illic
3390 2783 3517 2824 ossa
3545 2783 3649 2840 per
3675 2767 3824 2824 duri-

2216 2859 2374 2929 tiam,
2432 2858 2538 2915 hoc
2593 2857 2688 2916 hic
2744 2856 2965 2915 laminas
3020 2859 3210 2915 ferreas
3252 2875 3371 2916 esse
3413 2866 3819 2916 memorantur.

2219 2947 2359 3024 [νει.
2388 2951 2523 3008 XXI
2531 2947 2616 3024 V.]
2665 2948 2772 3006 Sed
2796 2947 3102 3005 Behemoth
3143 2947 3268 3013 iste,
3308 2948 3405 3022 qui
3443 2964 3546 3020 per
3576 2948 3825 3005 membra

2217 3057 2316 3098 sua
2355 3049 2606 3098 extremo
2650 3047 2897 3112 tempore
2941 3044 3133 3095 contra
3171 3038 3374 3096 electos
3414 3037 3517 3095 Dei
3566 3045 3727 3095 tanta
3770 3055 3825 3094 se

2217 3138 2333 3188 arte
2361 3130 2674 3204 iniquitatis
2711 3137 2950 3199 exercet,
2999 3129 3096 3204 qui
3132 3129 3300 3189 etiam
3333 3143 3431 3203 per
3456 3129 3823 3202 semetipsum

505 3237 524 3272 ί
545 3217 767 3294 ruboris
785 3253 989 3294 nomen
1009 3237 1374 3310 imprimitur,
1393 3238 1571 3295 sancti
1597 3237 1859 3295 desiderii
1888 3237 2105 3293 ﬂamma

2219 3219 2290 3277 ad
2307 3219 2660 3294 decipiendas
2683 3227 2893 3277 mentes
2922 3219 2983 3277 in
3009 3226 3163 3276 tanta
3187 3217 3519 3276 insidiarum
3542 3219 3827 3291 tergiver-

502 3323 773 3398 signatur.
821 3325 979 3382 Ebur
1005 3342 1139 3382 vero
1166 3342 1282 3384 esse
1324 3343 1388 3384 os
1416 3342 1741 3400 magnorum
1783 3327 2111 3384 animalium

503 3430 623 3471 non
644 3415 985 3487 ignoramus.
1007 3416 1190 3475 Ebore
1220 3417 1406 3490 itaque
1432 3420 1664 3492 antiquo
1690 3418 2112 3476 rubicundiores

505 3510 658 3572 sunt,
691 3503 824 3574 quia
843 3520 984 3577 saepe
1002 3512 1128 3563 ante
1148 3504 1421 3564 humanos
1447 3507 1637 3566 oculos
1664 3507 1950 3564 nonnullis
1978 3522 2112 3579 prai-

505 3592 831 3651 cedentibus
862 3591 1113 3666 patribus
1133 3595 1156 3630 ³
1176 3594 1347 3652 studii
1370 3595 1724 3653 ferventioris
1743 3595 2005 3652 existunt.
2033 3597 2113 3652 De

505 3681 708 3757 quibus
737 3692 799 3741 ut
826 3690 1010 3742 totum
1029 3683 1198 3742 simul
1223 3685 1563 3754 ostendatur,
1586 3684 1906 3758 adjungitur
1932 3702 1946 3742 :
1981 3685 2112 3756 Sap-

497 3773 662 3847 phiro
687 3775 1045 3848 pulchriores.
1089 3773 1344 3833 jEtherei
1373 3775 1576 3849 quippe
1616 3774 1821 3833 coloris
1860 3782 1943 3832 est
1978 3789 2114 3847 sap-

503 3861 718 3936 phirus.
755 3864 832 3922 Et
871 3864 1004 3938 quia
1047 3864 1418 3938 praecedentes
1457 3865 1686 3934 multos,
1719 3872 1884 3939 atque
1911 3863 1981 3920 ad
2008 3879 2113 3920 su-

503 3969 677 4027 perna
692 3955 982 4015 tendentes
999 3971 1099 4030 per
1123 3957 1401 4016 cmlestem
1420 3957 1895 4016 conversationem
1919 3960 2104 4020 1071

503 4049 768 4109 videntur
814 4052 1062 4122 vincere,
1123 4061 1426 4112 narrantur
1476 4051 1740 4128 sapphiro
1767 4052 2111 4125 pulchriores

503 4139 802 4198 exstitisse.
833 4140 941 4199 Sed
966 4141 1292 4215 plerumque
1312 4141 1446 4199 dum
1467 4142 1741 4199 virtutum
1766 4141 1926 4214 copia
1940 4141 2109 4199 etiam

502 4230 632 4302 plus
656 4247 824 4305 quam
851 4230 1078 4303 expedit
1108 4240 1483 4304 prosperatur,
1515 4232 1575 4288 in
1600 4231 1893 4306 quamdam
1920 4233 2007 4289 sui
2030 4231 2111 4289 ﬁ-

503 4317 729 4377 duciam
769 4334 930 4375 mens
980 4317 1296 4389 adducitur,
1339 4327 1394 4376 et
1430 4318 1657 4392 decepta
1683 4320 2108 4394 praesumptione

503 4407 752 4479 propria,
772 4414 999 4480 repente
1025 4414 1254 4480 peccato
1282 4406 1622 4481 subripiente
1652 4408 1930 4478 fuscatur;
1959 4411 2109 4468 unde

504 4502 651 4551 recte
692 4493 1048 4568 subjungitur
1079 4513 1093 4552 :
1122 4496 1418 4568 Denigrata
1444 4503 1518 4554 est
1547 4514 1706 4570 super
1735 4499 1982 4555 carbones
2008 4500 2108 4571 fa-

2220 3311 2430 3367 satione
2448 3326 2506 3367 se
2531 3309 2779 3378 exhibet,
2811 3308 2970 3382 cujus
2998 3316 3231 3378 naturae,
3249 3307 3413 3381 cujus
3440 3308 3515 3365 sit
3547 3308 3826 3367 conditio-

2219 3401 2307 3457 nis
2335 3399 2644 3458 audiamus.
2681 3401 2871 3473 Neque
2899 3399 3049 3456 enim
3081 3406 3191 3456 tam
3220 3399 3363 3457 mira
3392 3400 3415 3437 ⁸
3443 3399 3535 3456 ιθ]
3566 3398 3625 3456 in
3659 3399 3832 3455 mali-

2220 3506 2326 3562 gna
2352 3489 2668 3562 operatione
2696 3497 2902 3563 posset,
2945 3490 2994 3547 si
3022 3506 3136 3546 non
3163 3507 3235 3547 ex
3276 3506 3473 3563 magna
3501 3491 3829 3549 conditione

2219 3579 2561 3638 subsisteret.
2606 3579 2762 3638 Unde
2790 3589 2846 3637 et
2874 3597 3008 3638 mox
3036 3581 3178 3637 mira
3204 3580 3408 3654 pietate
3435 3583 3739 3651 Dominus,
3768 3600 3830 3641 ac

2220 3669 2266 3726 si
2295 3685 2486 3726 causas
2508 3676 2678 3726 tanta:
2704 3669 2922 3726 astutiae
2948 3677 3226 3743 tantasque
3252 3669 3610 3730 fortitudinis
3636 3672 3829 3729 redde-

2219 3767 2323 3832 ret,
2349 3759 2629 3835 adjunxit,
2657 3759 2847 3818 dicens
2879 3778 2893 3818 :

2553 3848 2782 3909 CAPUT
2818 3850 3005 3908 xxm
3043 3849 3189 3926 [Rec.
3219 3848 3458 3925 XVIII].

2288 3940 2463 3999 Vnus.
2495 3940 2584 3998 14.
2611 3971 2685 3984 —
2707 3941 2826 4013 Ipse
2861 3949 2936 3998 est
2955 3942 3286 4015 principium
3312 3942 3528 3999 uiarum
3552 3939 3681 3998 Dei.

2287 4029 2377 4087 47.
2416 4030 2608 4089 Prima
2634 4037 2685 4086 et
2710 4031 2942 4088 nobilior
2965 4037 3217 4088 creatura
3242 4030 3352 4103 fuit
3375 4031 3597 4103 angelus
3625 4029 3726 4102 qui
3752 4047 3825 4085 ce-

2217 4121 2365 4178 cidit.
2392 4150 2466 4165 -
2493 4120 2661 4178 Velut
2703 4119 2749 4178 si
2796 4130 2980 4193 aperte
3024 4121 3276 4179 diceret:
3328 4119 3543 4178 Idcirco
3589 4117 3665 4176 ad
3712 4127 3824 4177 tam

2217 4210 2394 4267 multa
2437 4209 2655 4267 fortiter
2689 4210 2915 4280 sufﬁcit,
2964 4210 3096 4284 quia
3124 4210 3184 4267 in
3210 4217 3408 4267 natura
3448 4225 3641 4267 rerum
3672 4207 3827 4267 hunc

2215 4300 2452 4359 creando
2498 4316 2594 4373 per
2637 4298 3000 4357 substantiam
3047 4298 3302 4358 conditor
3350 4298 3599 4372 primum
3637 4300 3779 4358 fecit
3809 4316 3821 4353 :

2216 4387 2362 4458 Quid
2391 4388 2541 4445 enim
2572 4387 2691 4445 vias
2716 4389 2840 4458 Dei,
2885 4389 2993 4446 nisi
3026 4387 3145 4461 ejus
3181 4389 3429 4447 actiones
3462 4388 3825 4462 accipimus?

2213 4480 2293 4538 De
2312 4478 2514 4553 quibus
2532 4494 2628 4550 per
2642 4478 2962 4551 prophetam
2975 4479 3112 4537 dicit
3131 4497 3144 4536 :
3157 4480 3279 4538 Non
3295 4480 3569 4536 enimsunt
3582 4479 3688 4536 nite
3700 4497 3826 4537 mea

504 4584 608 4640 cies
635 4600 836 4641 eorum.
871 4583 1026 4657 Nigri
1067 4584 1215 4641 enim
1243 4594 1368 4658 post
1408 4586 1700 4644 candorem
1744 4586 1910 4658 ﬁunt,
1951 4589 2100 4662 quia,
2130 4599 2181 4660 1)
2214 4571 2468 4662 θίθαθίυίφ
2493 4576 2678 4662 υεείτίω
2704 4571 2860 4662 (fuli-
2890 4588 2985 4662 l-Vr
3014 4572 3096 4662 8)·
3124 4572 3198 4630 Εἴ
3225 4571 3568 4662 Prineipinm
3598 4574 3823 4631 νίδηιιη

503 4673 706 4730 amissa
743 4672 844 4730 Dei
880 4672 1118 4746 justitia,
1167 4657 1294 4732 cum
1341 4673 1409 4732 de
1451 4692 1508 4734 se
1545 4657 1904 4749 praesumunt,
1954 4657 2013 4732 in
2041 4691 2105 4734 ea

2214 4661 2312 4718 Dei
2355 4659 2663 4718 Behemoth
2710 4657 2917 4718 dicitur
2965 4660 3068 4734 (De
3097 4661 3309 4732 paruit,
3356 4659 3483 4718 dist.
3514 4662 3573 4730 2,
3618 4679 3667 4718 c.
3699 4661 3817 4735 44),

507 4765 680 4823 etiam
707 4781 829 4839 quae
857 4780 969 4822 non
1010 4763 1351 4839 intelligunt,
1401 4776 1621 4840 peccata
1648 4766 2002 4835 dilabuntur;
2047 4774 2104 4824 et
2210 4751 2342 4823 quia
2367 4750 2637 4840 Πίωίηιω
2663 4764 2791 4810 cum
2828 4756 3029 4808 οωὶοίό
3053 4765 3246 4808 σι’θω
3271 4758 3477 4823 δεθωιι
3508 4749 3667 4809 hunc
3694 4752 3822 4825 Ρΐί-

503 4856 637 4930 quia
666 4861 790 4929 post
819 4855 1028 4913 amoris
1057 4855 1239 4930 ignem
1268 4856 1338 4914 ad
1367 4839 1544 4930 fagus
1580 4856 1817 4930 πατροὼ
1844 4856 2099 4925 γθηίιηηθ
2209 4856 2365 4898 mum
2392 4839 2665 4910 condidit,
2696 4856 2862 4915 quem
2890 4840 3119 4914 reliquis
3147 4841 3357 4914 angelis
3383 4841 3817 4900 eminentiorem

503 4929 795 5003 exstinctis
815 4942 1148 5003 carbonibus
1165 4960 1236 5002 ex
1255 4929 1685 5019 comparatione,
1709 4943 2095 5018 praeferuntur.

2214 4930 2357 4988 fecit.
2377 4929 2554 5004 Hujus
2573 4931 2844 5005 primatus
2856 4930 3215 4989 eminentiam
3244 4931 3517 5004 conspicit
3540 4931 3818 5005 propheta

501 5035 912 5109 Nonnunquam
939 5034 1089 5091 enim
1117 5032 1252 5092 dum
1278 5033 1539 5091 timorem
1565 5033 1666 5091 Dei
1706 5049 1802 5106 per
1828 5033 1916 5091 sui
1945 5032 2100 5090 ﬁdu—
2205 5039 2334 5082 cum
2365 5022 2504 5082 dicit
2534 5041 2547 5081 ε
2594 5023 2755 5082 cedri
2785 5029 2977 5088 1072
3000 5041 3109 5082 non
3134 5023 3359 5096 fuerunt
3378 5024 3604 5081 altiores
3630 5024 3733 5082 illo
3763 5026 3817 5081 in

501 5124 646 5181 ciam
674 5123 959 5191 deserunt,
1006 5123 1177 5180 etiam
1221 5121 1439 5196 frigidis
1480 5121 1757 5180 mentibus
1784 5122 2097 5196 frigidiores
2198 5123 2461 5194 paradiso
2488 5123 2631 5190 Dei;
2658 5124 2848 5181 abietes
2875 5140 2983 5180 non
3008 5124 3430 5196 adaquaverunt
3455 5125 3811 5183 summitatem

500 5213 663 5272 ﬁunt.
691 5215 775 5272 De
800 5213 1005 5290 quibus
1032 5221 1178 5270 recte
1195 5211 1583 5286 subjungitur:
1607 5213 1728 5270 Non
1754 5218 1881 5268 sunt
1903 5212 2098 5284 cogniti
2203 5213 2317 5284 ejus
2336 5231 2360 5280 ;
2383 5214 2594 5287 platani
2637 5231 2743 5270 non
2783 5215 3004 5286 fuerunt
3030 5215 3051 5251 ⁷
3099 5230 3264 5287 (equm
3295 5214 3584 5287 frmtdibus
3618 5216 3813 5279 illius;

498 5301 559 5357 in
587 5304 801 5376 plateis.
854 5304 1041 5361 Platea
1090 5303 1293 5376 quippe
1347 5302 1617 5360 sermonis
1663 5302 1841 5362 Graeci
1883 5301 2095 5360 ratione
2202 5319 2352 5360 omne
2381 5304 2582 5376 lignum
2603 5302 2855 5376 paradisi
2888 5303 2989 5360 Dei
3014 5321 3119 5360 non
3146 5309 3222 5361 est
3258 5303 3625 5362 assimilatmn
3651 5306 3741 5363 illi
3766 5309 3812 5361 et

574 5500 590 5534 ³
622 5497 821 5566 Laud.,
849 5499 1036 5555 eboris.

570 5569 593 5605 ³
622 5567 885 5656 ῐὶηάοοη
912 5571 1133 5656 libroic.
1155 5574 1360 5656 aliique
1378 5574 1591 5643 Nomm,
1612 5572 2092 5644 stndiisfercentio-

498 5656 598 5696 res.
620 5638 845 5714 _GerI_n.,
877 5643 1040 5714 studii
1062 5638 1424 5714 fereentiores.

569 5714 591 5747 ³
618 5708 816 5783 Laud,
836 5708 1221 5783 potuptatibus.

493 5782 589 5922 qu‘
619 5780 785 5909 (garb.
818 5780 1004 5840 Germ.
1031 5792 1084 5841 et
1113 5785 1374 5857 Vindoc.,
1397 5788 1655 5860 proprias
1684 5790 1972 5846 voluntates
2000 5804 2090 5843 se-

564 5870 635 5911 un
735 5893 750 5909 .

564 5870 750 5911 untur.

2272 5503 2294 5537 ⁸⁵
2321 5503 2442 5584 Duo
2472 5504 2657 5560 Germ.
2668 5545 2683 5572 ,
2724 5501 2954 5571 Turon.,
2986 5501 3232 5570 Ebroic.,
3260 5500 3559 5574 ca'terique
3587 5503 3803 5572 Narin,

2196 5591 2254 5630 co
2290 5581 2418 5630 nitio
2489 5619 2501 5631 .

2233 5592 2402 5729 Agna
2421 5592 2780 5729 Euoﬁermw
2811 5645 3042 5714 Turon.,
3083 5646 3344 5729 Vindoc.,
3375 5646 3596 5729 Nor_m.,
3628 5648 3803 5706 Laud.

2196 5725 2250 5774 et
2268 5717 2401 5792 Yal.
2428 5717 2511 5792 Cl.
2529 5717 2755 5792 )r'ulgati
2785 5733 2936 5792 vero,
2965 5735 3156 5792 magna
3174 5720 3255 5775 vel
3284 5719 3504 5790 operari
3528 5729 3732 5792 posset.

2267 5790 2288 5823 ⁷
2320 5788 2484 5861 Apud
2511 5789 2780 5858 Gratiam,
2811 5788 2933 5848 loco
2961 5790 3254 5862 assignato,
3292 5788 3548 5862 aequales:
