3936 6382
176 389 290 446 665

170 512 572 585 pulchritudini
616 519 751 590 ejus,
796 524 1047 593 quoniam
1088 528 1375 598 speciosum
1417 531 1539 603 fecit
1581 552 1697 592 eum
1726 538 1785 593 in

174 603 369 699 inultis
412 608 782 681 condensisque
826 611 1108 683 frondibus
1168 618 1385 689 (Επειδὴ.
1427 638 1591 692 xxxr,
1622 625 1783 699 8,9).

184 694 201 729 ¹
239 695 348 763 Qui
385 716 624 774 namque
644 703 819 776 accipi
852 706 908 761 in
931 708 1126 777 cedris,
1161 712 1436 770 abietibus
1465 725 1518 772 et
1548 694 1787 788 platanis

177 796 438 856 possunt,
474 790 585 845 nisi
616 792 712 847 illa
741 795 1013 853 virtutum
1045 801 1349 858 ccelestium
1370 822 1611 877 procera:
1632 808 1786 864 celsi-

178 875 404 969 tudinis
424 883 645 953 agmina
664 884 721 940 in
743 895 958 944 aeterna:
982 890 1187 947 laatitize
1209 875 1493 952 viriditate
1514 898 1787 969 plantata?

180 964 321 1033 Quae
357 972 613 1042 quamvis
642 977 855 1032 excelsa
884 978 995 1034 sint
1024 982 1267 1052 condita,
1300 983 1433 1041 huic
1476 995 1661 1043 tamen
1689 1005 1789 1045 nec

180 1056 415 1127 praelata
448 1071 579 1117 sunt
610 1106 626 1131 ,
658 1081 760 1121 nec
789 1077 1019 1139 aequata.
1054 1070 1161 1137 Qui
1191 1074 1475 1143 speciosus
1506 1076 1683 1134 factus
1729 1078 1786 1133 in

181 1147 385 1204 multis
429 1152 831 1228 condensisque
878 1157 1171 1215 frondibus
1221 1180 1336 1217 esse
1385 1163 1611 1235 dicitur,
1662 1167 1790 1239 quia

180 1237 475 1328 praelatum
533 1243 744 1299 caeteris
792 1246 1121 1319 legionibus,
1172 1260 1325 1310 tanta
1376 1254 1534 1310 illum
1582 1237 1790 1328 species

180 1326 566 1397 pulchriorem
599 1333 861 1401 reddidit,
896 1337 917 1370 ²
942 1348 1148 1411 quanta
1176 1350 1229 1397 et
1258 1346 1539 1416 supposita
1574 1326 1788 1418 angelo-

181 1430 311 1470 rum
342 1418 649 1477 multitudo
678 1422 983 1484 decoravit.
1007 1430 1116 1485 Ista
1146 1430 1307 1487 arbor
1322 1432 1381 1487 in
1410 1435 1662 1505 paradiso
1690 1436 1790 1492 Dei

178 1516 266 1566 tot
292 1513 449 1585 quasi
480 1515 783 1574 condensas
810 1519 1033 1579 frondes
1062 1523 1278 1594 habuit,
1302 1537 1435 1600 quot
1452 1528 1554 1583 sub
1576 1546 1631 1585 se
1647 1531 1788 1601 posi-

180 1611 269 1659 tas
292 1622 654 1678 supernorum
681 1611 978 1685 spirituum
1012 1617 1252 1689 legiones
1290 1620 1547 1677 attendit.
1568 1621 1674 1689 Qui
1703 1620 1789 1677 id-

177 1694 337 1752 circo
365 1713 598 1769 peccans
627 1700 743 1757 sine
776 1703 939 1759 venia
964 1705 1258 1764 damnatus
1289 1719 1389 1779 est,
1410 1713 1539 1784 quia
1560 1728 1791 1783 magnus

178 1784 306 1840 sine
348 1788 757 1860 comparatione
808 1791 988 1850 fuerat
1038 1805 1275 1853 creatus.
1319 1799 1462 1855 Ilinc
1489 1800 1539 1856 ei
1572 1818 1789 1858 rursum

180 1891 283 1948 per
311 1877 563 1935 eumdem
598 1882 920 1955 prophetam
951 1884 1159 1944 dicitur
1198 1905 1209 1944 :
1254 1891 1330 1945 Tu
1359 1892 1693 1961 signaculum
1721 1893 1790 1947 si-

1905 1877 2117 1980 (Eaech.
2152 1877 2353 1983 xxviii,

180 1968 507 2025 militudinis
536 1972 657 2038 Dei,
683 1976 876 2045 plenus
903 1978 1163 2047 sapienita
1193 1986 1239 2035 et
1278 1981 1547 2051 perfectus
1584 1984 1788 2048 decore,

182 2056 245 2111 in
273 2059 477 2117 deliciis
490 2065 743 2135 paradisi
772 2069 871 2123 Dei
899 2070 1055 2139 fuisti
1082 2072 1313 2141 (Ezech.
1338 2090 1543 2141 xxvm,
1567 2075 1651 2141 i2,
1675 2075 1786 2145 13).

182 2148 363 2207 Multa
392 2153 539 2209 enim
581 2154 648 2211 de
678 2155 796 2229 ejus
838 2161 1224 2232 magnitudine
1272 2163 1580 2231 locuturus,
1611 2166 1790 2236 primo

186 2239 360 2297 verbo
389 2251 588 2300 cuncta
616 2248 937 2319 complexus
967 2260 1067 2307 est.
1092 2252 1236 2320 Quid
1266 2269 1501 2327 namque
1526 2254 1657 2309 boni
1678 2272 1791 2311 non

185 2328 410 2400 habuit,
428 2334 473 2388 si
503 2335 848 2407 signaculum
880 2340 978 2395 Dei
1011 2340 1399 2398 similitudinis
1430 2342 1579 2399 fuit?
1609 2345 1686 2399 De
1706 2344 1791 2400 si—

185 2419 325 2491 gillo
354 2425 555 2497 quippe
586 2427 777 2482 annuli
806 2429 934 2484 talis
955 2430 1266 2488 similitudo
1297 2433 1671 2506 imaginaliter
1699 2451 1791 2489 ex-

184 2510 470 2582 primitur,
503 2515 683 2587 qualis
713 2516 770 2573 in
793 2518 977 2590 sigillo
1006 2521 1197 2577 eodem
1230 2524 1595 2580 essentialiter
1612 2523 1792 2579 habe—

184 2607 302 2656 tur.
336 2602 406 2659 Et
435 2604 564 2661 licet
602 2605 770 2662 homo
800 2607 869 2663 ad
893 2610 1317 2667 similitudinem
1349 2614 1449 2669 Dei
1480 2624 1695 2671 creatus
1720 2615 1791 2669 sit

187 2691 403 2761 (Genes.
438 2711 480 2764 ι,
512 2695 627 2767 27),
659 2698 851 2768 angelo
868 2707 1048 2754 tamen
1080 2704 1235 2774 quasi
1264 2703 1442 2775 majus
1468 2705 1681 2778 aliquid
1695 2706 1790 2762 tri-

182 2780 389 2850 buens,
415 2799 527 2839 non
550 2801 676 2842 eum
699 2786 767 2842 ad
795 2788 1220 2846 similitudinem
1239 2793 1337 2847 Dei
1367 2794 1673 2862 conditum,
1697 2794 1791 2851 sed

183 2871 375 2943 ipsum
402 2872 747 2944 signaculum
762 2876 862 2936 Dei
882 2877 1268 2935 similitudinis
1287 2880 1443 2951 dicit,
1458 2892 1519 2939 ut
1539 2900 1647 2956 quo
1667 2883 1791 2939 sub-

183 2961 346 3017 tilior
375 2970 456 3018 est
492 2962 550 3019 in
577 2974 793 3034 natura,
824 2982 888 3023 eo
919 2966 977 3023 in
998 2967 1095 3025 illo
1116 2970 1428 3028 similitudo
1446 2973 1545 3029 Dei
1576 2973 1792 3045 plenius

184 3051 445 3110 credatur
474 3070 749 3127 expressa.

267 3168 407 3244 [Vet.
436 3174 632 3251 XXVJ
650 3175 737 3233 48.
760 3178 900 3247 Ejus
919 3180 1187 3251 primatus
1211 3182 1265 3237 in
1284 3198 1466 3237 novem
1485 3183 1793 3253 angelorum

190 3262 426 3318 ordines.
480 3266 683 3322 Cherub
734 3270 863 3339 quid
909 3270 1180 3342 signiﬁcet.
1230 3303 1301 3313 —
1349 3273 1491 3329 Hinc
1536 3279 1617 3327 est
1647 3272 1794 3345 quod
1824 3288 1866 3347 ρ

194 3354 468 3426 primatus
497 3355 616 3428 ejus
642 3360 942 3431 potentiam
973 3361 1154 3417 adhuc
1185 3363 1471 3418 insinuans
1492 3362 1635 3418 idem
1660 3379 1798 3434 pro-

191 3446 378 3518 pheta,
410 3447 695 3521 subjungit
729 3467 740 3505 :
778 3452 958 3507 Omnis
979 3454 1114 3524 lapis
1131 3454 1398 3524 pretiosus
1419 3453 1795 3524 operimentum

196 3540 372 3603 tuum,
394 3538 611 3593 sardius
634 3545 681 3593 et
699 3541 939 3611 topazius
960 3547 1008 3595 et
1018 3541 1217 3613 jaspis,
1239 3544 1606 3614 chrysolithus,
1630 3560 1793 3613 onyx,

192 3632 247 3682 et
300 3627 537 3693 berillus,
600 3631 907 3701 sapphirus,
964 3633 1316 3689 carbunculus
1370 3640 1417 3689 et
1480 3635 1795 3705 smaragdus

198 3718 418 3789 (Ezech.
456 3736 663 3788 xxvm,
700 3722 813 3793 13).
846 3723 1054 3779 Novem
1086 3724 1230 3779 dixit
1262 3726 1281 3759 ³
1314 3725 1792 3797 generalapidum,

198 3824 310 3881 qua
338 3808 606 3865 nimirum
639 3827 839 3867 novem
869 3820 999 3869 sunt
1028 3813 1252 3870 ordines
1283 3815 1626 3887 angelorum.
1657 3816 1794 3871 Nam

196 3913 327 3954 cum
384 3915 481 3970 per
540 3900 660 3972 ipsa
715 3918 867 3958 sacra
930 3904 1149 3975 eloquia
1199 3904 1401 3976 angeli,
1458 3903 1792 3975 archangeli,

194 3985 413 4053 throni,
444 3987 871 4059 dominationes,
919 3990 1170 4061 virtutes,
1221 3993 1580 4066 principatus,
1632 4002 1796 4067 pote-

192 4084 381 4145 states,
441 4078 751 4150 cherubim,
801 4090 855 4137 et
912 4082 1208 4155 seraphim,
1242 4093 1425 4155 aperta
1484 4085 1795 4141 narratione

194 4176 593 4237 memorantur,
614 4178 831 4242 quantae
862 4172 971 4227 sint
989 4189 1353 4246 supernorum
1374 4173 1581 4229 civium
1600 4173 1793 4229 distin-

194 4255 410 4311 ctiones
457 4258 791 4314 ostenditur.
840 4260 1052 4327 Quibus
1102 4269 1283 4318 tamen
1342 4261 1647 4318 Behemoth
1691 4263 1793 4318 iste

191 4353 419 4418 opertus
448 4347 620 4405 fuisse
650 4348 1004 4420 describitur,
1036 4351 1166 4425 quia
1194 4368 1285 4408 eos
1306 4354 1460 4427 quasi
1482 4363 1688 4409 vestem
1725 4353 1793 4409 ad

189 4444 449 4491 ornatum
472 4454 635 4494 suum
660 4437 874 4508 habuit,
896 4456 1129 4513 quorum
1148 4441 1278 4497 dum
1298 4442 1602 4498 claritatem
1620 4451 1793 4499 trans-

187 4525 471 4595 cenderet,
504 4544 573 4583 ex
618 4545 808 4584 eorum
860 4532 1268 4602 comparatione
1312 4534 1512 4589 clarior
1558 4534 1684 4589 fuit.
1716 4535 1794 4589 De

188 4613 353 4686 cujus
369 4615 487 4673 illic
503 4616 686 4674 adhuc
706 4618 1073 4690 descriptione
1095 4620 1379 4693 subjungit
1400 4639 1411 4676 :
1431 4622 1642 4677 Aurum
1662 4637 1792 4693 opus

186 4705 393 4763 decoris
436 4708 514 4763 tui
563 4715 609 4763 ct
650 4708 921 4779 foramina
974 4716 1065 4766 tua
1112 4711 1168 4764 in
1209 4711 1292 4765 die
1318 4729 1423 4782 qua
1453 4714 1690 4767 conditus
1722 4729 1794 4781 es,

181 4804 501 4869 prwparata
536 4805 661 4855 sunt
690 4799 878 4871 (Ibid,
899 4799 1011 4871 13).
1038 4802 1251 4855 Aurum
1283 4818 1420 4873 opus
1448 4802 1660 4859 decoris
1681 4802 1798 4874 ejus

188 4887 427 4955 exstitit,
459 4887 589 4961 quia
618 4889 907 4961 sapientiae
938 4889 1186 4945 claritate
1209 4890 1452 4960 canduit,
1476 4908 1638 4964 quam
1658 4892 1797 4948 bene

131 4957 143 4975 ‘
185 4986 407 5037 creatus
434 4981 665 5051 accepit.
708 4980 1005 5037 Foramina
1029 4998 1164 5037 vero
1211 4980 1419 5039 idcirco
1441 4983 1498 5037 in
1522 4983 1796 5056 lapidibus

187 5068 353 5139 ﬁunt,
385 5076 449 5125 ut
485 5069 755 5128 vinculati
785 5087 920 5126 auro
951 5070 1011 5126 in
1042 5072 1354 5127 ornamenti
1398 5072 1797 5144 compositione

178 5156 508 5231 jungantur,
541 5166 595 5216 et
625 5176 970 5234 nequaquam
991 5176 1023 5215 a
1053 5177 1107 5216 se
1136 5160 1458 5230 dissideant,
1478 5178 1615 5235 quos
1630 5162 1794 5218 inter-

182 5250 373 5306 fusum
404 5266 603 5306 aurum
635 5249 858 5322 repletis
886 5249 1255 5307 foraminibus
1285 5250 1437 5323 ligat.
1464 5250 1641 5323 Hujus
1668 5267 1795 5323 ergo

184 5338 388 5413 lapidis
412 5339 470 5395 in
500 5339 592 5396 die
630 5338 967 5396 conditionis
1013 5357 1125 5397 suae
1171 5340 1449 5397 foramina
1497 5348 1795 5415 praeparata

184 5438 336 5499 sunt,
368 5430 499 5504 quia
538 5429 800 5487 Videlicet
829 5446 1004 5503 capax
1051 5429 1337 5487 charitatis
1384 5438 1466 5487 est
1512 5432 1787 5489 conditus.

182 5521 304 5590 Qua
333 5521 380 5578 si
416 5521 614 5594 repleri
646 5520 931 5589 voluisset,
976 5521 1251 5579 stantibus
1279 5522 1485 5596 angelis
1532 5531 1790 5596 tanquam

180 5610 379 5685 positis
409 5611 467 5667 in
498 5613 638 5684 regis
668 5617 994 5668 ornamento
1024 5611 1301 5684 lapidibus
1326 5613 1595 5685 potuisset
1621 5612 1788 5670 inhae-

263 5836 277 5908 ξ
318 5834 574 5908 Yindoc.,
607 5835 737 5905 quid
764 5850 990 5908 namque
1008 5834 1264 5907 accipi....
1293 5844 1478 5908 potest.

258 5906 278 5940 ²
312 5906 585 5975 Gratiam,
616 5913 817 5978 quanta
845 5907 892 5961 ei
922 5922 1073 5978 supp.

980 398 1351 460 MORALIUM
1389 404 1522 464 LIB.
1566 408 1799 473 XXXII.
1840 440 1912 458 -
1949 419 2016 476 IN
2059 420 2285 481 CAPUT
2324 427 2420 485 XL
2460 430 2521 487 Β.
2560 433 2703 491 JOB.

3384 447 3490 506 666

1816 541 1863 606 A
1895 560 2032 604 rere.
2081 547 2137 604 Si
2195 550 2341 607 enim
2398 554 2683 613 charitatis
2738 576 2871 617 auro
2921 581 3036 621 sese
3094 571 3489 640 penetrabilem

1896 637 2234 709 praebuisset,
2257 646 2462 701 sanctis
2497 650 2706 721 angelis
2755 653 3011 725 sociatus,
3044 637 3112 714 in—
3140 672 3486 733 ornamento,

1896 735 1959 825 ut
1994 727 2271 825 diximus,
2295 737 2444 806 regio
2473 737 2611 810 lapis
2650 740 2796 798 ﬁxus
2844 757 3109 803 maneret.
3134 750 3339 808 Habuit
3360 727 3491 825 ergo

1897 817 2036 889 lapis
2063 820 2164 876 iste
2187 822 2476 896 foramina,
2514 835 2703 894 1073
2734 833 2827 889 sed
2858 852 2954 909 per
2992 839 3259 910 superbiae
3290 817 3489 901 vitiuhl

1898 916 2184 975 charitatis
2213 939 2347 979 auro
2376 941 2485 981 non
2518 936 2644 984 sunt
2675 933 2897 1003 repleta.
2930 935 3065 991 Nam
3115 938 3243 1009 quia
3287 938 3491 996 idcirco

1899 1007 2141 1079 ligantur
2170 1026 2303 1067 auro
2334 1031 2401 1071 ne
2442 1018 2660 1088 cadant,
2694 1021 2901 1079 idcirco
2954 1026 3055 1082 iste
3104 1007 3327 1097 cecidit,
3362 1030 3493 1103 quia

1900 1100 2061 1154 etiam
2094 1104 2401 1172 perforatus
2432 1124 2596 1163 manu
2644 1113 2894 1184 artiﬁcis,
2927 1119 3129 1173 amoris
3161 1100 3399 1175 vinculis
3430 1120 3491 1175 li-

1900 1189 2013 1258 gari
2061 1196 2408 1265 contempsit.
2443 1198 2599 1255 Nunc
2655 1210 2837 1257 autem
2884 1206 3067 1260 caeteri
3124 1206 3352 1278 lapides,
3399 1205 3494 1279 qui

1900 1275 2032 1334 huic
2061 1281 2316 1338 similiter
2335 1285 2551 1343 fuerant
2598 1289 2879 1363 perforati,
2909 1275 3223 1365 penetrante
3252 1313 3307 1352 se
3339 1275 3494 1353 invi-

1900 1381 2015 1422 cem
2047 1370 2312 1428 charitate
2344 1375 2494 1447 ligati
2525 1386 2673 1447 sunt,
2705 1388 2867 1454 atque
2895 1382 3002 1440 hoc
3028 1384 3085 1438 in
3116 1401 3363 1454 munere,
3386 1386 3491 1443 isto

1900 1460 2144 1531 cadente,
2200 1478 2518 1525 meruerunt
2544 1478 2608 1525 ut
2637 1488 2982 1547 nequaquam
3025 1474 3145 1548 jam
3205 1476 3271 1531 de
3322 1493 3496 1531 orna-

1901 1558 2085 1607 mento
2116 1554 2263 1625 regio
2292 1556 2535 1613 cadendo
2565 1560 2868 1618 solvantur.
2896 1565 2917 1599 ‘
2946 1564 3121 1637 Hujus
3152 1566 3493 1637 principatus

1900 1642 2281 1700 celsitudinem
2314 1646 2497 1705 adhuc
2527 1650 2671 1706 idem
2704 1652 2970 1725 propheta
3012 1654 3254 1723 intuens,
3286 1652 3494 1727 adjun-

1901 1732 1978 1801 git
2010 1750 2022 1787 :
2065 1735 2139 1788 Tu
2171 1736 2360 1791 Cherub
2390 1745 2626 1794 extentus
2652 1748 2698 1795 et
2722 1750 2998 1813 protegens
3030 1744 3085 1797 in
3118 1750 3291 1798 monte
3317 1751 3492 1798 sancto

1903 1820 2017 1886 Dei,
2048 1821 2103 1876 in
2130 1825 2299 1879 medio
2332 1827 2570 1896 lapidum
2596 1829 2883 1898 ignitorum
2906 1832 3170 1903 perfectus
3212 1832 3495 1887 ambulasti

2536 1918 2755 1975 Cherub
2784 1922 2986 1993 quippe
3016 1922 3301 1994 plenitudo
3322 1922 3493 1977 scien-

1900 2001 1988 2057 tiae
2031 2003 2457 2075 interpretatur;
2504 2016 2558 2063 et
2604 2010 2810 2066 idcirco
2857 2010 2956 2065 iste
3012 2010 3233 2068 Cherub
3264 2011 3492 2080 dicitur,

1900 2092 2029 2164 quia
2049 2097 2449 2152 transcendisse
2479 2106 2707 2155 cunctos
2750 2100 2981 2157 scientia
3025 2117 3135 2156 non
3182 2100 3490 2157 dubitatur;

1900 2182 2005 2249 Qui
2035 2184 2093 2238 in
2115 2184 2297 2241 medio
2336 2186 2635 2259 ignitorum
2663 2190 2906 2261 lapidum
2936 2191 3209 2262 perfectus
3237 2190 3495 2246 ambula-

1900 2272 2001 2341 vit,
2035 2275 2164 2347 quia
2192 2275 2337 2332 inter
2365 2279 2683 2348 angelorum
2710 2280 2877 2337 corda
2907 2280 3191 2335 charitatis
3223 2280 3345 2354 igne
3378 2297 3496 2336 suc-

1899 2379 2081 2432 censa,
2111 2365 2291 2422 clarus
2321 2368 2493 2439 gloria
2526 2368 2861 2425 conditionis
2881 2370 3112 2427 exstitit.
3154 2372 3327 2438 Quem
3358 2370 3495 2425 bene

1904 2462 2193 2509 extentum
2242 2473 2305 2512 ac
2354 2466 2727 2529 protegentem
2776 2457 2931 2515 dicit.
2961 2460 3137 2515 Omne
3168 2459 3314 2514 enim
3346 2457 3494 2532 quod

1900 2544 2109 2599 extenti
2128 2545 2484 2616 protegimus,
2511 2547 2925 2604 obumbramus.
2960 2549 3030 2604 Et
3059 2548 3189 2622 quia
3216 2563 3493 2619 compara-

1900 2633 2050 2689 tione
2098 2636 2366 2693 claritatis
2409 2654 2520 2694 suae
2569 2648 2890 2695 caeterorum
2921 2640 3230 2697 claritatem
3288 2638 3495 2695 obum-

1899 2721 2084 2780 brasse
2132 2726 2398 2795 creditur,
2432 2728 2546 2800 ipse
2589 2738 2845 2786 extentus
2892 2740 2946 2787 et
2995 2739 3283 2804 protegens
3324 2729 3493 2784 fuisse

1900 2812 2238 2882 perhibetur.
2272 2818 2533 2891 Reliquos
2567 2820 2715 2875 enim
2746 2821 2901 2893 quasi
2948 2820 3331 2878 obumbrando
3360 2835 3490 2891 ope-

1902 2902 2033 2970 ruit,
2062 2904 2157 2976 qui
2204 2921 2393 2961 eorum
2437 2909 2873 2978 magnitudinem
2930 2910 3258 2966 excellentia
3288 2907 3490 2981 majore

1902 2993 2255 3051 transcendit.
2280 2995 2437 3062 Quod
2464 3013 2591 3068 ergo
2614 2996 2729 3052 illic
2749 2997 3025 3068 speciosus
3055 2998 3112 3052 in
3136 2997 3323 3053 multis
3344 2996 3493 3051 fron-

1901 3082 2084 3152 dibus,
2114 3085 2260 3157 quod
2288 3086 2404 3141 illic
2426 3087 2768 3157 signaculum
2790 3086 3194 3154 similitudinis,
3217 3084 3363 3159 quod
3379 3084 3495 3141 illic

1902 3174 2128 3243 cherub,
2162 3176 2310 3249 quod
2364 3176 2479 3232 illic
2527 3184 2812 3248 protegens
2842 3176 3066 3244 dicitur,
3100 3175 3206 3234 hoc
3238 3174 3330 3232 hic
3359 3191 3492 3231 voce

1904 3262 2183 3318 dominica
2228 3264 2534 3321 Behemoth
2584 3266 2685 3322 iste
2730 3265 2945 3322 viarum
2996 3266 3097 3322 Dei
3157 3265 3492 3339 principium

1906 3362 2153 3410 vocatur.

1979 3443 2116 3516 [ινρι.
2150 3446 2375 3521 XXVI.]
2408 3447 2495 3501 49.
2528 3449 2620 3504 Ea:
2648 3446 2822 3519 angeli
2850 3464 2977 3501 casu
3008 3438 3179 3503 discat
3204 3447 3355 3502 homo
3390 3463 3495 3502 non

1903 3537 2191 3606 superbire.
2222 3566 2289 3577 --
2318 3539 2395 3593 De
2425 3552 2534 3609 quo
2564 3537 2768 3595 idcirco
2790 3546 2902 3594 tam
2933 3538 3072 3595 mira
3093 3538 3368 3612 inquibus
3390 3536 3496 3593 fuit

1904 3633 1958 3680 et
1997 3644 2117 3699 quze
2164 3629 2350 3684 amisit
2398 3629 2642 3686 insinuat
2671 3636 2731 3684 ut
2776 3631 2969 3685 territo
3000 3630 3213 3686 homini
3247 3629 3498 3686 ostendat

1904 3717 2038 3787 quid
2068 3718 2182 3789 ipse
2199 3720 2243 3774 si
2266 3719 2544 3791 superbiat
2560 3720 2626 3776 de
2642 3720 2897 3777 elationis
2912 3738 3022 3776 sua)
3050 3721 3211 3792 culpa
3236 3735 3497 3791 passurus

1904 3806 1993 3873 sit,
2027 3807 2071 3861 si
2104 3807 2351 3864 feriendo
2380 3809 2463 3863 illi
2487 3826 2704 3881 parcere
2733 3809 2913 3865 noluit
2958 3825 3119 3881 quem
3174 3805 3409 3866 creando
3439 3806 3496 3862 in

1904 3896 2131 3966 gloriam
2176 3907 2339 3953 tantae
2386 3899 2650 3954 claritatis
2707 3900 2962 3955 elevavit.
2997 3898 3319 3956 Consideret
3369 3913 3497 3969 ergo

1904 3984 2069 4041 homo
2100 3988 2234 4060 quid
2264 3989 2437 4044 elatus
2466 3989 2523 4045 in
2554 3997 2698 4046 terra
2727 3997 3020 4057 mereatur,
3051 3989 3097 4045 si
3140 3998 3192 4043 et
3232 3988 3494 4059 praelatus

1902 4078 2112 4150 angelis
2148 4079 2373 4149 angelus
2402 4078 2460 4133 in
2491 4080 2629 4135 coelo
2654 4078 3036 4151 prosternitur.
3084 4076 3238 4134 Unde
3265 4084 3319 4133 et
3348 4076 3488 4132 bene

1902 4183 1999 4238 per
2026 4166 2345 4238 prophetam
2372 4166 2606 4224 dicitur:
2629 4168 2926 4222 Inebriatus
2956 4172 3029 4222 est
3058 4167 3115 4222 in
3142 4168 3268 4222 cwlo
3286 4165 3496 4237 gladius

1901 4273 2043 4311 meus
2075 4256 2231 4328 (Isai.
2256 4274 2454 4325 xurv,
2486 4257 2565 4327 5).
2596 4259 2677 4313 Ac
2705 4258 2752 4313 si
2781 4264 2964 4328 aperte
2994 4256 3200 4313 diceret
3229 4274 3241 4311 :
3279 4255 3397 4323 Qua
3416 4255 3499 4313 ira

1902 4346 2094 4401 feriam
2126 4345 2385 4418 superbos
2404 4354 2558 4402 terrm
2576 4346 2914 4419 perpendite,
2938 4347 2985 4402 si
3006 4347 3156 4419 ipsos
3176 4344 3341 4401 etiam
3359 4362 3497 4419 quos

1902 4437 1960 4493 in
1991 4440 2129 4495 coelo
2148 4437 2313 4511 juxta
2336 4455 2421 4493 me
2436 4438 2661 4495 condidi
2679 4456 2776 4511 pro
2788 4440 3041 4495 elationis
3054 4439 3194 4494 vitio
3215 4444 3495 4509 percutere

1902 4544 2013 4583 non
2029 4528 2282 4600 peperci?
2305 4529 2409 4583 Tot
2433 4529 2616 4600 itaque
2646 4527 2823 4585 hostis
2844 4529 3059 4602 antiqui
3081 4528 3383 4585 virtutibus
3404 4545 3495 4585 au-

1822 4657 1873 4717 D
1907 4620 2059 4688 ditis,
2092 4627 2243 4675 tanta
2287 4618 2622 4675 conditionis
2667 4619 2785 4690 ejus
2832 4620 3210 4692 magnitudine
3257 4621 3495 4693 cognita,

1909 4710 2032 4783 quis
2061 4727 2172 4765 non
2201 4709 2468 4765 immensa
2496 4709 2793 4765 formidine
2822 4710 3073 4766 corruat?
3102 4710 3225 4782 quis
3253 4725 3362 4765 non
3392 4708 3499 4764 de-

1904 4802 2229 4873 sperationis
2277 4801 2625 4872 percussione
2664 4802 3016 4859 succumbat?
3032 4800 3136 4858 Sed
3153 4801 3281 4873 quia
3303 4799 3495 4856 elatio-

1903 4908 2028 4947 nem
2045 4900 2287 4948 nostram
2309 4902 2525 4948 ostensa
2546 4892 2721 4949 hostis
2746 4893 2918 4949 nostri
2949 4892 3195 4963 potentia
3213 4890 3489 4962 reprimit,

1902 4980 2068 5036 etiam
2098 4980 2477 5037 inﬁrmitatem
2505 4988 2743 5037 nostram
2776 4980 3044 5037 Dominus
3082 4978 3350 5051 patefacta
3379 4993 3494 5049 gra-

1902 5069 1994 5125 tiae
2021 5086 2130 5125 suae
2160 5068 2567 5141 dispensatione
2598 5071 2767 5127 fovet.
2798 5069 2952 5126 Unde
2982 5084 3109 5125 cum
3129 5084 3255 5123 eum
3286 5067 3493 5139 princi.

1902 5158 2054 5231 pium
2085 5158 2301 5216 viarum
2331 5176 2551 5216 suarum
2580 5159 2806 5227 diceret,
2840 5158 2991 5214 illico
3012 5154 3270 5230 adjunxit
3308 5175 3321 5216 :

2290 5247 2518 5305 CAPUT
2549 5247 2733 5305 XXIV
2764 5246 2907 5321 [Rea
2935 5244 3110 5321 XIX].

1971 5343 2107 5399 Iern.
2139 5372 2209 5384 —
2240 5342 2345 5411 Qui
2370 5343 2494 5414 fecit
2522 5359 2658 5410 eum,
2691 5342 2981 5415 applicavit
3007 5341 3246 5414 gladium
3273 5340 3405 5412 ejus.

1969 5433 2059 5490 50.
2096 5433 2285 5504 Ληρειί
2312 5438 2565 5505 apostatce
2578 5433 2867 5505 potentiam
2885 5433 3027 5490 Deus
3050 5439 3261 5489 coercet.
3278 5462 3351 5477 —
3370 5431 3493 5491 Gla-

1900 5522 2024 5581 dius
2045 5525 2245 5599 quippe
2277 5524 2582 5582 Behemoth
2602 5524 2763 5582 istius
2783 5526 2901 5599 ipsa
2925 5525 3158 5583 nocendi
3181 5524 3395 5582 malitia
3408 5533 3490 5584 est

1896 5616 2003 5675 Sed
2033 5617 2102 5673 ab
2141 5633 2205 5673 eo
2234 5634 2266 5673 a
2284 5635 2393 5691 quo
2424 5618 2603 5676 bonus
2632 5634 2728 5691 per
2750 5626 3004 5676 naturam
3033 5617 3213 5678 factus
3242 5624 3344 5687 est,
3367 5615 3485 5688 ejus

1966 5840 1987 5873 ³
2019 5838 2278 5906 Vinduc.,
2311 5839 2520 5916 nomina
2554 5840 2811 5908 lapidum.
3020 5912 3031 5916 Δ
3095 5910 3106 5916 _
3275 5907 3285 5916 ε

1967 5912 1987 5946 δ
2020 5910 2276 5979 Vindoc.,
2311 5910 2505 5967 Pratel.
2538 5912 2741 5986 aliique
2770 5913 2979 5978 Norm.,
3013 5910 3169 5978 hujus
3192 5910 3476 5977 primatus.
