3936 6390
407 429 512 487 667

1601 423 1849 484 SANCTI
1887 423 2226 482 GREGORII
2261 423 2488 482 MAGNI

3595 423 3709 482 668

389 551 604 628 gladius
629 548 956 624 applicatur,
971 549 1104 622 quia
1120 548 1242 623 ejus
1269 549 1480 608 malitia
1494 550 1685 607 divina
1702 549 1978 623 dispensa-
2008 557 2060 618 Α
2087 557 2266 623 perest
2281 567 2408 624 ergo
2425 558 2486 608 ut
2502 551 2667 608 Arius
2685 551 2706 586 ³
2721 559 2819 608 aut
2828 565 2938 608 non
2952 549 3158 608 factum
3178 549 3387 606 Filium
3406 551 3679 623 praedicet
3692 595 3709 622 ,

387 644 540 702 tione
561 637 937 712 restringitur,
953 652 1023 696 ne
1050 638 1215 696 ferire
1234 649 1448 698 tantum
1467 649 1676 697 mentes
1695 639 1985 697 hominum

387 737 658 806 quantum
676 728 884 802 appetit
903 728 1276 801 permittatur.
1300 728 1441 797 Quia
1459 720 1586 802 ergo
1606 729 1781 786 hostis
1803 739 1988 786 noster

388 829 443 879 et
476 819 714 878 multum
744 825 943 890 potest,
975 824 1029 873 et
1058 818 1244 874 minus
1299 817 1558 892 percutit,
1580 816 1699 890 ejus
1742 818 1986 890 gladium

387 908 564 984 pietas
593 906 898 965 conditoris
925 907 1202 980 astringit,
1232 914 1295 963 ut
1340 907 1634 980 replicatus
1675 907 1820 964 intra
1871 907 1989 980 ejus

389 982 788 1060 conscientiam
819 997 1004 1066 lateat,
1029 1004 1084 1054 et
1112 999 1258 1054 ultra
1285 1014 1448 1072 quam
1469 999 1702 1072 desuper
1713 998 1861 1072 juste
1880 982 2015 1056 disi

391 1091 636 1164 ponitur,
663 1105 780 1145 sese
809 1089 868 1144 in
910 1096 1115 1145 mortes
1155 1088 1446 1146 hominum
1475 1089 1594 1163 ejus
1638 1090 1849 1148 malitia
1877 1107 1989 1147 non

390 1179 837 1249 extendat.Quod
867 1179 1037 1252 igitur
1055 1179 1124 1236 ad
1143 1181 1316 1237 multa
1344 1180 1562 1238 fortiter
1582 1183 1862 1254 praevalet,
1883 1180 1990 1237 hoc

391 1271 459 1329 de
487 1269 762 1344 principio
792 1285 1003 1341 magna;
1033 1268 1374 1326 conditionis
1401 1279 1600 1344 potest,
1623 1269 1772 1342 quod
1801 1286 1932 1326 vero
1959 1286 1992 1326 a

393 1358 720 1434 quibusdam
743 1357 1006 1426 vincitur,
1023 1357 1143 1430 ejus
1163 1358 1427 1415 nimirum
1455 1359 1670 1432 gladius
1687 1359 1756 1416 ab
1769 1368 1991 1416 auctore

392 1448 708 1522 replicatur.
748 1452 942 1510 1074
971 1447 1079 1504 Iste
1101 1463 1342 1521 namque
1363 1447 1698 1517 Behemorh,
1715 1448 1811 1522 qui
1829 1447 1993 1520 prin-

393 1546 598 1620 cipium
629 1545 844 1601 viarum
874 1546 975 1602 Dei
1002 1551 1101 1613 est,
1149 1561 1274 1604 cum
1309 1551 1502 1602 contra
1527 1553 1778 1602 sanctum
1807 1545 1990 1602 virum

395 1637 674 1696 licentiam
707 1636 1036 1694 tentationis
1079 1637 1317 1710 accepit,
1350 1644 1536 1709 gentes
1577 1639 1775 1706 movit,
1806 1653 1992 1710 greges

393 1725 644 1794 abstulit,
693 1726 876 1798 ignem
926 1725 996 1782 de
1044 1725 1183 1782 cmlo
1211 1725 1488 1796 deposuit,
1520 1727 1841 1800 perturbato
1869 1744 1994 1784 aere

395 1822 591 1871 ventos
617 1814 904 1883 excitavit,
937 1813 1166 1871 domum
1195 1815 1516 1872 concutiens
1545 1816 1781 1885 submit,
1806 1817 1992 1874 convi-

2094 646 2190 695 aut
2217 655 2343 696 eum
2365 649 2486 712 post
2505 639 2810 696 Behemoth
2840 639 3128 697 conditum
3151 640 3356 696 stultus
3375 640 3712 713 putet.Quia

2095 744 2228 785 vero
2255 746 2416 786 omne
2447 730 2593 803 quod
2621 730 2929 802 applicatur
2948 729 3004 786 in
3023 729 3376 802 semetipsum
3394 729 3709 798 reducitur,

2096 829 2242 876 recte
2269 821 2575 894 applicatus
2604 819 2905 877 Behemoth
2925 819 3140 892 gladius
3161 817 3388 875 dicitur.
3414 821 3479 876 In
3509 828 3713 877 semet-

2097 908 2272 981 ipsam
2301 926 2537 984 namque
2566 927 2622 966 se
2653 909 2770 982 ejus
2800 909 3013 966 malitia
3039 909 3324 982 decoquit,
3347 927 3474 966 cum
3510 910 3580 967 ad
3613 928 3715 967 vo-

2097 1007 2214 1055 tum
2232 1016 2392 1055 suum
2415 1015 2529 1056 sese
2545 1007 2738 1056 contra
2751 999 3050 1056 electorum
3075 999 3244 1055 vitam
3277 999 3565 1072 prohibita
3594 1017 3715 1058 non

2097 1098 2334 1146 exercet.
2367 1091 2570 1147 Multos
2615 1098 2796 1147 autem
2850 1088 3201 1162 exigentibus
3258 1091 3473 1147 meritis
3528 1091 3703 1148 ferire

2100 1179 2121 1212 ‘
2139 1179 2500 1250 permittitur,
2531 1189 2594 1236 ut
2621 1197 2747 1236 cum
2768 1181 2942 1236 Deum
2970 1178 3250 1246 deserunt,
3275 1179 3540 1236 damnato
3559 1180 3718 1237 hosti

2098 1265 2456 1325 famulentur.
2475 1267 2560 1324 Ab
2580 1269 2769 1325 electis
2792 1284 2924 1324 vero
2939 1285 3003 1324 eo
3018 1268 3298 1324 valentius
3315 1269 3582 1338 vincitur,
3601 1286 3719 1342 quo

2099 1357 2203 1415 soli
2233 1359 2445 1415 auctori
2475 1358 2726 1415 omnium
2757 1357 3027 1414 humilius
3083 1357 3537 1415 substernuntur.
3569 1359 3722 1428 Quia

2100 1446 2270 1517 igitur
2304 1463 2400 1518 per
2428 1447 2534 1504 hoc
2563 1446 2711 1521 quod
2751 1446 2968 1502 viarum
2989 1447 3087 1503 Dei
3111 1447 3448 1520 principium
3473 1447 3719 1518 dicitur,

2101 1539 2122 1572 ⁵
2154 1554 2250 1610 per
2270 1537 2377 1594 hoc
2397 1537 2544 1611 quod
2566 1538 2921 1610 permittente
2940 1537 3179 1593 Domino
3208 1537 3368 1594 valde
3390 1537 3721 1594 intolerabi-

2101 1628 2171 1684 lis
2218 1628 2647 1696 demonstratur,
2676 1635 2861 1700 aperte
2908 1627 3291 1702 cognoscimus
3337 1643 3464 1685 cum
3500 1636 3719 1702 quanto

2102 1716 2258 1774 hoste
2289 1733 2616 1790 pugnemus.
2639 1718 2897 1788 Superest
2915 1717 3083 1789 igitur
3111 1724 3174 1772 ut
3209 1717 3595 1791 unusquisque
3616 1734 3721 1774 no.

2101 1819 2279 1867 strum
2297 1817 2452 1868 tanto
2482 1827 2538 1866 se
2568 1809 2787 1883 plenius
2807 1810 3019 1866 auctori
3040 1809 3322 1882 subjiciat,
3353 1818 3562 1884 quanto
3581 1827 3721 1868 con-

396 1911 588 1960 vantes
603 1902 749 1960 ﬁlios
771 1903 1067 1972 exstinxit,
1096 1903 1288 1960 uxoris
1303 1913 1542 1961 mentem
1571 1905 1630 1962 in
1659 1905 1787 1962 dolo
1813 1923 1994 1978 prava;
2029 1920 2076 1980 Β
2101 1910 2186 1958 tra
2215 1916 2271 1955 se
2299 1899 2486 1956 verius
2515 1899 2788 1956 violentas
2816 1898 3119 1955 adversarii
3151 1900 3296 1955 vires
3327 1907 3541 1972 pensat.
3566 1899 3724 1968 Quid

396 1992 669 2050 suasionis
688 1995 705 2029 ί
725 1994 998 2061 exercuit,
1032 1992 1220 2050 mariti
1239 2009 1464 2051 carnem
1485 1995 1713 2053 inﬂictis
1733 1996 1995 2052 vulneri-

396 2081 500 2140 bus
527 2082 777 2140 confodit
838 2083 966 2154 (Job
993 2099 1035 2152 ι,
1071 2083 1158 2150 13,
1200 2083 1373 2156 seq.);
1425 2083 1517 2140 sed
1559 2083 1678 2156 ejus
1719 2085 1932 2157 gladius
1968 2103 2001 2142 a

397 2171 683 2230 conditore
736 2171 1056 2244 replicatur,
1101 2189 1228 2228 cum
1265 2171 1518 2229 dicitur:
1564 2173 1816 2230 Animam
1851 2175 2000 2231 illius

397 2278 552 2318 serva
582 2260 770 2332 (Ibid.,
803 2277 865 2330 ιι,
895 2262 976 2334 6).
1009 2261 1117 2330 Qui
1151 2263 1418 2334 replicato
1446 2261 1626 2334 gladio
1667 2270 1883 2336 quantae
1930 2265 2003 2320 sit

397 2347 760 2420 inﬁrmitatis,
774 2349 1113 2422 evangelista
1132 2356 1369 2407 testante
1388 2349 1741 2420 describitur,
1757 2352 1888 2425 quia
1902 2369 2002 2410 nec

398 2454 617 2496 manere
645 2437 705 2494 in
735 2436 956 2496 obsesso
977 2438 1209 2498 homine
1236 2439 1442 2512 potuit,
1475 2457 1578 2498 nec
1601 2458 1793 2498 rursus
1847 2442 2001 2498 inva-

399 2527 528 2586 dere
554 2528 718 2586 bruta
747 2529 1016 2586 animalia
1042 2529 1155 2586 nisi
1180 2527 1368 2602 jussus
1388 2530 1762 2604 praesumpsit,
1779 2531 1996 2590 dicens:

403 2617 463 2674 Si
693 2635 812 2684 nos,
853 2620 998 2674 mitte
1023 2637 1119 2676 nos
1160 2620 1220 2676 in
1245 2637 1447 2692 gregem
1464 2637 1754 2693 porcorum
1785 2621 1996 2691 (Matth.

405 2721 530 2774 vm,
561 2705 678 2778 31).
710 2706 939 2763 Malitia:
955 2708 1158 2780 quippe
1186 2707 1306 2780 ejus
1332 2708 1548 2782 gladius
1566 2726 1727 2782 quam
1749 2710 1822 2767 sit
1841 2711 2002 2784 repli-

400 2805 554 2854 catus
591 2797 922 2868 ostenditur,
966 2798 1058 2856 cui
1086 2799 1132 2856 si
1163 2807 1404 2872 potestas
1451 2817 1666 2857 summa
1720 2801 2000 2858 licentiam

399 2901 512 2942 non
540 2885 826 2960 praeberet,
846 2887 870 2923 ²
888 2903 992 2945 nec
1012 2889 1246 2962 grassari
1263 2891 1322 2945 in
1344 2907 1634 2962 porcorum
1661 2907 1874 2963 gregem
1910 2909 2001 2948 va-

400 2975 556 3032 leret.
589 2975 820 3044 Quando
857 2993 987 3050 ergo
1013 2978 1118 3035 iste
1147 2995 1247 3034 sua
1275 2989 1468 3052 sponte
1519 2997 1715 3036 nocere
1743 2981 1904 3037 factis
1933 2980 2001 3037 ad

397 3065 498 3122 Dei
529 3065 827 3138 imaginem
857 3066 1180 3125 hominibus
1207 3068 1427 3138 audeat,
1476 3068 1545 3127 de
1591 3087 1702 3144 quo
1734 3071 1998 3128 nimirum

397 3163 613 3212 constat
641 3155 790 3230 quod
817 3173 928 3216 non
952 3157 1144 3233 jussus
1170 3161 1488 3234 contingere
1517 3177 1618 3219 nec
1646 3178 1842 3235 porcos
1867 3179 2000 3235 prae-

399 3245 620 3304 sumat?

467 3333 559 3391 51.
591 3333 718 3390 Arii
744 3335 956 3392 haeresis
983 3337 1313 3407 confutatur.
1345 3368 1417 3380 —
1443 3339 1755 3396 Notandum
1785 3357 2000 3414 quoque

401 3428 486 3478 est
505 3421 654 3495 quod
672 3422 805 3478 dum
826 3423 1044 3480 viarum
1061 3426 1162 3482 Dei
1184 3426 1517 3499 principium
1543 3427 1846 3486 Behemoth
1869 3430 2006 3488 dici-

404 3516 518 3578 tur,
553 3526 818 3567 vesanum
849 3511 1051 3586 dogma
1080 3513 1200 3570 Arii
1228 3522 1416 3588 aperta
1443 3516 1654 3572 ratione
1681 3516 1998 3590 dissipatur.

410 3600 698 3657 Facturam
731 3601 938 3675 quippe
965 3603 1067 3660 Dei
1097 3603 1302 3660 Filium
1333 3603 1555 3674 fatetur,
1581 3613 1637 3662 et
1664 3622 1788 3664 ecce
1817 3607 2003 3664 Behe-

415 3687 569 3746 moth
585 3687 645 3746 in
663 3688 878 3747 factura
896 3706 1078 3749 rerum
1101 3692 1314 3766 primus
1331 3700 1546 3751 creatus
1563 3693 1890 3752 ostenditur.
1905 3697 2003 3754 Su-

479 3884 496 3956 ?
528 3883 651 3956 Yal.
683 3885 793 3956 Cl.,
823 3888 1052 3946 exacuit.

478 3955 501 3991 ³
527 3955 726 4038 Laud.,
758 3957 986 4038 Pratel.,
1016 3961 1090 4018 al.
1122 3962 1311 4019 Norm.
1329 3970 1385 4019 et
1411 3961 1523 4021 duo
1542 3963 1751 4033 Germ.,
1767 3965 2007 4037 grassari

407 4042 497 4101 nec
520 4033 578 4101 in
609 4045 801 4101 porcos
826 4033 985 4088 valet.

475 4099 592 4186 11"
610 4099 921 4186 ἔρδων..
940 4103 1110 4186 ,εαξνὶ
1144 4123 1350 4173 errore,
1377 4113 1475 4163 aut
1498 4106 1719 4178 factum.
1737 4108 1922 4166 Germ.
1949 4113 2009 4162 ut

405 4169 575 4225 Arius
604 4171 778 4241 ﬁlium
800 4169 1069 4245 pradicet.

2109 2005 2345 2064 namque
2371 2007 2471 2047 nos
2500 1991 2607 2046 nisi
2640 1990 2824 2063 pulvis
2852 2005 3044 2045 sumus
3064 1989 3094 2045 ?
3122 1989 3268 2058 Quid
3301 2005 3432 2045 vero
3463 1990 3584 2059 ille,
3607 1991 3725 2047 nisi

2108 2097 2254 2137 unus
2282 2097 2352 2137 ex
2378 2080 2694 2136 coelestibus
2721 2079 3030 2152 spiritibus,
3053 2087 3128 2147 et,
3153 2079 3302 2153 quod
3328 2078 3513 2136 adhuc
3535 2079 3727 2151 majus

2107 2178 2209 2239 est,
2240 2186 2493 2226 summus
2514 2169 2542 2225 ‘I
2569 2168 2714 2237 Quid
2743 2185 2871 2241 ergo
2899 2167 2967 2224 de
2997 2169 3221 2242 propria
3248 2168 3458 2226 virtute
3485 2167 3720 2238 audeat,

2109 2259 2330 2333 quando
2358 2268 2552 2317 contra
2565 2259 2882 2332 angelorum
2912 2259 3221 2332 principem
3251 2259 3440 2332 pulvis
3469 2260 3723 2332 pugnat?

2109 2349 2217 2406 Sed
2245 2350 2375 2423 quia
2403 2366 2765 2422 supernorum
2797 2349 3092 2422 spirituum
3139 2349 3394 2407 conditor
3427 2357 3722 2406 terrenum

2111 2454 2310 2511 corpus
2337 2438 2656 2511 assumpsit,
2689 2445 2834 2496 recte
2858 2437 2972 2511 jam
3015 2438 3424 2512 superbientem
3455 2439 3724 2511 angelum

2109 2525 2340 2584 humilis
2374 2527 2558 2600 pulvis
2587 2527 2784 2584 vincit.
2809 2527 3136 2584 Inhaerendo
3165 2527 3367 2602 quippe
3397 2545 3541 2584 verae
3562 2527 3730 2585 forti-

2109 2616 2295 2672 tudini
2313 2617 2462 2673 vires
2481 2617 2703 2690 accipit,
2727 2633 2865 2691 quas
2884 2619 3162 2689 transfega
3186 2619 3434 2691 spiritus,
3465 2635 3595 2676 cum
3620 2634 3725 2674 se-

2113 2706 2404 2779 metipsum
2435 2707 2705 2780 sequitur,
2729 2707 2934 2763 amisit.
2966 2707 3038 2763 Et
3066 2706 3294 2780 dignum
3326 2716 3409 2764 est
3437 2715 3500 2764 ut
3531 2708 3730 2766 vinca-

2111 2803 2210 2851 tur
2234 2811 2266 2852 a
2295 2795 2542 2868 pulvere,
2577 2797 2672 2870 qui
2719 2796 2916 2854 fortem
2949 2813 3005 2852 se
3033 2796 3270 2854 credidit
3318 2797 3538 2856 deserto
3572 2815 3728 2856 crea-

2108 2894 2259 2951 tore;
2309 2894 2372 2942 ut
2427 2896 2714 2960 superatus
2774 2887 3044 2956 inveniat,
3094 2889 3227 2960 quia
3280 2889 3485 2946 defecit
3513 2889 3725 2947 elatus.

2109 2974 2284 3032 Valde
2311 2986 2492 3034 autem
2522 2977 2746 3033 anhelat
2776 2977 3027 3044 saeviens,
3050 2976 3198 3050 quod
3227 2995 3352 3034 cum
3383 2978 3568 3051 ipsum
3602 2979 3723 3035 ima

2109 3065 2380 3134 cruciant,
2400 3065 2568 3122 homo
2605 3065 2675 3123 ad
2713 3082 2930 3123 summa
2961 3066 3324 3135 conscendat;
3357 3068 3508 3141 quod
3540 3069 3599 3125 in
3618 3069 3721 3128 illa

2109 3155 2438 3214 celsitudine
2465 3157 2728 3214 subvecta
2754 3174 2882 3214 caro
2898 3165 3199 3229 permanet,
3219 3175 3250 3214 a
3268 3175 3376 3232 qua
3391 3166 3584 3217 tantus
3605 3161 3730 3235 ipse

2031 3287 2077 3347 Ο
2109 3244 2336 3316 spiritus
2364 3246 2482 3302 sine
2511 3245 2620 3302 ﬁne
2650 3246 2924 3318 projectus
2972 3246 3136 3320 jacet.
3161 3248 3268 3305 Sed
3299 3250 3418 3307 loca
3445 3251 3730 3308 mentium

2112 3335 2351 3390 mutavit
2369 3333 2506 3390 ordo
2529 3337 2874 3392 meritorum.
2903 3337 2992 3394 Sic
3011 3337 3094 3394 sic
3120 3337 3380 3410 superbia
3395 3339 3610 3396 meruit
3633 3340 3729 3398 de-

2105 3419 2228 3494 jici,
2257 3422 2338 3480 sic
2368 3423 2662 3480 humilitas
2703 3425 2960 3492 exaltari,
2982 3435 3253 3498 quatenus
3273 3435 3328 3484 et
3352 3429 3600 3486 ccelestis
3619 3431 3733 3504 spi-

2111 3511 2252 3568 ritus
2281 3513 2542 3586 erigendo
2571 3529 2628 3569 se
2657 3522 2926 3571 tartarum
2955 3516 3172 3586 toleret,
3203 3525 3258 3574 et
3300 3524 3443 3576 terra
3489 3517 3734 3577 humilis

2112 3601 2230 3658 sine
2259 3603 2499 3659 termino
2527 3620 2693 3676 super
2717 3604 2886 3662 caelos
2914 3607 2937 3642 ⁸
2963 3616 3168 3680 regnet.

2187 3890 2209 3924 ‘
2245 3887 2444 3956 Laud.,
2473 3888 2686 3946 nititur.
3375 3917 3382 3923 -

2185 3962 2208 4043 ξ
2237 3960 2436 4043 Laud.,
2466 3961 2609 4043 quod
2596 3977 2728 4043 _per
2753 3961 2847 4017 hoc
2874 3961 3102 4043 mittente
3136 3963 3266 4020 Deo.

2116 4031 2478 4159 Audditur
2506 4033 2565 4088 in
2595 4031 2801 4091 Turon.
2827 4052 2927 4106 per
2945 4035 3125 4090 omnia
3150 4036 3346 4092 secula
3373 4037 3728 4096 secutorum.

408 4298 3719 4329 __._.____________________________

1213 4482 1549 4568 LIBER
1628 4483 2309 4572 TRIGESIMUS
2394 4485 2902 4574 TERTIUS.

415 4662 906 4761 Expositionem
939 4683 1172 4761 uersus
1193 4668 1429 4761 decimi
1455 4672 1674 4761 quinti
1715 4677 1778 4761 et
1821 4669 2236 4761 reliquarum
2267 4675 2506 4761 capitis
2545 4692 2642 4748 xu,
2689 4691 2809 4738 nec
2849 4691 2990 4738 non
3033 4675 3378 4761 duodecim
3416 4679 3734 4761 priorum

489 4764 638 4840 cap.
663 4747 1217 4840 mnezhibetnubi
1239 4752 1443 4814 variae
1470 4747 1993 4840 daemonirartes
2020 4747 2431 4833 detegantur,
2462 4747 2849 4836 docet-argue
2872 4757 3372 4837 przdestinatio
3398 4747 3732 4840 ératuita,

490 4834 548 4890 et
578 4844 732 4890 cum
764 4827 958 4891 libero
988 4829 1254 4892 arbitrio
1297 4831 1714 4896 comitia-tur.

435 4983 462 5006 ί
495 4993 686 5052 1075
723 4987 864 5068 [ναξ.
882 4995 931 5045 et
956 4989 1078 5047 Hec.
1100 4987 1176 5065 I.]
1203 4991 1252 5047 1.
1279 4991 1500 5064 Superbi
1529 4991 1738 5049 diabolo
1762 4991 2006 5064 familia-
2040 4994 2090 5054 D

406 5088 526 5146 rius
553 5087 887 5144 seroiunt.—
904 5086 1154 5160 Antiquo
1175 5086 1344 5158 hosti,
1363 5088 1458 5162 qui
1474 5089 1576 5145 sub
1591 5088 1895 5146 Behemoth
1917 5107 2011 5147 no-

409 5178 559 5234 mine
578 5177 864 5236 dominica
873 5193 1012 5236 voce
1031 5175 1384 5248 describitur,
1400 5177 1619 5252 superbi
1640 5179 1843 5254 quique
1856 5187 2010 5236 tanto

409 5265 744 5326 familiarius
766 5268 1044 5334 serviunt,
1075 5273 1284 5342 quanto
1313 5266 1480 5340 hujus
1506 5268 1636 5325 vitae
1664 5269 2010 5328 successibus

411 5354 556 5428 apud
577 5357 900 5428 semetipsos
916 5356 1084 5414 altius
1104 5357 1500 5416 intumescunt.
1518 5357 1616 5415 His
1633 5374 1867 5432 namque
1882 5375 2008 5416 cum

412 5443 586 5515 gloria
613 5453 841 5516 augetur
857 5447 1046 5515 elatio,
1063 5463 1189 5503 cum
1209 5447 1444 5504 elatione
1470 5464 1602 5504 vero
1620 5447 1843 5505 additur
1855 5465 2006 5519 cura,

413 5531 523 5588 huc
551 5529 792 5605 illucque
819 5533 1038 5590 animus
1069 5534 1334 5605 tenditur,
1353 5536 1486 5610 quia
1511 5543 1566 5592 et
1592 5536 1862 5594 desideria
1881 5553 2005 5595 cum

413 5619 575 5677 rebus
589 5627 861 5678 crescunt.
879 5620 1127 5696 Cumque
1141 5625 1498 5697 cogitationes
1519 5625 1836 5684 innumeras
1852 5627 2008 5701 quasi

413 5709 529 5785 agri
570 5709 760 5766 fenum
802 5711 1112 5784 proferunt,
1145 5712 1355 5771 eisdem
1393 5716 1826 5789 cogitationibus
1855 5719 2008 5775 velut

414 5798 721 5856 desiderato
758 5799 960 5873 pabulo
981 5798 1287 5857 Behemoth
1317 5803 1478 5861 istius
1505 5804 1706 5862 famem
1753 5812 2004 5878 pascunt.

414 5887 569 5946 Unde
599 5905 746 5946 nunc
773 5896 920 5946 recte
943 5886 1152 5942 dicitur
1185 5904 1197 5942 :

2641 4995 2868 5054 CAPUT
2906 4995 3198 5055 PRIMUM.

2190 5084 2360 5142 Vuns.
2387 5084 2472 5142 15.
2503 5113 2574 5126 -
2602 5085 2743 5142 Huic
2771 5092 2972 5142 montes
2999 5087 3186 5143 herbas
3214 5085 3415 5158 ferunt.

2195 5175 2247 5232 2.
2258 5175 2400 5244 Quid
2409 5177 2772 5246 mons,quidve
2783 5183 2980 5232 montes
2999 5177 3057 5232 in
3072 5194 3227 5234 sacra
3249 5178 3534 5250 Scriptura
3548 5179 3736 5252 signi-

2118 5264 2288 5338 ﬁcent.
2312 5295 2382 5308 —
2411 5266 2471 5323 In
2505 5265 2787 5339 Scriptura
2813 5283 2965 5324 sacra
3000 5283 3127 5325 cum
3176 5283 3408 5325 numero
3453 5269 3730 5342 singulari

2120 5370 2282 5410 mons
2306 5355 2553 5427 ponitur,
2581 5355 2880 5428 aliquando
2925 5355 3242 5414 incarnatus
3286 5357 3579 5428 Dominus,
3613 5360 3734 5416 ali-

2124 5443 2344 5518 quando
2373 5453 2559 5501 sancta
2579 5445 3157 5519 Ecclesia,aliquando
3174 5455 3569 5504 testamentum
3599 5449 3728 5518 Dei,

2120 5533 2420 5606 aliquando
2447 5540 2691 5606 apostata
2711 5535 2956 5608 angelus,
2974 5535 3273 5609 aliquando
3300 5536 3540 5611 quilibet
3554 5537 3730 5594 haere-

2118 5622 2264 5680 ticus
2291 5622 2624 5698 designatur.
2659 5623 2798 5681 Cum
2832 5640 2966 5682 vero
2997 5635 3212 5684 montes
3241 5627 3446 5701 plurali
3490 5643 3730 5686 numero

2121 5713 2501 5786 nominantur,
2537 5714 2834 5788 aliquando
2854 5715 3124 5774 celsitudo
3151 5717 3530 5790 apostolorum
3559 5725 3731 5792 atque

2118 5803 2530 5877 prophetarum,
2549 5803 2845 5878 aliquando
2864 5821 2995 5861 vero
3015 5807 3364 5865 saecularium
3386 5814 3727 5881 potestatum

2117 5899 2303 5950 tumor
2327 5893 2681 5968 exprimitur.
2694 5895 2850 5952 Mons
2870 5909 3103 5969 namque
3121 5896 3424 5955 Dominum
3445 5897 3722 5974 designat,
