3936 6382
94 402 194 460 669

866 400 1240 461 MORALIUM
1277 403 1412 461 LIB.
1452 404 1714 463 XXXIII.
1754 437 1825 450 —
1864 408 1935 467 IN
1973 409 2200 468 CAPUT
2238 411 2335 468 XL
2373 412 2436 467 B.
2484 413 2629 470 JOB.

3314 424 3420 481 670

92 528 236 586 sicut
261 526 531 600 scriptum
550 535 673 619 est:
810 527 912 619 erit
1021 528 1321 619 novissimis
1344 528 1524 585 diebus
1559 548 1694 603 prre-
1721 542 1774 602 Α
1806 537 1936 609 quia
1967 554 2037 594 ex
2066 553 2130 594 eo
2152 536 2310 593 illum
2330 536 2607 607 reﬁciunt,
2640 539 2788 613 quod
2816 543 3065 617 nequiter
3103 554 3421 619 operantur.

88 624 319 691 paratus
348 634 500 673 mons
523 618 708 674 domus
734 616 951 674 Domini
970 618 1028 672 in
1046 618 1235 673 vertice
1251 620 1509 675 montium
1533 621 1699 689 (Isai.

93 725 153 775 ιι,
185 707 268 780 2).
290 707 452 764 Mons
467 707 669 780 quippe
690 712 771 762 est
785 705 845 761 in
866 705 1071 763 vertice
1088 706 1365 762 montium
1386 707 1705 765 incarnatus

93 798 389 864 Dominus,
429 798 826 855 transcendens
859 797 1248 854 celsitudinem
1287 798 1702 870 prophetarum.

94 888 335 944 Rursum
366 904 464 959 per
494 894 740 942 montem
770 894 956 943 sancta
986 886 1302 958 designatur
1334 886 1604 955 Ecclesia,
1634 887 1705 942 si-

94 989 186 1037 cut
200 981 472 1052 scriptum
494 988 575 1035 est
600 997 612 1034 :
640 980 743 1047 Qui
761 979 1033 1051 conﬁdunt
1050 978 1107 1032 in
1127 978 1373 1045 Domino,
1407 978 1542 1032 sicut
1559 995 1709 1033 mons

98 1071 225 1127 Sion
257 1070 434 1142 (Psal.
467 1086 662 1137 cxxrv,
712 1068 791 1140 1).
831 1067 964 1124 Sion
1007 1082 1242 1139 namque
1288 1067 1591 1139 speculatio
1625 1066 1706 1122 di-

95 1158 260 1227 citur,
292 1174 390 1230 per
419 1173 582 1229 quam
625 1155 836 1211 scilicet
866 1154 1301 1227 speculationem
1329 1154 1709 1225 contemplans

93 1251 271 1306 Deum
298 1248 549 1304 Ecclesia
577 1247 866 1318 ﬁguratur.
902 1246 1140 1302 Rursum
1162 1260 1258 1316 per
1280 1252 1525 1299 montem
1546 1250 1707 1299 testa-

94 1348 346 1395 mentum
379 1338 480 1395 Dei
519 1336 876 1409 exprimitur,
907 1335 1052 1391 sicut
1078 1333 1336 1390 Habacuc
1362 1334 1471 1389 ait:
1504 1334 1648 1389 Deus
1672 1352 1708 1389 a

96 1427 299 1484 Libano
328 1427 515 1497 veniet,
546 1432 594 1481 et
612 1430 823 1481 sanctus
843 1424 906 1479 de
930 1429 1102 1479 monte
1124 1423 1368 1477 umbroso
1388 1428 1437 1476 et
1452 1422 1709 1478 condenso

100 1516 331 1589 (Habac.
364 1534 450 1584 ιιι,
478 1516 557 1589 3).
583 1516 690 1584 Qui
709 1515 860 1571 enim
882 1521 1179 1571 venturum
1200 1532 1256 1571 se
1278 1529 1373 1587 per
1392 1513 1709 1570 testamenti

93 1608 180 1663 sui
209 1607 438 1680 paginas
465 1606 782 1680 spopondit,
813 1605 969 1679 quasi
1017 1605 1144 1661 inde
1174 1605 1350 1673 venit,
1379 1604 1526 1660 unde
1556 1604 1710 1659 velut

94 1697 198 1753 sub
228 1697 595 1769 promissione
624 1714 680 1753 se
701 1696 901 1752 tenuit.
936 1695 1095 1763 Quod
1125 1695 1389 1752 videlicet
1416 1701 1708 1751 testamen-

96 1792 216 1841 tum
251 1784 393 1841 bene
422 1801 583 1841 mons
608 1784 906 1841 umbrosus
921 1792 975 1840 et
1004 1784 1315 1841 condensus
1334 1783 1563 1851 dicitur,
1580 1784 1711 1856 quia

95 1874 291 1946 spissis
306 1873 695 1945 allegoriarum
715 1874 1148 1931 obscuritatibus
1168 1881 1446 1947 opacatur.
1470 1874 1708 1930 Rursum

98 1981 197 2037 per
228 1973 473 2020 montem
504 1965 730 2037 angelus
757 1972 1006 2037 apostata
1045 1964 1387 2037 designatur,
1427 1964 1572 2020 sicut
1609 1962 1710 2019 sub

94 2054 406 2126 Babylonis
435 2054 578 2126 regis
606 2054 788 2127 specie
817 2054 883 2110 de
910 2054 1141 2128 antiquo
1162 2054 1319 2110 hoste
1340 2051 1712 2125 praedicatori-

92 2145 198 2201 bus
217 2144 458 2202 dicitur:
482 2146 653 2217 Super
667 2150 892 2199 montem
914 2146 930 2179 ¹
951 2145 1299 2216 caliginosum
1321 2145 1484 2199 levate
1501 2143 1710 2213 signum

92 2235 260 2308 (Isai.
295 2252 421 2304 xm,
453 2236 533 2308 2).
566 2234 957 2292 Praedicatores
986 2236 1189 2308 quippe
1219 2234 1394 2291 sancti
1425 2249 1589 2304 super
1608 2249 1710 2288 ca-

94 2325 398 2397 liginosum
445 2332 693 2381 montem
735 2324 955 2397 signum
996 2324 1236 2393 elevant,
1266 2323 1487 2398 quando
1515 2330 1710 2379 contra

93 2415 313 2471 Satanae
341 2413 676 2487 superbiam,
704 2414 801 2488 qui
821 2431 963 2487 saepe
991 2414 1094 2471 sub
1111 2416 1314 2472 nebula
1332 2413 1709 2471 simulationis

90 2501 481 2570 absconditur,
529 2502 793 2558 virtutem
825 2504 1009 2560 crucis
1045 2504 1310 2559 exaltant.
1344 2504 1581 2559 Rursum
1614 2516 1710 2572 per

94 2601 350 2651 montem
371 2592 666 2650 hareticus
688 2593 924 2667 quilibet
947 2594 1302 2666 exprimitur,
1318 2593 1463 2649 sicut
1483 2608 1553 2647 ex
1573 2607 1711 2647 voce

90 2683 362 2740 Ecclesiae
408 2682 699 2739 Psalmista
745 2683 861 2738 ait:
910 2684 979 2739 In
1017 2683 1247 2739 Domino
1300 2682 1523 2755 conﬁdo,
1581 2698 1708 2752 quo-

88 2773 249 2829 modo
279 2773 458 2828 dicitis
486 2771 680 2826 animo:
706 2788 850 2838 mete,
885 2772 1236 2842 Transmigra
1252 2772 1311 2826 in
1329 2778 1554 2826 montem
1573 2770 1711 2824 sicut

81 2879 279 2935 passer
311 2862 488 2933 (Psal.
520 2876 579 2928 x,
612 2860 675 2931 2)
696 2860 724 2915 ?
758 2858 898 2916 Cum
928 2859 1077 2915 enim
1109 2859 1262 2915 ﬁdeli
1277 2860 1477 2915 animae
1496 2858 1708 2914 unitate

86 2951 309 3018 relicta,
344 2949 401 3004 in
423 2948 661 3005 tumenti
677 2947 930 3005 doctrina
949 2947 1225 3004 conﬁdere
1245 2947 1491 3004 haeretici
1511 2945 1707 3019 praedi-

86 3042 298 3101 catoris
328 3041 556 3109 dicitur,
605 3040 820 3097 deserto
859 3040 1101 3098 Domino
1152 3042 1307 3114 quasi
1353 3040 1414 3096 in
1462 3046 1706 3095 montem

88 3133 494 3205 transmigrare
526 3132 807 3189 suadetur.
840 3132 1080 3188 Rursum
1111 3148 1207 3203 per
1234 3139 1449 3187 montes
1478 3136 1706 3202 aposto-

91 3227 286 3282 lorum
315 3231 480 3297 atque
497 3222 889 3295 prophetarum
911 3222 1184 3279 celsitudo
1203 3222 1543 3294 designatur,
1563 3221 1709 3277 sicut

88 3316 368 3387 scriptum
413 3321 529 3369 est:
575 3313 796 3369 Iustitia
844 3319 934 3368 tua
975 3313 1110 3367 sicut
1140 3318 1338 3367 montes
1377 3311 1477 3367 Dei
1524 3312 1705 3384 (Psal.

88 3425 279 3474 xxxv,
312 3407 391 3478 7).
432 3408 506 3462 Et
534 3422 668 3463 voce
696 3406 853 3462 Pauli
884 3405 1126 3462 dicitur:
1168 3407 1232 3462 Ut
1271 3422 1367 3460 nos
1395 3407 1710 3478 efficerentur

85 3500 313 3571 justitia
342 3499 442 3555 Dei
469 3499 526 3553 in
545 3499 659 3569 ipso
687 3500 782 3567 (ΙΙ
813 3498 937 3555 Cor.
963 3515 1019 3566 v,
1050 3499 1169 3570 2i).
1204 3497 1305 3553 Vel
1335 3496 1480 3555 sicut
1509 3493 1709 3549 iterum

92 3608 238 3649 voce
259 3591 530 3664 sperantis
546 3591 807 3648 Ecclesiae
825 3591 1116 3648 Psalmista
1144 3591 1222 3647 ait
1246 3608 1263 3645 :
1294 3587 1488 3645 Levavi
1519 3590 1710 3649 1076

88 3689 278 3745 oculos
291 3704 430 3743 meos
446 3687 503 3741 in
519 3693 739 3753 montes,
760 3688 897 3743 unde
924 3687 1090 3744 veniet
1105 3687 1375 3743 auxilium
1390 3685 1519 3740 mihi
1533 3684 1687 3756 (Psal
1697 3726 1708 3738 .

91 3794 236 3846 cxx,
270 3776 350 3849 1).
381 3777 619 3833 Rursum
648 3792 747 3849 per
766 3783 982 3833 montes
1001 3776 1348 3833 saecularium
1378 3779 1711 3847 potestatum

94 3875 295 3923 tumor
323 3866 679 3938 exprimitur,
712 3865 781 3921 de
813 3864 1016 3937 quibus
1047 3865 1339 3922 Psalmista
1365 3864 1479 3919 ait:
1511 3864 1713 3921 Montes

91 3958 236 4014 sicut
271 3974 390 4013 cera
420 3956 693 4027 [tumebunt
727 3975 763 4013 a
790 3956 928 4027 facie
966 3957 1183 4013 Domini
1213 3957 1385 4029 (Psal.
1436 3970 1588 4021 xcvr,
1627 3952 1710 4025 5),

96 4048 237 4122 quia
260 4047 427 4104 multi
453 4048 548 4121 qui
569 4048 725 4120 prius
738 4049 850 4104 alta
867 4047 1146 4120 rigiditate
1167 4052 1502 4115 tumuerant,
1520 4047 1633 4103 Deo
1653 4046 1713 4103 in

95 4151 269 4195 carne
298 4144 614 4209 apparente,
660 4152 859 4210 magno
904 4144 1036 4194 sunt
1079 4154 1177 4210 per
1203 4136 1584 4210 paenitentiam
1631 4134 1714 4190 ti-

98 4242 259 4283 more
280 4224 584 4298 quuefacti.
617 4225 720 4283 Vel
749 4224 894 4284 sicut
921 4224 1068 4283 idem
1097 4226 1372 4299 Propheta
1397 4225 1597 4281 iterum
1632 4222 1714 4282 di-

96 4316 181 4372 cit
214 4332 227 4370 :
278 4314 584 4370 Ascendunt
619 4320 839 4383 montes,
887 4321 936 4368 et
965 4315 1280 4371 descendunt
1322 4314 1494 4387 campi
1532 4313 1714 4385 (Psal.

98 4422 225 4472 c111,
258 4402 342 4476 8).
374 4403 629 4476 Plerique
656 4403 805 4460 enim
836 4412 1209 4475 persecutores
1236 4405 1462 4462 Domini
1491 4401 1716 4477 superbi

96 4502 301 4551 contra
329 4509 455 4550 eum
486 4493 741 4562 veniunt,
771 4493 866 4550 sed
885 4493 955 4549 ab
984 4510 1048 4550 eo
1068 4493 1309 4552 humiles
1337 4502 1712 4552 revertuntur.

1812 626 2269 683 HuicBehemoth
2290 625 2485 684 herbas
2515 627 2719 698 ferunt,
2743 631 2874 702 quia
2909 647 3035 690 suas
3068 634 3152 691 illi
3181 636 3420 694 offerunt

1813 715 1991 773 ﬂuxas
2019 723 2072 772 et
2102 716 2341 773 lubricas
2361 717 2688 791 voluptates.
2714 720 2896 775 Erunt
2913 721 3069 791 enim,
3088 723 3168 779 ait
3189 724 3421 797 Aposto-

1815 805 1921 874 lus,
1942 806 2173 861 homines
2188 808 2383 877 seipsos
2397 813 2635 862 amantes
2655 807 2745 879 (II
2773 808 2909 863 Tim.
2943 825 3029 877 ιιι,
3061 810 3142 883 2).
3175 812 3421 879 Quorum

1814 894 2239 967 descriptionem
2286 896 2609 967 complexus
2656 904 2756 964 est,
2798 897 3026 955 dicens:
3088 900 3427 972 Voluptatum

1814 989 2077 1039 amatores
2123 986 2292 1056 magis
2330 1002 2490 1056 quam
2531 985 2631 1040 Dei
2673 984 2860 1056 (Ibid,
2891 986 2973 1059 4).
3021 986 3154 1055 Quae
3190 997 3272 1046 est
3300 1007 3427 1063 ergo

1743 1132 1749 1137 ,
1815 1073 1987 1129 herba
2034 1074 2330 1142 montium,
2364 1074 2470 1129 nisi
2501 1075 2757 1146 voluptas
2788 1074 2960 1143 ﬂuxa,
2993 1093 3115 1149 quae
3163 1094 3232 1133 ex
3264 1079 3427 1136 corde

1817 1161 2061 1233 gignitur
2107 1162 2467 1234 superborum
2498 1162 2526 1217 7
2567 1162 2674 1229 Qui
2706 1162 2814 1219 nisi
2853 1165 3029 1220 Deum
3061 1166 3428 1239 superbiendo

1817 1258 2254 1319 contemnerent,
2302 1268 2646 1324 nequaquam
2688 1258 2772 1308 tot
2814 1252 3028 1310 lubrica
3087 1255 3427 1314 lasciviendo

1819 1353 1842 1388 ι
1870 1347 2265 1412 perpetrarent.
2316 1340 2528 1408 Quibus
2566 1339 2833 1397 nimirum
2878 1341 3066 1399 herbis
3096 1343 3199 1400 iste
3242 1344 3428 1402 Behe-

1817 1430 1973 1486 moth
2017 1430 2280 1503 pascitur,
2326 1430 2456 1503 quia
2504 1430 2563 1485 in
2606 1429 2686 1485 eis
2716 1446 2936 1502 pmnam
2968 1439 3186 1489 aeterna:
3233 1434 3427 1490 mortis

1820 1522 1841 1555 ³
1871 1518 2138 1587 esuriens,
2168 1534 2359 1574 eorum
2381 1517 2612 1590 perditis
2638 1518 2888 1576 moribus
2908 1520 3159 1577 satiatur.
3192 1520 3424 1593 Superbi

1818 1608 1965 1677 enim
1990 1607 2158 1680 hujus
2178 1606 2389 1676 saculi,
2410 1606 2512 1663 etsi
2532 1606 2753 1680 quando
2774 1624 3024 1680 supernae
3046 1607 3426 1681 dispensatio-

1818 1698 1906 1754 nis
1951 1696 2145 1752 ordine
2173 1695 2480 1768 praepediti,
2511 1696 2580 1751 ab
2607 1696 2922 1767 expletione
2951 1713 3253 1769 pravorum
3283 1714 3426 1770 ope-

1817 1805 1940 1843 rum
1962 1793 2197 1854 cessant,
2215 1801 2384 1858 prava
2398 1791 2582 1841 tamen
2604 1784 2661 1839 in
2681 1785 3013 1856 cogitatione
3032 1785 3424 1857 multiplicant,

1738 1912 1786 1973 B
1821 1876 1987 1933 modo
2032 1883 2096 1931 ut
2120 1892 2176 1931 se
2215 1874 2553 1947 potentiores
2584 1872 2816 1940 casteria,
2848 1872 3013 1930 rebus
3041 1882 3095 1929 et
3124 1874 3429 1931 honoribus

1821 1964 2133 2032 ostendant,
2164 1962 2329 2019 modo
2358 1969 2420 2017 ut
2448 1960 2693 2017 eamdem
2725 1977 2880 2016 suam
2898 1963 3200 2035 potentiam
3231 1963 3290 2019 in
3317 1971 3428 2019 stu-

1820 2054 1915 2111 dio
1947 2054 2140 2109 alienat
2163 2050 2408 2108 laesionis
2428 2056 2740 2118 exerceant,
2762 2049 2927 2106 modo
2948 2058 3031 2119 ut,
3054 2050 3282 2108 lubricis
3299 2068 3429 2107 mo-

1820 2143 1970 2199 tibus
1998 2140 2175 2210 ducti,
2209 2156 2304 2212 per
2332 2139 2477 2196 levia
2505 2154 2561 2194 se
2591 2137 2735 2194 facta
2762 2139 3181 2213 voluptatesque
3218 2139 3428 2195 dissol-

1821 2239 1973 2288 vant.
2006 2230 2114 2299 Qui
2142 2229 2274 2286 dum
2320 2227 2484 2284 rebus
2511 2227 2785 2284 divinitus
2813 2228 3051 2300 acceptis
3084 2244 3428 2301 nequaquam

1818 2329 1986 2389 recta,
2035 2319 2131 2377 sed
2180 2335 2351 2392 prava
2379 2334 2595 2390 semper
2622 2334 2779 2389 agere
2808 2318 3070 2389 cogitant,
3112 2318 3247 2391 quid
3275 2316 3429 2375 aliud

1818 2414 2054 2482 faciunt,
2086 2413 2196 2469 nisi
2226 2412 2342 2468 suis
2370 2419 2562 2468 contra
2581 2412 2758 2467 Deum
2786 2409 2947 2467 donis
2966 2412 3261 2484 pugnant?
3289 2412 3431 2479 Quia

1820 2503 1991 2576 igitur
2028 2501 2335 2559 Behemoth
2373 2500 2476 2557 iste
2522 2499 2582 2555 in
2629 2499 2991 2572 superborum
3021 2500 3304 2557 mentibus
3330 2517 3431 2557 sua

1819 2610 2034 2667 semper
2059 2592 2331 2650 desideria
2356 2590 2718 2663 recognoscit,
2741 2588 2896 2663 quasi
2916 2588 3115 2646 herbas
3134 2589 3195 2645 in
3226 2589 3428 2645 monti-

1817 2683 1922 2740 bus
1952 2683 2192 2753 invenit,
2218 2680 2438 2756 ‘quibus
2466 2680 2734 2737 refectum
2764 2697 2876 2737 sua)
2914 2679 3144 2736 malitia)
3173 2686 3426 2736 ventrem

1817 2771 2016 2829 tendit.
2050 2772 2197 2828 Bene
2223 2779 2407 2829 autem
2434 2769 2694 2827 subditur
2722 2787 2734 2826 :

2314 2883 2544 2940 CAPUT
2564 2884 2613 2938 ιι
2644 2881 2789 2955 [Rea
2817 2882 2925 2956 II].

1887 2975 2025 3029 Iam.
2059 3001 2130 3012 —
2161 2971 2349 3027 Omnes
2378 2970 2552 3025 bestias
2568 2970 2690 3039 agri
2713 2971 2735 3004 ⁴
2769 2970 2950 3025 ludent
2974 2968 3068 3025 ibi.

1887 3061 1940 3117 4.
1973 3061 2155 3116 Ludus
2184 3060 2482 3115 daemonum
2512 3062 2589 3113 est
2614 3057 2874 3112 humanas
2896 3063 3091 3112 mentes
3125 3056 3189 3113 de
3214 3056 3342 3113 vitio
3372 3059 3429 3113 in

1814 3150 2003 3205 vitium
2016 3146 2437 3214 rotare—Quid
2448 3162 2544 3219 per
2556 3144 2758 3202 bestias
2770 3144 2877 3201 nisi
2891 3143 3166 3203 immundi
3177 3145 3427 3218 spiritus,

1823 3239 1958 3312 quid
1988 3255 2084 3311 per
2114 3254 2305 3311 agrum
2343 3236 2451 3293 nisi
2484 3250 2721 3309 praesens
2766 3235 3030 3291 saeculum
3072 3235 3425 3309 designaturl

1826 3329 1980 3387 Unde
2010 3328 2077 3385 de
2106 3327 2226 3399 ipso
2251 3327 2620 3397 malignorum
2650 3322 2949 3397 spirituum
2966 3325 3218 3399 principe
3238 3333 3433 3382 contra

1818 3416 2084 3490 Ephraim
2114 3415 2322 3473 dicitur
2346 3433 2358 3470 :
2382 3414 2563 3471 Bestia
2577 3413 2699 3486 agri
2713 3413 2910 3469 scindet
2930 3430 3014 3470 eos
3029 3415 3188 3486 (Osee
3207 3431 3334 3484 xm,
3350 3415 3427 3487 8).

1818 3512 1922 3571 Vel
1950 3512 2095 3568 sicut
2122 3510 2290 3568 Isaias
2311 3511 2389 3567 ait
2414 3512 2521 3568 :Et
2546 3510 2694 3566 mala
2709 3509 2871 3566 bestia
2899 3509 2921 3544 ⁵
2950 3524 3060 3564 non
3086 3504 3326 3564 ascendet
3332 3521 3434 3577 per

1820 3620 1934 3659 eam
1965 3602 2122 3675 (Isai.
2154 3619 2332 3672 xxxv,
2364 3603 2448 3674 9).
2482 3600 2624 3669 Quia
2647 3607 2829 3657 autem
2859 3599 2977 3673 agri
3001 3598 3229 3655 nomine
3256 3610 3432 3651 mun-

1820 3691 1924 3749 dus
1950 3692 2276 3765 accipiatur,
2310 3691 2627 3749 dominicus
2644 3707 2742 3764 per
2754 3688 3120 3762 Evangelium
3151 3700 3331 3743 sermo
3347 3691 3431 3742 te-

1821 3789 2018 3851 statur,
2048 3783 2145 3856 qui
2174 3782 2279 3839 ait:
2310 3784 2456 3855 Ager
2481 3787 2657 3837 autem
2686 3786 2762 3836 est
2786 3779 3016 3835 mundus
3054 3776 3268 3850 (Matth.
3301 3789 3429 3841 xm,

1821 3873 1937 3945 38).
1970 3872 2105 3946 Agri
2150 3889 2278 3945 ergo
2318 3871 2509 3929 bestiae
2556 3871 2615 3927 in
2655 3869 2842 3926 herbis
2887 3868 3166 3925 montium
3207 3863 3427 3930 ludunt,

1827 3969 2017 4027 1077
2075 3962 2207 4035 quia
2262 3960 2507 4036 projecta
2561 3960 2629 4017 de
2692 3956 3071 4032 superioribus
3130 3958 3154 3993 ⁸
3209 3955 3269 4010 in
3325 3952 3432 4012 hoc

1822 4060 2033 4118 mundo
2061 4060 2337 4116 daemonia
2365 4057 2552 4132 pravis
2590 4055 2952 4131 superborum
2983 4052 3243 4128 operibus
3271 4050 3432 4108 dele-

1823 4159 2062 4210 ctantur.
2084 4146 2280 4204 Bestia:
2302 4147 2360 4203 in
2381 4145 2569 4203 herbis
2588 4145 2790 4203 ludunt
2808 4161 2935 4204 cum
2958 4141 3179 4216 reprobi
3198 4140 3429 4215 spiritus

1824 4240 2071 4297 humana
2084 4235 2252 4294 corda
2265 4236 2325 4292 in
2347 4236 2577 4293 illicitas
2591 4234 2952 4309 cogitationes
2971 4231 3321 4307 pertrahunt.
3344 4228 3433 4285 An

1826 4346 1939 4387 non
1960 4327 2266 4385 immundis
2284 4326 2574 4400 spiritibus
2594 4325 2783 4382 ludere
2802 4330 2885 4381 est
2900 4330 3112 4380 mentes
3139 4319 3432 4377 hominum

1825 4419 1897 4477 ad
1923 4419 2218 4492 imaginem
2247 4417 2349 4475 Dei
2388 4416 2659 4487 conditas,
2709 4413 2874 4471 modo
2914 4412 3046 4470 ﬁcta
3070 4408 3437 4485 promissione

1826 4512 2100 4584 decipere,
2130 4509 2296 4567 modo
2326 4510 2518 4567 vacuis
2545 4506 2851 4565 terroribus
2880 4503 3130 4572 irridere,
3162 4501 3329 4559 modo
3356 4501 3437 4558 eis

96 4585 212 4654 QIIi
260 4592 478 4694 φξηῖθε
523 4583 828 4694 ξεοθξιάιξηῑ
851 4600 978 4694 Pe?)
992 4582 1716 4694 ῐξξωῗτξωᾞοῐθηῖίωχξθά
1746 4634 1795 4694 D
1828 4582 2147 4660 transitoria
2189 4598 2387 4673 gaudia
2413 4598 2571 4672 quasi
2601 4611 2860 4653 mansura
2899 4593 3239 4666 imprimere,
3270 4589 3436 4648 modo

98 4671 290 4746 campi
319 4671 684 4740 descendunt,
714 4672 867 4744 plani
886 4671 1148 4730 videlicet
1163 4672 1297 4729 facti
1326 4689 1423 4745 per
1450 4672 1717 4745 cognitio-

100 4778 236 4820 nem
268 4761 467 4835 culpae.

178 4876 323 4953 [Vet.
351 4879 417 4935 II
418 4876 459 4952 .]
483 4876 534 4933 3.
558 4877 713 4935 Elati
732 4877 869 4933 male
895 4876 1165 4949 operando
1185 4877 1441 4933 (laniones
1459 4877 1632 4933 alunt.
1650 4908 1722 4919 —

99 4969 214 5029 Sed
247 4970 380 5044 quia
399 4969 660 5025 nonnulli
695 4969 755 5025 in
782 4967 1038 5025 elationis
1077 4985 1188 5025 suae
1217 4967 1511 5025 altitudine
1549 4984 1721 5026 rema-

99 5068 264 5128 nent,
288 5067 343 5116 et
361 5058 433 5115 ad
447 5057 641 5115 divina
661 5058 927 5132 obsequia
944 5056 1091 5116 ﬂecti
1109 5057 1398 5114 humiliter
1418 5056 1716 5131 dedignan-

100 5158 219 5218 tur,
253 5163 318 5204 eo
347 5146 498 5222 quod
524 5147 689 5221 juxta
730 5148 1067 5205 desiderium
1103 5146 1320 5221 antiqui
1350 5147 1527 5204 hostis
1555 5165 1725 5222 prava

100 5239 354 5313 cogitare
396 5253 460 5295 ac
499 5245 812 5311 perpetrare
839 5254 952 5295 non
981 5237 1261 5307 desinunt,
1292 5244 1438 5294 recte
1468 5236 1575 5294 hoc
1603 5238 1724 5294 loco

40 5360 53 5368 -
100 5329 175 5387 de
224 5327 534 5385 Behemoth
577 5328 826 5386 dicitur:
876 5328 1013 5385 Huic
1051 5333 1245 5385 montes
1289 5326 1471 5399 ferunt
1515 5328 1720 5384 herbas.

101 5419 261 5476 Elati
291 5434 535 5493 namque
562 5418 751 5475 saeculi
779 5416 913 5475 huic
954 5417 1261 5474 Behemoth
1290 5417 1487 5475 herbas
1514 5417 1720 5487 ferunt,

185 5665 200 5698 ¹
236 5662 480 5732 Gemet.,
511 5661 623 5718 duo
668 5662 881 5729 Germ.,
912 5660 1038 5717 Val.
1072 5660 1155 5718 Cl.
1187 5667 1241 5715 et
1282 5659 1384 5733 pL,
1414 5659 1719 5732 caligosum,

104 5743 161 5791 et
192 5733 365 5802 infra,
398 5751 560 5806 super
589 5733 899 5806 caligosum.

182 5808 205 5841 ²
238 5801 479 5876 Germ,
503 5801 782 5874 Lauduii.,
825 5802 1049 5860 Ebroic.
1082 5801 1287 5876 aliique
1314 5803 1529 5870 Nomm,
1555 5823 1725 5877 pene-

108 5884 346 5935 trarent.

1830 4707 2116 4749 mansuras
2136 4706 2325 4764 pmnas
2349 4688 2509 4763 quasi
2535 4685 2883 4743 transitorias
2911 4683 3149 4756 levigare
3169 4680 3199 4738 Τ
3228 4680 3436 4736 Harum

1829 4786 2021 4860 procul
2049 4783 2221 4841 dubio
2247 4781 2550 4840 bestiarum
2583 4779 2901 4837 illusionem
2930 4774 3310 4850 pertimuerat,
3340 4768 3437 4843 qui

1829 4875 2047 4933 dicebat
2071 4892 2082 4930 :
2107 4874 2251 4930 Deus
2277 4887 2445 4941 meus,
2460 4871 2520 4927 in
2541 4876 2586 4927 te
2600 4869 2826 4942 confido,
2843 4882 2952 4922 non
2969 4863 3268 4921 erubescam
3283 4877 3307 4926 ;
3333 4875 3438 4914 ne—

1830 4982 1928 5037 que
1943 4963 2210 5019 irrideant
2221 4978 2302 5017 me
2314 4959 2520 5016 inimici
2534 4958 2638 5015 mei
2651 4957 2832 5029 (Psal.
2847 4970 3008 5022 xxxv,
3021 4952 3075 5021 2,
3093 4951 3126 5009 3
3128 4947 3325 5022 ).Quia
3337 4946 3439 5020 igi-

1832 5063 1923 5110 tur
1958 5050 2320 5124 superhorum
2358 5064 2454 5106 cor
2483 5048 2554 5104 ad
2598 5061 2762 5104 omne
2809 5042 3009 5099 vitium
3054 5037 3339 5105 sternitur,
3374 5041 3438 5090 ut

1832 5141 2065 5201 cuilibet
2093 5138 2337 5211 maligno
2374 5136 2598 5211 spiritui
2641 5132 2875 5190 irruenti
2905 5146 3073 5204 prava
3103 5124 3438 5201 cogitatione

1832 5238 2185 5307 praeparetur,
2218 5235 2365 5286 recte
2383 5227 2452 5285 de
2481 5226 2668 5284 herbis
2690 5223 2962 5281 montium
2984 5220 3191 5279 dicitur
3214 5236 3227 5276 :
3251 5219 3440 5277 Omnes

1833 5323 2004 5379 bestia
2029 5320 2152 5392 agri
2181 5318 2362 5375 ludent
2380 5316 2475 5374 ibi.
2505 5316 2612 5373 Pro
2642 5330 2707 5371 eo
2730 5311 2880 5370 enim
2906 5310 3055 5386 quod
3079 5307 3301 5385 superbi
3319 5307 3439 5384 qui-

1832 5428 1939 5487 que
1982 5411 2201 5468 nullum
2231 5408 2439 5466 malum
2468 5403 2762 5481 cogitando
2789 5408 3143 5478 praetereunt,
3174 5400 3333 5457 nulla
3359 5405 3441 5457 est

1906 5657 1927 5692 ³
1964 5652 2163 5723 Laud.,
2191 5651 2409 5709 esuries.

1908 5728 1928 5762 ‘
1957 5721 2158 5782 Pratell
2191 5742 2255 5782 ac
2284 5722 2453 5792 Utic.,
2487 5721 2697 5778 ludunt.

1906 5800 1927 5834 δ
1956 5799 2080 5854 Val.
2114 5797 2196 5855 Cl.
2229 5804 2284 5852 et
2313 5796 2423 5851 duo
2453 5795 2663 5861 Germ.,
2696 5810 2801 5848 non
2833 5792 3099 5849 transibit.

1909 5872 1929 5907 ⁶
1960 5871 2076 5939 ΑΙ.,
2108 5869 2165 5924 in
2192 5869 2329 5925 hunc
2358 5867 2634 5924 mundum.
