3936 6392
495 388 598 448 671

1697 392 1949 450 SANCTI
1987 392 2328 457 GBEGORH
2374 397 2603 459 MAGNI

3710 410 3821 470 672

495 509 609 607 agri
628 507 824 607 bestia,
847 521 972 607 qua
995 526 1109 568 non
1128 511 1328 607 borum
1348 513 1621 607 montium
1638 512 1828 607 herbis
1836 514 2088 607 satietur.
2120 519 2173 581 A
2202 517 2509 580 Behemoth
2539 523 2669 597 quia
2707 524 2769 581 in
2793 524 2908 583 illis
2936 527 3092 600 quasi
3121 529 3414 602 quamdam
3442 532 3704 607 mquiem
3736 535 3825 592 in.

494 597 632 657 Nam
655 597 758 655 etsi
790 597 1011 673 quando
1032 601 1216 658 carnis
1235 600 1513 659 luxuriam
1538 600 1780 675 fugiunt,
1812 600 2098 658 interioris

494 685 734 745 luxuria
746 687 946 747 vitium
957 689 1026 746 de
1040 689 1157 764 ipsa
1169 691 1415 748 castitate
1427 689 2095 762 gloriandocommittunt.

495 776 557 836 Si
582 777 804 852 quando
832 777 912 834 nil
942 795 1105 837 avare
1124 781 1369 839 exterius
1389 780 1631 853 rapiunt,
1654 797 2000 855 nequaquam
2030 780 2099 839 ab

497 867 758 926 illecebra
786 866 1032 925 avaritia
1076 869 1272 927 mundi
1300 876 1452 938 sunt,
1488 869 1620 942 quia
1665 869 1768 927 etsi
1796 885 1884 926 res
1918 869 2100 927 nullas

497 956 772 1025 ambiunt,
803 955 989 1014 favore
1020 964 1205 1014 tamen
1247 957 1538 1014 hominum
1568 957 1788 1015 laudem
1817 957 1883 1014 de
1912 956 2102 1014 conti-

498 1044 688 1103 nentia
716 1061 905 1118 rapere
930 1054 1223 1103 conantur.
1247 1047 1392 1105 Huic
1411 1063 1540 1120 ergo
1559 1046 1866 1105 Behemoth
1890 1054 2102 1103 montes

498 1132 696 1192 herbas
724 1133 931 1204 ferunt,
960 1142 1014 1191 et
1042 1152 1234 1193 omnes
1252 1135 1444 1192 bestia
1473 1135 1589 1208 agri
1622 1135 1824 1194 ludunt
1850 1136 1952 1205 ibi,
1969 1136 2102 1210 quia

500 1221 561 1279 in
577 1222 937 1295 superborum
962 1223 1126 1282 corde
1145 1223 1382 1299 quilibet
1405 1224 1682 1298 malignus
1701 1224 1929 1297 spiritus
1950 1231 2103 1282 tanto

501 1311 666 1369 latins
694 1313 956 1385 pascitur,
986 1321 1192 1388 quanto
1222 1320 1276 1370 et
1304 1330 1468 1371 omne
1506 1313 1710 1370 vitium
1740 1313 1808 1370 de
1844 1314 2104 1387 superbia

503 1409 812 1475 generatur.
847 1401 986 1477 [γει.
1019 1404 1114 1463 III
1123 1403 1166 1481 .]
1214 1403 1321 1462 Sed
1348 1403 1479 1479 quia
1499 1403 1816 1462 audivimus
1844 1405 1981 1479 quid
2001 1405 2105 1462 iste

503 1490 807 1549 Behemotb
836 1493 1107 1564 comedat,
1137 1510 1289 1553 nunc
1326 1493 1617 1552 audiamus
1648 1510 1867 1552 necesse
1897 1503 1978 1551 est
2006 1493 2105 1551 ubi

503 1582 727 1641 interim
742 1600 840 1661 per
858 1600 1093 1660 pravum
1113 1601 1274 1643 suum
1299 1584 1641 1644 desiderium
1666 1585 1992 1662 requiescat.
2014 1584 2106 1642 Se-

504 1674 695 1750 quitur
717 1692 730 1737 :

977 1789 1204 1848 CAPUT
1229 1791 1306 1848 III
1335 1790 1482 1866 [Ηθο.
1509 1790 1649 1866 111].

2205 609 2382 680 venit,
2411 626 2549 684 quos
2576 629 2609 670 a
2637 613 2756 670 veri
2785 613 2917 671 solis
2943 615 3137 674 ardore
3167 617 3545 678 subtrahendo
3574 622 3823 697 frigidos

2202 699 2358 770 facit,
2388 701 2492 758 sub
2517 702 2714 761 umbra
2746 703 2991 761 dormire
3028 706 3368 779 perhibetur.
3396 711 3824 788 Nonnunquam

2207 806 2340 848 vero
2367 807 2464 864 per
2488 791 2764 860 umbram,
2808 792 2855 849 si
2897 802 3081 852 tamen
3109 813 3235 854 eum
3277 798 3590 872 adjectione
3618 805 3827 861 mortis

2208 890 2463 955 ponatur,
2491 884 2578 940 vel
2608 900 2758 941 mors
2774 885 2956 942 carnis
2984 887 3338 960 exprimitur,
3362 891 3450 947 vel
3466 893 3718 967 quilibet
3740 911 3823 952 re-

2209 971 2390 1044 probi,
2419 972 2517 1046 qui
2543 974 2760 1047 antiqui
2787 973 2965 1032 hostis
2991 977 3244 1034 tenebras
3269 979 3455 1037 studio
3483 997 3675 1055 prava
3696 1000 3825 1057 ope-

2176 1060 2441 1141 .rationis
2481 1061 2791 1120 imitantur.
2823 1063 2979 1121 Unde
3017 1082 3152 1124 voce
3185 1076 3493 1142 martyrum
3524 1087 3629 1143 per
3659 1072 3831 1131 Psal-

2210 1151 2431 1208 mistam
2460 1151 2700 1209 dicitur:
2731 1153 3044 1211 Humiliasti
3074 1157 3238 1212 nosin
3266 1158 3378 1214 loco
3403 1160 3741 1234 aﬂictionis,
3779 1168 3829 1218 et

2211 1243 2480 1314 cooperuit
2502 1260 2597 1298 nos
2618 1245 2807 1300 umbra
2833 1246 3024 1301 mortis
3053 1247 3226 1319 (Psal.
3257 1264 3419 1317 XLIII,
3458 1249 3580 1322 20).
3614 1251 3831 1308 Umbra

2212 1332 2361 1389 enim
2403 1333 2598 1389 mortis
2625 1334 2825 1390 electos
2852 1335 2952 1392 Dei
2985 1337 3008 1371 ³
3045 1337 3242 1409 operit,
3273 1354 3400 1396 cum
3431 1355 3586 1397 mors
3614 1341 3825 1410 carnis,

2213 1438 2334 1495 qua
2370 1422 2550 1494 imago
2592 1423 2786 1480 mortis
2815 1432 3031 1482 aterna
3060 1433 3161 1495 est,
3192 1427 3263 1484 ab
3291 1427 3396 1486 hac
3424 1445 3520 1486 eos
3547 1430 3670 1487 vita
3702 1431 3833 1488 dis-

2208 1508 2412 1583 jungit,
2445 1511 2575 1583 quia
2593 1512 2734 1569 sicut
2764 1513 2860 1570 illa
2880 1515 3121 1571 animam
3141 1533 3174 1572 a
3190 1517 3326 1587 Deo,
3348 1517 3426 1574 ita
3445 1517 3568 1576 hac
3587 1521 3660 1577 ab
3690 1520 3837 1577 ani-

2215 1616 2305 1658 ma
2329 1611 2543 1674 separat
2567 1619 2786 1676 corpus.
2818 1602 2921 1662 Vel
2949 1613 3097 1662 certe
3116 1605 3314 1664 umbra
3338 1625 3435 1667 eos
3449 1611 3656 1668 mortis
3682 1627 3832 1684 ope—

2214 1691 2311 1761 rit,
2348 1693 2477 1766 quia
2524 1692 2593 1750 de
2631 1693 2860 1768 antiquo
2889 1693 3046 1753 hoste
3086 1697 3355 1770 scriptum
3400 1705 3518 1756 est:
3552 1700 3577 1737 δ
3621 1701 3835 1757 Nomen

2213 1782 2301 1843 illi
2326 1799 2470 1838 mors
2501 1783 2690 1856 (Apoc.
2722 1801 2801 1853 vr,
2823 1784 2904 1858 8).
2929 1786 3134 1843 Umbra
3160 1802 3288 1861 ergo
3317 1789 3516 1846 mortis
3541 1797 3679 1848 sunt
3708 1808 3835 1848 om-

578 1907 752 1966 γωδ,
788 1905 876 1964 16.
903 1935 977 1949 _
1007 1906 1114 1965 sub
1137 1906 1331 1965 umbra
1357 1907 1559 1965 doma
1586 1907 1644 1964 in
1670 1911 1862 1964 secreto
1889 1905 2104 1977 calami,
2136 1879 2185 1942 Β
2220 1889 2317 1973 nes
2335 1873 2574 1973 reprobi,
2597 1874 2727 1973 quia
2752 1873 2904 1931 illius
2918 1877 3220 1977 nequitiam
3232 1878 3490 1977 elationis
3508 1879 3833 1977 imitantur;

507 1995 568 2054 in
593 1995 722 2052 locis
747 1993 1095 2052 humentibus.

579 2085 634 2143 δ.
669 2086 811 2156 Quid
832 2103 934 2160 per
945 2086 1192 2142 umbram
1213 2084 1497 2159 Scriptura
1515 2086 1795 2159 intelligat.
1817 2116 1889 2130 —
1907 2087 2110 2144 Obum-

507 2175 688 2234 bratio
716 2177 778 2233 in
804 2192 960 2234 sacro
981 2176 1204 2250 eloquio
1231 2176 1529 2250 aliquando
1558 2177 1866 2235 incarnatio
1885 2178 2114 2235 Domini

509 2264 756 2339 ponitur,
774 2266 863 2322 vel
891 2266 1095 2324 mentis
1121 2265 1467 2339 refrigerium
1496 2283 1530 2325 a
1555 2267 1774 2324 fervore
1804 2267 2111 2327 carnalium

510 2355 932 2429 cogitationum,
963 2357 1109 2415 unde
1138 2357 1502 2431 appellatione
1534 2357 1744 2415 umbra
1773 2374 1844 2416 ex
1877 2374 2114 2432 superna

510 2445 852 2520 protectione
897 2445 1005 2505 hoc
1032 2446 1212 2520 ipsum
1254 2447 1601 2520 refrigerium
1632 2447 1816 2506 cordis
1842 2446 2113 2506 insinuari

510 2536 668 2593 solet.
713 2535 1029 2611 Aliquando
1059 2552 1190 2593 vero
1230 2535 1446 2604 umbra,
1492 2535 1780 2595 recedente
1822 2537 2110 2608 charitate,

511 2633 701 2700 torpor
727 2625 944 2699 frigida
972 2626 1173 2684 mentis
1191 2625 1482 2701 accipitur.
1505 2626 1642 2684 Nam
1668 2626 1815 2700 quod
1833 2626 2115 2685 dominica

513 2714 820 2774 incarnatio
849 2723 1064 2773 servata
1101 2716 1332 2773 veritate
1360 2714 1627 2785 historia,
1675 2716 2115 2774 obumbrationis

513 2805 882 2880 appellatione
921 2806 1190 2879 signetur,
1219 2805 1498 2878 angelicas
1527 2822 1705 2862 sermo
1733 2814 1985 2876 testatur,
2018 2804 2114 2880 qui

513 2893 583 2952 ad
596 2893 822 2952 Mariam
844 2894 952 2951 ait:
982 2895 1161 2953 Virtus
1175 2894 1445 2950 Altissimi
1471 2893 1803 2950 obumbrabit
1831 2895 1925 2950 tibi
1952 2895 2112 2965 (Luc.

513 2999 557 3051 ι,
586 2982 705 3054 35).
735 2983 876 3052 Quia
903 2983 1048 3041 enim
1080 2983 1278 3039 umbra
1295 2999 1408 3039 non
1438 2983 1600 3039 aliter
1627 2983 1981 3055 exprimitur,
2002 2983 2117 3041 nisi

512 3088 610 3150 per
637 3073 825 3129 lumen
845 3081 900 3131 et
923 3089 1144 3148 corpus,
1168 3073 1348 3129 virtus
1363 3072 1414 3130 ei
1430 3072 1706 3130 Altissimi
1735 3071 2114 3142 obumbravit,

513 3161 645 3236 quia
670 3161 729 3219 in
758 3161 876 3235 ejus
889 3171 1047 3220 utero
1069 3163 1169 3219 lux
1193 3163 1517 3237 incorporea
1534 3178 1734 3236 corpus
1749 3162 2004 3236 sumpsit.
2033 3164 2118 3218 Ex

2217 1961 2444 2035 ejusque
2471 1962 2769 2035 imaginem
2808 1965 2963 2038 quasi
3004 1966 3255 2024 umbram
3301 1969 3653 2042 exprimunt,
3694 1969 3835 2027 dum

2219 2049 2337 2122 ejus
2363 2050 2423 2108 in
2459 2068 2517 2108 se
2560 2051 2784 2109 malitia
2825 2054 3248 2113 similitudinem
3278 2057 3531 2115 trahunt.
3565 2058 3682 2127 Qui
3712 2058 3837 2116 ele-

2219 2151 2337 2200 ctos
2364 2141 2464 2199 Dei
2491 2143 2767 2214 operiunt,
2788 2142 2924 2200 dum
2948 2153 3141 2202 contra
3160 2147 3288 2204 illos
3312 2147 3372 2204 in
3388 2149 3688 2206 atrocitate
3718 2166 3837 2222 per-

2220 2229 2518 2288 secutionis
2572 2231 2947 2304 temporaliter
2999 2236 3409 2294 convalescunt.
3469 2238 3592 2296 Hoc
3650 2246 3834 2295 autem

2221 2321 2343 2379 loco
2379 2319 2577 2378 umbra
2616 2323 2878 2396 nequitia
2922 2331 3114 2399 torpor
3157 2326 3450 2400 accipitur,
3497 2327 3561 2384 in
3590 2344 3708 2403 qua
3738 2328 3838 2385 iste

2221 2414 2526 2472 Behemotb
2554 2414 2782 2485 dormit,
2827 2417 2959 2490 quia
2999 2426 3194 2476 contra
3229 2419 3397 2478 corda
3422 2420 3707 2480 charitate
3735 2440 3839 2482 ca-

2221 2504 2393 2562 lentia
2419 2507 2441 2541 ⁸
2472 2505 2744 2564 sollicitus
2767 2507 2982 2580 vigilat,
3012 2507 3073 2564 in
3098 2508 3317 2583 frigidis
3331 2518 3518 2569 autem
3548 2511 3839 2570 mentibus

2221 2611 2448 2654 securus
2468 2595 2632 2669 jacet.
2662 2597 2916 2654 Dormire
2935 2599 3084 2655 enim
3106 2599 3163 2655 in
3192 2607 3517 2658 sanctorum
3547 2601 3840 2659 mentibus

2222 2704 2335 2745 non
2382 2695 2580 2760 potest,
2629 2687 2759 2761 quia
2798 2695 2854 2744 et
2898 2689 2945 2744 si
2989 2690 3210 2762 quando
3238 2707 3296 2748 se
3342 2690 3402 2746 in
3431 2689 3514 2747 eis
3560 2689 3637 2747 ad
3672 2689 3839 2748 breve

2223 2787 2565 2836 momentum
2594 2779 2848 2849 collocat,
2897 2781 3012 2853 ipse
3040 2797 3166 2837 eum
3212 2780 3622 2840 desideriorum
3664 2783 3842 2841 coele-

2223 2871 2392 2928 stium
2421 2879 2587 2928 astus
2615 2871 2826 2943 fatigat,
2854 2879 2909 2929 et
2937 2871 3094 2946 quasi
3120 2873 3284 2930 toties
3308 2881 3372 2931 ut
3398 2873 3629 2931 recedat
3644 2874 3839 2949 pungi-

2226 2971 2335 3031 tur,
2365 2963 2581 3037 quoties
2607 2963 2676 3020 ab
2704 2962 2783 3020 eis
2811 2979 2996 3020 amore
3025 2962 3315 3021 intimo-ad
3353 2972 3565 3022 aterna
3592 2965 3837 3040 suspira-

2224 3062 2335 3111 tur.
2366 3055 2552 3111 Tanta
2592 3070 2719 3111 eum
2759 3068 2923 3112 voces
2950 3056 3216 3126 excitant,
3250 3064 3471 3130 quanta
3498 3071 3574 3112 ex
3604 3055 3838 3112 illorum

2224 3146 2504 3203 mentibus
2544 3153 2745 3203 sancta
2790 3146 3152 3218 cogitationes
3197 3145 3267 3202 ad
3313 3147 3520 3203 coelum
3569 3147 3837 3204 clamant.

513 3235 625 3327 qua
653 3250 915 3309 videlicet
943 3235 1366 3310 obumbratione
1393 3268 1557 3308 omne
1585 3252 1645 3308 in
1685 3268 1742 3308 se
1771 3235 2113 3324 refrigerium

2232 3235 2387 3293 Unde
2415 3235 2479 3292 ﬁt
2493 3242 2555 3292 ut
2567 3235 2837 3292 bonarum
2857 3235 3139 3292 actionum
3168 3236 3339 3293 armis
3356 3235 3608 3306 territus,
3642 3252 3712 3293 ac
3741 3253 3843 3292 su-

513 3340 718 3400 mentis
761 3339 992 3413 accepit.
1038 3341 1282 3398 Rursum
1325 3355 1423 3412 per
1471 3339 1724 3396 umbram
1767 3356 1837 3397 ex
1883 3356 2119 3414 superna

513 3429 856 3506 protectione
912 3429 1262 3502 refrigerium
1312 3427 1496 3487 cordis
1551 3429 1908 3502 exprimitur,
1971 3429 2118 3487 sicut

514 3519 805 3578 Psalmista
825 3518 943 3577 ait:
977 3519 1085 3577 Sub
1109 3519 1299 3577 umbra
1325 3520 1544 3576 alarum
1573 3525 1789 3575 tuarum
1801 3525 2012 3592 protege
2039 3538 2120 3577 me

519 3607 694 3681 (Psal.
723 3626 842 3680 xvr,
871 3609 951 3683 8).
983 3609 1087 3667 Vel
1117 3608 1260 3667 sicut
1287 3624 1488 3682 sponsa
1513 3607 1575 3664 in
1601 3607 1845 3667 Canticis
1873 3610 2118 3666 cantico-

515 3712 640 3758 rum
684 3698 984 3759 adventum
1030 3699 1216 3774 sponsi
1254 3699 1569 3773 praestolata
1610 3699 1966 3772 pranuntiat,
2019 3699 2118 3756 di-

515 3805 679 3851 cens:
730 3789 838 3848 Sub
881 3789 1074 3846 umbra
1121 3789 1272 3846 illius
1302 3791 1322 3829 ι
1355 3805 1508 3861 quem
1557 3787 1980 3844 desideraveram
2009 3788 2120 3844 sedi

517 3878 705 3953 (Cant.
737 3897 803 3951 ιι,
828 3880 909 3954 3).
930 3881 1014 3938 Ac
1041 3879 1088 3937 si
1107 3879 1256 3938 dicat
1282 3897 1294 3936 :
1321 3879 1410 3936 Ab
1428 3888 1565 3937 aestu
1583 3878 1984 3936 desideriorum
2003 3892 2118 3936 car-

513 3969 726 4030 nalium
745 3971 849 4028 sub
869 3970 1138 4028 adventus
1157 3969 1312 4026 illius
1333 3970 1674 4044 protectione
1692 3968 1959 4042 requievi.
1982 3968 2117 4026 Bur-

513 4076 634 4118 sum
656 4076 754 4137 per
769 4061 1022 4120 umbram
1053 4059 1340 4119 recedente
1367 4059 1659 4129 charitate,
1688 4065 1878 4132 torpor
1903 4057 2118 4132 frigida

513 4149 716 4211 mentis
759 4149 1112 4226 exprimitur,
1157 4148 1303 4208 sicut
1335 4149 1405 4206 de
1433 4156 1693 4223 peccante
1721 4147 1947 4206 homine
1972 4147 2121 4205 scri-

512 4247 671 4314 ptum
697 4247 801 4308 est,
827 4239 959 4313 quia
985 4245 1206 4296 secutus
1234 4246 1318 4296 est
1345 4236 1599 4297 umbram
1626 4238 1842 4309 (Gsnes.
1874 4235 1986 4311 In).
2020 4235 2122 4294 Ca-

515 4327 689 4386 lorem
718 4326 869 4385 enim
898 4327 1185 4386 charitatis
1210 4327 1450 4400 fugiens,
1481 4325 1735 4384 veritatis
1757 4325 1930 4383 solem
1950 4324 2118 4383 homo

515 4416 781 4486 deseruit,
808 4423 863 4474 et
890 4415 994 4475 sub
1019 4415 1218 4473 umbra
1244 4431 1302 4473 se
1329 4414 1534 4473 interni
1563 4414 1788 4488 frigoris
1806 4413 2110 4472 abscondit.

515 4507 674 4569 Unde
701 4515 758 4565 et
783 4523 918 4566 voce
945 4505 1190 4580 ejusdem
1232 4505 1498 4566 Veritatis
1524 4504 1767 4564 dicitur:
1802 4505 1825 4542 ³
1850 4505 2120 4563 Abunda-

517 4598 592 4657 bit
616 4598 897 4670 iniquitas,
923 4603 972 4654 et
996 4596 1295 4670 refrigescet
1322 4597 1555 4653 charitas
1581 4597 1873 4654 multorum
1903 4595 2115 4668 (Matth.

515 4706 678 4760 ΠΝ,
709 4689 824 4762 12).
872 4687 1027 4748 Unde
1074 4691 1265 4753 1078
1305 4686 1518 4763 primus
1546 4687 1715 4746 homo
1742 4695 1868 4762 post
1901 4687 2119 4760 culpam

517 4786 663 4846 inter
693 4787 920 4846 arbores
947 4786 1190 4862 paradisi
1223 4786 1293 4845 ad
1317 4802 1506 4843 auram
1525 4793 1650 4860 post
1669 4784 1958 4842 meridiem
1985 4783 2122 4840 abs-

515 4892 717 4937 census
741 4876 1030 4936 invenitur
1058 4877 1267 4951 (Genes.
1300 4893 1384 4945 III,
1417 4876 1499 4948 8).
1532 4874 1675 4944 Quia
1691 4873 1843 4932 enim
1862 4871 2120 4930 meridia-

514 4984 650 5028 num
677 4966 966 5028 charitatis
995 4967 1236 5024 calorem
1265 4963 1601 5038 perdiderat,
1626 4961 1743 5036 jam
1771 4962 1877 5021 sub
1904 4961 2122 5036 peccati

514 5059 711 5118 umbra
737 5057 895 5134 quasi
924 5056 1028 5115 sub
1054 5055 1260 5129 frigore
1291 5069 1439 5112 aura
1467 5051 1738 5126 torpebat.

584 5149 638 5206 6.
663 5149 891 5207 Satanas
908 5146 969 5202 in
985 5146 1069 5202 his
1087 5161 1223 5218 quos
1239 5143 1469 5216 frigidos
1485 5140 1638 5214 facit,
1667 5139 1828 5212 facile
1853 5141 2010 5212 quasi
2027 5141 2121 5196 sub

520 5237 705 5295 umbra
730 5235 1026 5311 requiescit.
1057 5235 1126 5292 In
1149 5232 1265 5290 illis
1291 5247 1506 5288 securus
1525 5229 1686 5302 jacet.
1715 5258 1789 5273 —
1815 5230 1925 5288 Iste
1952 5229 2123 5302 igitur

598 5469 613 5504 ¹
645 5468 868 5536 Pratel.,
897 5485 1047 5538 quem
1075 5466 1457 5538 desiderabam.
1503 5462 1699 5533 Laud.,
1730 5479 1885 5533 quam
1917 5462 2125 5519 deside-

526 5538 660 5594 ravi.
693 5538 816 5595 Val.
849 5537 958 5606 GL,
990 5554 1142 5606 quem
1164 5537 1478 5593 desideravi.

595 5611 616 5686 ξ
645 5609 818 5686 baud.
849 5615 904 5686 et
938 5605 1085 5676 ψη,
1116 5608 1197 5667 Cl.
1226 5607 1583 5686 abundavit...
1615 5605 1928 5686 tlefrigescit.
1996 5675 2005 5686 .
2072 5676 2080 5685 .

598 5681 619 5716 ³
647 5679 801 5736 Editi
820 5679 986 5736 etiam
1009 5686 1116 5734 vet.
1138 5696 1265 5735 cum
1285 5679 1452 5736 duob.
1473 5680 1598 5734 Mss.
1619 5678 1828 5747 Germ.,
1849 5678 2124 5749 oppi'imit.

525 5752 596 5808 Et
627 5749 896 5809 inferius:
936 5750 1128 5805 umbra
1171 5767 1252 5805 eos
1293 5750 1479 5805 mortis
1505 5749 1777 5820 apprimit.
1809 5746 2125 5820 Le'gendum

525 5838 638 5896 esse
681 5823 852 5895 operit
890 5820 1249 5896 persuadetur
1283 5827 1402 5876 tum
1431 5836 1502 5874 ex
1546 5820 1937 5896 sacra__Script.
1972 5825 2127 5896 testu

527 5889 782 5962 adducto,
835 5889 1192 5962 et'cooperuit
1243 5907 1376 5958 nos;
1425 5897 1543 5945 tum
1591 5907 1660 5945 ex
1705 5891 1832 5947 Mss.
1861 5889 2124 5963 'Anglic.,

2225 3325 2521 3400 spiriorum
2576 3326 2804 3398 spiculis
2851 3342 3139 3399 percussus
3192 3325 3388 3400 fugiat,
3443 3333 3498 3382 et
3551 3325 3624 3383 ad
3673 3326 3839 3384 corda

2224 3415 2814 3488 reproborumfrigida
2839 3414 3078 3484 rediens,
3107 3430 3229 3472 eam
3257 3431 3423 3489 quam
3447 3431 3685 3472 securus
3714 3431 3839 3488 pos-

2224 3506 2398 3563 sideat
2426 3505 2649 3563 malitia
2678 3505 2931 3562 umbram
2960 3512 3187 3579 quaret.
3217 3505 3350 3574 Qua
3378 3505 3477 3562 ubi
3504 3504 3576 3562 ab
3600 3505 3708 3562 illo
3742 3506 3840 3562 in-

2225 3595 2481 3653 veniatur
2506 3595 2834 3665 ostenditur,
2883 3610 3010 3654 cum
3049 3594 3304 3669 protinus
3347 3594 3739 3652 subinfertur:
3775 3597 3837 3654 In

2225 3691 2416 3742 secreto
2445 3686 2657 3742 calami.

2299 3777 2438 3852 [νει.
2488 3777 2613 3852 1ν.]
2647 3777 2698 3834 7.
2733 3775 2944 3834 Calami
2965 3781 3015 3832 et
3039 3775 3325 3834 arundinis
3357 3774 3527 3831 varia
3552 3775 3842 3848 significa-

2227 3864 2390 3920 tiones
2418 3863 2477 3918 in
2502 3879 2659 3919 sacra
2688 3863 2988 3934 Scriptura.
3018 3890 3089 3904 --
3119 3860 3185 3919 In
3213 3877 3367 3919 sacro
3385 3860 3612 3934 eloquio
3632 3861 3839 3918 calami

2226 3953 2314 4009 vel
2329 3952 2618 4009 arundinis
2629 3952 2997 4024 appellatione
3011 3950 3312 4026 aliquando
3330 3950 3565 4009 verbum
3581 3965 3839 4017 manens,

2226 4043 2525 4116 aliquando
2574 4042 2863 4099 doctorum
2918 4041 3139 4114 peritia,
3194 4039 3496 4114 aliquando
3549 4039 3842 4097 mobilitas

2227 4134 2450 4202 mentis,
2478 4131 2778 4208 aliquando
2805 4131 2956 4189 nitor
2985 4130 3175 4205 gloria
3193 4130 3517 4204 temporalis
3536 4128 3838 4203 accipitur.

2224 4225 2615 4282 Per‘calamum
2630 4223 2832 4298 quippe
2852 4222 3020 4281 Verbi
3038 4223 3317 4280 aternitas
3332 4221 3678 4296 designatur,
3710 4237 3841 4279 cum

2225 4331 2360 4372 voce
2386 4315 2563 4373 Patris
2586 4331 2682 4388 per
2713 4313 3059 4371 Psalmistam
3087 4311 3294 4372 dicitur
3316 4331 3332 4370 :
3357 4313 3571 4386 Lingua
3591 4328 3717 4369 mea
3741 4329 3843 4368 ca-

2228 4405 2399 4461 lamus
2425 4405 2608 4461 seriba
2631 4405 2875 4461 uelociter
2900 4404 3173 4462 scribentis
3202 4403 3377 4477 (Psal.
3405 4416 3564 4471 mv,
3592 4401 3681 4476 2).
3700 4402 3841 4471 Quia

2225 4497 2374 4554 enim
2393 4497 2543 4573 quod
2569 4499 2851 4573 loquimur
2868 4497 3087 4567 transit,
3107 4495 3258 4572 quod
3276 4496 3579 4556 scribimus
3608 4511 3841 4569 perma-

2230 4598 2344 4659 net,
2376 4589 2565 4662 lingua
2587 4588 2766 4646 Patris
2793 4587 2992 4647 scriba
3007 4588 3253 4645 calamus
3269 4587 3500 4656 dicitur,
3531 4586 3671 4661 quia
3689 4587 3763 4644 ab
3778 4604 3840 4645 eo

2232 4687 2315 4737 est
2340 4678 2587 4737 Verbum
2616 4679 2640 4717 °
2669 4677 2755 4735 illi
2778 4685 3136 4743 coaternum,
3164 4693 3230 4736 ac
3257 4676 3376 4733 sine
3404 4675 3652 4733 transitu
3681 4692 3837 4750 gene-

2227 4776 2428 4826 ratum.
2455 4769 2694 4826 Rursum
2741 4782 2840 4840 per
2879 4766 3154 4823 calamum
3202 4765 3538 4838 scriptorum
3582 4765 3837 4825 doctrina

2228 4859 2583 4933 exprimitur,
2612 4857 2757 4915 sicut
2783 4855 2851 4912 de
2879 4862 3068 4913 sancta
3091 4853 3343 4911 Ecclesia
3371 4853 3649 4928 propheta
3679 4855 3836 4929 polli-

2228 4957 2402 5018 cetur,
2446 4946 2634 5005 dicens
2658 4962 2670 5002 :
2703 4947 2772 5003 In
2796 4945 3054 5000 cubilibus
3081 4943 3141 4999 in
3166 4943 3360 5016 quibus
3384 4943 3647 5001 dracones
3681 4946 3837 5019 prius

2228 5037 2555 5107 habitabant,
2585 5035 2788 5092 orietur
2811 5035 2964 5090 uiror
2987 5031 3186 5090 calami
3210 5037 3260 5087 et
3276 5031 3435 5104 junci
3448 5033 3622 5103 (Isai.
3654 5050 3835 5102 xxxv,

2231 5129 2310 5201 7).
2343 5127 2463 5196 Qua
2487 5125 2756 5183 nimirum
2777 5122 3071 5193 sententia,
3096 5121 3242 5180 sicut
3257 5120 3317 5178 in
3344 5120 3452 5180 hoc
3484 5139 3654 5195 opere
3680 5122 3834 5196 longe

2230 5214 2482 5291 superius
2509 5214 2756 5272 diximus
2789 5214 2946 5288 (Sup.
2981 5211 3072 5270 lib.
3104 5226 3267 5279 XXIX,
3298 5227 3356 5268 n.
3401 5211 3524 5284 51),
3556 5229 3657 5287 per
3687 5213 3836 5271 cala-

2230 5460 2444 5525 Norm.,
2476 5455 2736 5523 Vindoc.,
2765 5462 2872 5512 etc.

2305 5532 2325 5565 ’θ
2355 5526 2529 5584 Laud.
2556 5535 2610 5584 et
2640 5527 2761 5583 Val.
2787 5527 2897 5594 CL,
2927 5543 3115 5583 nomen
3144 5527 3310 5582 illius.

2303 5601 2325 5636 ⁵
2356 5600 2576 5657 Ebroic.
2609 5598 2813 5671 aliique
2839 5599 3056 5667 Norm.,
3085 5598 3458 5654 sollicitius....
3483 5599 3732 5655 securius
3740 5597 3834 5670 ja-

2235 5678 2328 5780 m5
2357 5744 2588 5810 Turon.,
2634 5741 2834 5812 Laud.,
2866 5742 3055 5798 No'rm.
3101 5748 3157 5798 et
3197 5740 3411 5810 Germ.,
3458 5742 3644 5800 illius.
3677 5742 3828 5803 Corb.

2234 5816 2443 5886 Germ.,
2473 5816 2599 5888 quia
2627 5815 2694 5870 ab
2713 5832 2769 5871 eo
2797 5814 3011 5870 verbum
3037 5813 3253 5869 illius...
3283 5820 3598 5884 generatur.
