3936 6376
100 622 253 671 certe
273 618 626 690 arundinem,
673 626 876 681 mentis
905 629 1187 688 mobilitas
1217 633 1554 708 designatur,
1585 642 1728 699 sicut

104 704 428 763 Iudaeorum
452 709 632 767 turbis
648 711 707 768 in
733 714 963 774 Joannis
984 719 1147 776 laude
1175 738 1207 777 a
1227 704 1468 782 Domino
1484 704 1691 786 dicitur
1711 749 1723 788 :

103 795 255 863 Quid
281 798 469 855 existis
488 802 545 856 in
573 802 831 861 desertum
852 809 1027 865 videre
1046 813 1074 867 ?
1102 816 1419 873 arundinem
1441 827 1589 877 vento
1616 825 1726 895 agi-

106 891 278 942 tatam
311 888 529 959 (Matth.
564 908 646 963 x1,
681 895 735 966 7)
771 896 800 952 7
826 906 888 954 ut
910 899 1171 960 videlicet
1205 911 1432 970 1079*
1461 888 1725 969 subintel-

106 980 319 1053 ligatur
350 1001 483 1042 non.
530 987 768 1079 Joannes
822 996 1025 1069 quippe
1073 1002 1286 1059 arundo
1332 1014 1499 1062 vento
1528 1008 1728 1079 agitata

106 1088 222 1128 non
251 1082 388 1144 erat,
423 1077 553 1149 quia
600 1078 720 1151 ejus
751 1092 991 1141 mentem
1024 1088 1237 1160 Spiritu
1272 1104 1464 1153 sancto
1493 1077 1725 1154 solidam

106 1177 206 1233 per
228 1162 477 1221 diversas
508 1175 691 1239 partes
724 1174 913 1231 nullus
944 1176 1258 1249 linguarum
1290 1172 1452 1241 ﬂatus
1482 1186 1727 1243 inclina-

106 1250 222 1308 bat.
253 1253 496 1310 Rursum
530 1273 626 1327 per
656 1260 929 1319 calamum
961 1269 1048 1322 vel
1077 1271 1408 1329 arundinem
1442 1275 1591 1331 nitor
1613 1278 1723 1349 glo-

106 1341 203 1397 riae
239 1344 560 1415 temporalis
574 1351 929 1421 exprimitur,
946 1355 1091 1413 sicut
1117 1358 1185 1414 de
1198 1358 1367 1431 justis
1380 1378 1476 1435 per
1504 1341 1723 1437 Sapien-

104 1431 242 1487 tiam
264 1432 473 1489 dicitur
501 1452 512 1491 :
548 1437 846 1508 Fulgebunt
868 1442 1030 1513 justi,
1065 1453 1113 1501 et
1138 1431 1397 1519 tanquam
1412 1431 1653 1509 scintilla:
1667 1455 1725 1509 in

102 1523 426 1579 arundinem
442 1524 1011 1602 discurrent(Sap.m,
1038 1535 1115 1607 7).
1140 1538 1551 1599 Arundinetum
1572 1561 1723 1600 nam-

104 1627 213 1683 que
233 1612 407 1668 vitam
433 1616 784 1673 saecularium
808 1623 1066 1693 appellat,
1093 1627 1187 1697 qui
1206 1644 1357 1684 more
1388 1632 1724 1691 arundinum

103 1716 204 1772 per
252 1704 616 1774 temporalem
662 1707 894 1779 gloriam
939 1713 1076 1769 foris
1123 1718 1279 1788 quasi
1309 1719 1377 1774 ad
1420 1721 1529 1777 alta
1562 1723 1723 1794 proﬁ-

104 1791 289 1860 ciunt,
327 1792 421 1848 sed
468 1794 621 1851 intus
668 1813 699 1852 a
742 1800 1022 1858 soliditate
1071 1807 1324 1864 veritatis
1372 1791 1718 1870 inanescunt.

106 1881 269 1938 Unde
299 1892 353 1939 et
381 1885 701 1943 Iudaeorum
730 1906 961 1963 regnum
984 1896 1196 1953 calamo
1212 1911 1576 1972 comparatur,
1595 1920 1721 1960 cum

106 1987 205 2043 per
232 1974 556 2046 prophetam
588 1990 888 2052 apparente
929 1985 988 2040 in
1010 1988 1243 2044 veritate
1275 1991 1456 2048 carnis
1484 1994 1721 2051 Domino

104 2061 351 2119 dicitur:
391 2064 672 2124 Calamam
703 2080 1016 2141 quassatum
1041 2077 1063 2111 ²
1094 2095 1201 2133 non
1223 2080 1537 2153 confringet,
1568 2090 1615 2137 et
1643 2085 1718 2139 li-

104 2170 237 2209 num
262 2154 538 2228 fumigans
580 2177 688 2216 non
736 2166 1035 2238 exstinguet
1076 2168 1238 2240 (Isai.
1273 2188 1412 2240 XLII,
1452 2174 1529 2245 3).
1576 2174 1720 2242 Quid

112 2243 264 2299 enim
297 2247 498 2302 calami
527 2250 775 2318 nomine,
817 2256 926 2310 nisi
958 2257 1174 2315 Iudaici
1204 2262 1394 2333 populi
1423 2264 1719 2335 temporale

104 2350 341 2406 regnum
370 2336 685 2410 denuntiat,
711 2345 731 2377 ³
753 2344 941 2401 nitens
971 2348 1195 2420 quidem
1225 2351 1487 2420 exterius,
1513 2354 1607 2409 scd
1636 2354 1717 2409 in-

104 2424 282 2481 terius
312 2441 547 2484 vacuum
579 2430 606 2486 ?
624 2432 697 2488 Et
726 2434 856 2505 quia
882 2436 941 2491 in
972 2438 1165 2493 eodem
1184 2441 1389 2512 populo
1411 2458 1579 2513 genus
1601 2442 1716 2514 jam

104 2514 287 2584 regale
318 2514 616 2588 defecerat,
648 2528 702 2576 et
722 2539 953 2594 regnum
980 2526 1101 2597 ejus
1125 2529 1434 2601 alienigena
1463 2533 1719 2602 posside-

105 2601 222 2670 bat,
248 2612 373 2674 apte
405 2604 512 2664 hoc
540 2607 689 2665 idem
714 2628 944 2684 regnum
973 2616 1245 2673 calamum
1274 2601 1592 2690 quassatum
1624 2639 1716 2678 vo-

109 2698 219 2748 cat.
254 2692 403 2760 Quid
432 2712 564 2752 vero
593 2714 689 2769 per
710 2701 909 2772 linum,
943 2706 1053 2761 nisi
1083 2706 1200 2777 ejus
1226 2710 1593 2767 sacerdotium
1624 2730 1715 2768 ex-

106 2780 401 2852 primitur,
436 2787 585 2856 quod
627 2790 791 2847 lineis
819 2794 1086 2852 nimirum
1118 2800 1367 2855 vestibus
1406 2803 1663 2858 utebatur
1690 2805 1717 2859 ?

104 2870 267 2937 Quod
292 2872 424 2943 quia
439 2875 497 2929 in
518 2875 761 2941 adventu
780 2882 1006 2939 Domini
1028 2885 1314 2943 charitatis
1332 2890 1582 2946 ardorem
1601 2908 1717 2962 per-

103 2958 274 3028 didit,
309 2964 468 3033 quasi
516 2967 717 3022 amisso
751 2968 866 3041 jam
898 2972 1022 3045 igne
1051 2976 1202 3044 ﬁdei,
1233 2994 1344 3033 non
1374 2980 1590 3049 ardens,
1624 2982 1717 3037 sed

102 3048 389 3122 fumigans
418 3052 543 3110 fuit.
580 3056 903 3116 Incarnatus
932 3070 1115 3119 autem
1146 3066 1416 3124 Dominus
1446 3070 1717 3125 calamum

103 3149 429 3213 quassatum
459 3159 575 3198 non
605 3148 898 3221 confregit,
920 3153 1165 3209 etlinum
1194 3156 1471 3229 fumigans
1490 3175 1602 3214 non
1626 3175 1719 3214 ex-

107 3231 333 3300 stinxit,
367 3233 496 3304 quia
515 3234 716 3294 Iudaeae
744 3256 993 3312 regnum,
1030 3245 1177 3316 quod
1212 3263 1348 3318 pene
1378 3249 1718 3306 destructum

109 3319 233 3392 jam
266 3321 466 3392 fuerat,
509 3324 739 3399 ejusque
786 3332 1152 3389 sacerdotium
1186 3337 1334 3408 quod
1382 3338 1564 3410 ignem
1593 3339 1724 3395 ﬁdei

110 3426 228 3466 non
260 3412 502 3483 tenebat,
535 3432 646 3471 non
676 3427 941 3489 potestate
965 3421 1167 3494 judicii
1187 3426 1445 3497 perculit,
1478 3425 1573 3483 sed
1596 3441 1723 3484 cum

118 3503 405 3574 patientiae
435 3506 852 3580 longanimitate
890 3514 1169 3571 toleravit.
1207 3571 1218 3581 ,

188 3647 244 3705 8.
295 3649 491 3709 Mentes
547 3656 889 3712 saecularium
944 3660 1133 3730 gloriw
1189 3660 1469 3734 temporali
1516 3663 1724 3732 dedita,

113 3740 381 3796 arundini
409 3742 626 3801 similes.
658 3775 728 3788 —
757 3747 872 3804 Hoc
901 3764 1029 3821 ergo
1060 3751 1181 3806 loco
1202 3751 1337 3824 quid
1364 3752 1516 3808 aliud
1538 3755 1724 3826 appel-

113 3831 325 3887 latione
366 3833 591 3904 calami,
640 3835 749 3894 nisi
797 3848 1009 3895 mentes
1050 3841 1397 3897 saecularium
1433 3844 1724 3914 temporali

112 3921 308 3993 gloriae
336 3920 538 3980 deditee
568 3923 927 3998 designantur
955 3928 983 3985 ‘l
1023 3929 1129 3997 Qui
1159 3938 1312 3986 tanto
1341 3930 1487 4003 apud
1513 3940 1724 3989 semet-

114 4011 269 4082 ipsos
301 4011 457 4070 intus
487 4014 836 4086 inanescunt,
862 4026 1067 4091 quanto
1083 4020 1182 4076 alti
1212 4029 1265 4077 et
1293 4022 1456 4077 nitidi
1482 4023 1725 4079 exterius

110 4101 513 4173 ostenduntur,
552 4106 682 4177 quia
724 4106 856 4164 dum
904 4109 972 4165 ad
1013 4110 1341 4166 exteriorem
1371 4111 1598 4182 gloriam
1629 4128 1725 4185 per

116 4190 472 4262 superﬁciem
513 4193 785 4266 deﬂuunt,
823 4197 977 4255 nulla
1000 4199 1150 4255 intus
1183 4199 1441 4256 ﬁrmitate
1470 4201 1724 4256 solidan-

116 4289 227 4338 tur.
264 4283 418 4340 More
449 4285 652 4357 quippe
684 4288 884 4344 calami
910 4289 1061 4347 intus
1089 4298 1218 4347 sunt
1254 4291 1476 4364 quidem
1504 4307 1599 4364 per
1632 4291 1725 4347 fa-

111 4370 377 4428 tuitatem
414 4373 597 4442 vacui,
631 4375 724 4431 sed
754 4376 890 4432 foris
918 4393 1013 4449 per
1042 4379 1279 4450 speciem
1309 4388 1363 4435 et
1392 4381 1725 4438 ostentatio—

112 4476 241 4516 nem
273 4461 497 4533 pulchri
522 4480 535 4529 ;
570 4463 667 4520 sed
695 4473 900 4538 quanto
931 4466 999 4522 ab
1028 4468 1106 4523 eis
1133 4469 1376 4526 exterior
1410 4469 1585 4541 gloria
1613 4478 1723 4527 stu-

894 329 1270 390 MUBALIUM
1306 335 1440 393 LIB.
1483 339 1743 400 XXXIII.
1787 378 1853 387 -—
1894 351 1961 406 IN
2002 354 2227 412 (IAI’U'I‘
2266 362 2361 416 XL
2404 364 2463 418 Β.
2505 366 2647 422 JOB.

1836 652 2089 723 vincunt,
2120 656 2178 712 in
2209 657 2314 716 hoc
2341 661 2489 732 quod
2519 663 2623 736 ipsi
2666 666 2901 727 interius
2932 677 3095 732 vacui
3124 640 3429 753 remanent:

1836 742 2020 840 locum
2051 746 2355 806 Behemoth
2405 753 2518 823 isti,
2551 756 2647 812 ubi
2683 760 2829 832 apud
2858 779 2916 820 se
2962 769 3302 840 requiescere
3329 742 3438 830 de;

1835 830 2267 931 beat,.praebent:
2301 840 2439 915 [Vet.
2473 844 2558 919 V.]
2592 830 2745 905 Unde
2776 858 2830 906 et
2851 853 2909 909 in
2924 830 3231 931 Evangelio
3248 863 3435 919 Domi-

1835 937 1939 978 nus
1969 924 2105 981 dicit
2125 929 2272 1000 quod
2301 932 2531 1002 spiritus
2559 938 2750 995 exiens
2800 942 2896 1014 qui
2928 943 2986 1000 in
3019 924 3155 1003 locis
3182 950 3353 1007 aridis
3383 960 3437 1011 et

1836 1010 2116 1085 inaquosis
2144 1020 2389 1091 requiem
2435 1040 2547 1079 non
2581 1026 2818 1101 invenit,
2851 1030 2983 1105 quia
3013 1035 3239 1095 domum
3274 1056 3435 1113 quam

1835 1104 2130 1177 reliquerat
2147 1123 2375 1164 vacuam
2393 1113 2680 1188 scopisque
2711 1104 3035 1179 mundatam
3052 1130 3276 1200 reperit,
3289 1104 3437 1189 hanc

1834 1195 2198 1267 multiplicior
2225 1198 2456 1257 intravit
2488 1205 2701 1276 (Matth.
2725 1224 2824 1280 xu,
2844 1211 2932 1283 43,
2958 1195 3273 1290 εριι.).-Οιιίεί
3288 1222 3435 1278 enim

1834 1280 1985 1337 ﬂuxa
2027 1283 2089 1339 ﬁt
2135 1293 2279 1343 terra
2329 1307 2447 1362 quae
2484 1293 2818 1368 infunditur,
2876 1280 3247 1363 loca-arentia
3275 1318 3437 1383 atque

1834 1370 2098 1445 inaquosa
2126 1386 2255 1433 sunt
2297 1382 2461 1437 corda
2484 1381 2785 1459 justorum,
2835 1407 2956 1463 qua;
2998 1411 3095 1466 per
3124 1370 3435 1470 disciplinae

1833 1460 2217 1522 fortitudinem
2247 1468 2316 1523 ab
2346 1473 2499 1526 omni
2543 1478 2782 1534 carnalis
2828 1460 3289 1555 concupiscentiae
3321 1486 3438 1543 hu-

1835 1568 1984 1608 more
2008 1555 2304 1614 siccantur.
2340 1559 2492 1618 Unde
2536 1562 2629 1621 hic
2659 1584 2875 1641 quoque
2907 1570 3089 1627 adhuc
3127 1573 3222 1628 ubi
3252 1573 3437 1632 Behe-

1835 1643 1989 1697 moth
2018 1645 2118 1700 iste
2148 1646 2406 1718 dormiat,
2439 1651 2870 1727 demonstratur,
2890 1676 3015 1716 cum
3037 1663 3290 1733 protinus
3310 1663 3433 1720 sub-

1833 1730 1984 1787 ditur
2017 1751 2027 1788 :
2055 1736 2121 1789 In
2152 1738 2276 1791 locis
2300 1739 2648 1800 humentibus.

1920 1829 2108 1885 1080
2140 1827 2193 1881 9.
2231 1827 2491 1884 Carnales
2517 1832 2766 1903 flamines
2797 1836 2923 1892 locis
2954 1838 3187 1894 humidis
3216 1840 3432 1899 similes.

1831 1921 2091 1977 Diabolus
2111 1923 2407 1981 hominibus
2416 1946 2516 1999 per
2534 1932 2812 1988 elationem
2834 1936 2915 1990 vel
2928 1953 3031 2008 per
3053 1938 3327 1994 luxuriant
3347 1939 3435 1994 do-

1831 2012 2090 2070 minatur.
2122 2044 2193 2056 —
2220 2015 2365 2073 Loca
2410 2019 2559 2074 enim
2607 2020 2899 2080 humentia
2926 2033 3057 2082 sunt
3083 2034 3429 2085 terrenorum

1832 2109 2129 2169 hominum
2149 2122 2383 2184 mentes,
2403 2133 2536 2189 quas
2558 2117 2761 2177 humor
2784 2123 3022 2181 carnalis
3047 2126 3436 2198 concupiscen-

1830 2203 1942 2272 tiae,
1977 2204 2105 2277 quia
2135 2207 2330 2277 replet,
2360 2206 2560 2265 ﬂuidas
2589 2210 2741 2269 facit.
2792 2215 2855 2270 In
2884 2216 3086 2289 quibus
3130 2216 3436 2274 Behemoth

1830 2295 1933 2350 istc
1964 2295 2280 2368 iniquitatis
2330 2292 2449 2354 suae
2471 2302 2704 2373 vestigia
2744 2310 2897 2360 tanto
2939 2306 3106 2363 altius
3142 2306 3435 2379 imprimit,

1830 2392 2036 2457 quanto
2066 2387 2125 2440 in
2146 2385 2353 2443 eisdem
2374 2390 2653 2447 mentibus
2676 2394 2698 2427 ⁶
2718 2397 3092 2465 pertransitus
3113 2397 3266 2454 illius
3281 2397 3437 2470 quasi

1830 2477 1888 2531 in
1918 2476 2070 2533 ﬂuxa
2082 2484 2227 2533 terra
2242 2478 2544 2538 descendit.
2576 2483 2721 2540 Loca
2748 2487 2952 2560 quippe
2982 2488 3273 2546 humentia
3306 2498 3437 2547 sunt

1829 2583 1994 2638 opera
2030 2568 2381 2641 voluptuosa.
2426 2573 2526 2628 Pes
2577 2575 2780 2648 quippe
2828 2577 2901 2633 in"
2945 2578 3101 2634 arida
3140 2586 3287 2635 terra
3324 2595 3435 2634 non

1832 2659 2056 2729 labitur,
2085 2660 2234 2718 ﬁxus
2278 2680 2408 2720 vero
2453 2665 2510 2720 in
2554 2666 2769 2723 lubrica
2798 2669 2897 2724 vix
2940 2676 3177 2727 tenetur.
3208 2672 3270 2727 In
3300 2670 3436 2727 locis

1830 2768 1957 2823 ergo
1987 2750 2348 2810 humentibus
2378 2756 2483 2811 iter
2502 2757 2630 2813 vitae
2660 2762 2949 2831 przesentis
2979 2762 3212 2823 faciunt.
3249 2762 3344 2834 qui
3374 2761 3433 2817 in

1830 2839 1931 2895 hac
1961 2840 2029 2895 ad
2050 2840 2325 2912 justitiam
2357 2846 2492 2901 recti
2519 2854 2661 2903 stare
2691 2865 2803 2904 non
2825 2861 3083 2921 possunt.
3118 2853 3180 2907 In
3206 2851 3294 2907 his
3323 2852 3437 2907 ita—

1830 2945 1934 3000 que
1965 2930 2101 2984 locis
2128 2929 2488 2988 humentibus
2518 2934 2822 2993 Behemoth
2857 2939 3086 3009 dormit,
3118 2941 3247 3013 quia
3277 2942 3334 2998 in
3354 2958 3435 2998 re-

1830 3017 2127 3088 proborum
2167 3018 2459 3076 hominum
2502 3022 2716 3081 lubrica
2764 3028 3081 3098 operatione
3118 3029 3433 3100 requiescit.

1828 3108 2093 3164 Nonnulli
2114 3125 2245 3165 vero
2275 3110 2394 3167 loca
2424 3111 2732 3184 liumentia,
2766 3117 3016 3172 membra
3045 3118 3306 3189 genitalia
3330 3136 3435 3175 su-

1753 3218 1798 3281 c
1832 3198 2132 3269 spicantur.
2165 3200 2324 3267 Quod
2375 3202 2421 3257 si
2464 3201 2543 3259 ita
2583 3212 2682 3272 est,
2718 3206 2853 3279 quid
2896 3214 3082 3279 aperte
3111 3207 3266 3263 aliud
3296 3209 3435 3266 locis

1834 3290 2192 3347 humentibus
2223 3293 2330 3349 nisi
2360 3295 2584 3351 luxuria
2611 3296 2952 3369 designatur,
2990 3306 3053 3355 ut
3081 3309 3134 3356 et
3164 3317 3259 3373 per
3281 3302 3438 3359 cala-

1835 3397 1985 3437 mum
2014 3383 2187 3453 gloria
2216 3383 2506 3456 superbiai,
2537 3395 2591 3443 et
2622 3403 2717 3458 per
2747 3388 2869 3444 loca
2888 3388 3181 3445 humentia
3210 3391 3437 3448 luxuria

1833 3470 2082 3543 corporis
2125 3476 2468 3545 exprimatur
2491 3475 2519 3532 ?
2561 3477 2684 3533 Duo
2715 3477 2919 3551 quippe
2966 3478 3085 3536 haec
3114 3489 3243 3537 sunt
3270 3481 3429 3550 vitia,

1835 3578 1955 3634 quae
1986 3562 2231 3619 hnmano
2264 3565 2446 3636 generi
2492 3566 2813 3625 immaniter
2845 3570 3222 3640 dominantur,
3260 3588 3436 3628 unum

1834 3652 2093 3710 videlicet
2121 3653 2372 3725 spiritus,
2403 3662 2565 3729 atque
2595 3656 2749 3713 aliud
2777 3658 2979 3716 carnis.
3002 3661 3184 3718 Elatio
3200 3677 3438 3734 namque

1831 3743 2091 3815 spiritum
2113 3743 2293 3816 erigit,
2313 3744 2538 3802 luxuria
2557 3762 2780 3804 carnem
2810 3750 3134 3822 corrumpit.
3157 3751 3438 3823 Antiquus

1836 3831 2019 3903 itaque
2040 3830 2215 3887 hostis
2242 3832 2549 3890 humanum
2572 3852 2745 3907 genus
2765 3838 2852 3894 vel
2873 3855 2972 3911 per
2987 3839 3279 3897 elationem
3300 3856 3436 3912 pree-

1834 3921 2015 3992 cipue,
2048 3922 2134 3977 vel
2160 3938 2257 3992 per
2287 3922 2570 3981 luxuriam
2599 3941 2878 3997 premens,
2913 3928 2972 3983 in
3006 3937 3214 3985 secreto
3238 3929 3435 3986 calami

1833 4018 1995 4083 atque
2024 4010 2083 4066 in
2113 4010 2248 4067 locis
2289 4011 2655 4070 humentibus
2703 4015 2927 4086 dormit,
2980 4018 3110 4090 quia
3150 4017 3433 4074 hominem

1833 4098 2151 4156 damnatum
2181 4100 2285 4156 sub
2301 4100 2509 4157 ditione
2530 4120 2640 4160 suae
2672 4103 3069 4163 dominationis
3093 4116 3189 4164 aut
3208 4124 3303 4181 per
3328 4108 3436 4165 ela-

1833 4190 2041 4246 tionem
2069 4190 2317 4263 spiritus,
2353 4201 2446 4249 aut
2475 4211 2570 4267 per
2600 4195 2782 4253 carnis
2812 4199 3225 4271 corruptionem
3256 4207 3428 4258 tenet.

1833 4281 2106 4349 Quosdam
2139 4298 2268 4337 vero
2299 4282 2358 4337 in
2388 4291 2620 4357 utroque
2641 4286 2901 4358 possidet,
2928 4289 3059 4361 quia
3077 4306 3204 4346 cum
3225 4306 3317 4346 eos
3333 4306 3437 4346 su-

1832 4371 2035 4443 perbiaa
2063 4372 2290 4444 spiritus
2317 4374 2515 4443 elevat,
2547 4391 2579 4430 a
2609 4383 2825 4433 tumore
2854 4396 2966 4434 suae
3001 4379 3309 4436 altitudinis
3336 4397 3437 4441 nec

1833 4463 2162 4520 verecundia
2192 4465 2563 4537 corruptionis
2586 4465 2837 4524 inclinat.
2881 4469 2986 4525 Sed
3017 4471 3272 4543 nunquid
3300 4487 3432 4538 cou-

110 4550 328 4607 diosius
373 4553 662 4625 quatitur,
726 4564 880 4612 mmo
928 4573 1116 4614 eorum
1167 4559 1331 4616 corda
1378 4562 1722 4634 gravioribus
1748 4588 1798 4647 Β
1837 4562 1920 4610 tra
1948 4554 2050 4611 hos
2068 4554 2216 4610 intra
2243 4561 2487 4611 sanctam
2508 4557 2812 4613 Ecclesiam
2835 4559 3171 4617 incessanter
3190 4561 3436 4634 quotidie

111 4643 519 4715 cogitationum
572 4647 813 4704 stimulis
861 4649 1156 4721 agitantur.
1201 4652 1355 4709 Unde
1401 4662 1546 4710 recte
1574 4671 1726 4718 nunc

111 4733 425 4790 Behemoth
454 4736 559 4791 iste
578 4737 636 4792 in
661 4746 871 4796 secreto
892 4742 1087 4797 calami
1110 4740 1350 4799 dormire
1380 4746 1719 4818 perhibetur,

111 4826 246 4898 quia
276 4844 512 4901 quorum
548 4829 731 4887 studia
756 4831 824 4888 ad
855 4833 1159 4905 appetitum
1180 4838 1497 4908 temporalis
1527 4837 1723 4894 nitoris

111 4922 279 4987 atque
312 4917 632 4976 altitudinis
671 4931 1007 4992 commovet,
1036 4925 1056 4959 ‘
1086 4941 1275 4980 eorum
1323 4926 1489 4983 corda
1526 4928 1725 4984 tacitus

110 5013 265 5062 tenet
296 5024 310 5074 ;
344 5015 399 5063 et
426 5010 581 5082 quasi
615 5010 729 5083 ipse
750 5011 829 5067 ibi
857 5012 1080 5086 quietus
1108 5013 1334 5083 dormit,
1360 5015 1457 5072 ubi
1476 5033 1568 5072 eos
1589 5032 1725 5089 quos

108 5095 361 5168 possidet
396 5100 677 5171 quiescere
710 5118 821 5158 non
865 5102 1155 5176 permittit.
1187 5105 1333 5160 Dum
1380 5105 1529 5162 enim
1569 5122 1725 5163 exce-

109 5183 243 5242 dere
271 5194 503 5245 caeteros
548 5190 568 5225 ⁵
614 5189 889 5249 bonorum
922 5193 1220 5253 altitudine
1267 5193 1537 5267 ambiunt,
1587 5195 1720 5254 dum

189 5408 207 5446 ¹
242 5409 453 5493 Germ.,
482 5411 656 5495 Laud.
687 5422 741 5471 et
769 5415 894 5474 Val.
927 5415 1034 5488 Cl.,
1057 5418 1486 5495 subintelligatur
1500 5438 1523 5488 ;
1555 5422 1717 5479 Joan-

107 5499 204 5538 nes
231 5484 426 5555 quippe
452 5487 684 5553 arundo,
707 5495 811 5544 etc.

185 5556 209 5630 ξ
239 5554 411 5630 Iidem
435 5563 494 5630 et
522 5556 687 5615 Corb.
713 5560 925 5630 Germ.,
942 5579 1048 5617 non
1075 5570 1320 5622 conteret.

186 5627 209 5661 ³
240 5627 357 5696 ΑΙ.,
390 5629 587 5713 virens,
618 5640 680 5712 ut
710 5627 918 5713 legitur
956 5634 1015 5688 in
1043 5636 1146 5713 _Ed.
1181 5638 1347 5693 etiam
1376 5638 1716 5713 antiquiori-

109 5698 238 5767 bus,
273 5715 387 5755 non
418 5707 601 5757 autem
633 5704 691 5758 in
720 5698 848 5760 Mss.
884 5706 1106 5765 nostris.

190 5772 211 5804 ⁴
235 5772 322 5853 ita
344 5773 666 5853 Mssuduq
683 5774 1175 5853 Germ.,_Anglic.,
1207 5781 1421 5851 Norm.,
1450 5782 1711 5853 Vindoc.,

107 5842 314 5913 Laud.,
347 5843 474 5903 Val.
506 5843 613 5914 CL,
641 5842 886 5920 LongipJ
904 5842 1059 5906 Editi
1090 5842 1239 5921 vero,
1263 5842 1445 5911 eorum
1463 5856 1625 5913 corda
1649 5842 1713 5913 te:

1833 4644 2102 4701 virtutum
2122 4646 2367 4718 magistri
2386 4662 2498 4702 non
2519 4646 2753 4719 vigilant
2774 4648 2800 4706 ?
2828 4650 3092 4723 Nunquid
3114 4650 3436 4722 redarguere

1832 4739 1851 4773 τ
1887 4739 2195 4809 voluptates
2227 4738 2467 4807 inﬁmas,
2512 4748 2566 4795 et
2586 4739 2812 4796 suadere
2832 4741 3032 4821 gaudia
3061 4742 3249 4814 patriae
3278 4744 3435 4799 coele-

1831 4828 1932 4883 stis
1951 4828 2203 4885 cessant“?
2234 4828 2340 4885 Sed
2372 4845 2671 4901 pravorum
2689 4838 2900 4887 mentes
2927 4838 3080 4887 tanto
3106 4831 3436 4890 obstinatius

1832 4936 2049 4977 summa
2072 4936 2185 4976 non
2218 4920 2472 4989 audiunt,
2505 4930 2711 4994 quanto
2739 4923 2947 4979 arctius
2976 4923 3185 4978 inﬁmis
3205 4922 3434 4979 inhaese-

1833 5017 1983 5067 runt.
2016 5010 2228 5078 Quibus
2256 5028 2433 5085 neque
2464 5011 2572 5070 hoc
2600 5012 2825 5082 suﬂicit,
2847 5020 2909 5068 ut
2936 5012 3042 5084 ipsi
3072 5021 3316 5084 pereant,
3338 5012 3433 5069 sed

1834 5101 2037 5167 adhuc,
2061 5100 2207 5175 quod
2234 5109 2316 5158 est
2344 5102 2604 5173 deterius,
2629 5120 2754 5160 cum
2773 5102 3047 5176 quoslibet
3066 5104 3223 5175 argui
3251 5119 3434 5160 emen-

1834 5190 2060 5266 darique
2089 5190 2456 5264 conspiciunt,
2496 5191 2774 5264 justorum
2821 5191 3288 5265 increpationibus
3324 5191 3434 5251 ob-

1824 5419 2011 5477 nacius
2044 5422 2192 5473 tenet.

1899 5494 1920 5527 ⁵
1951 5489 2147 5558 Laud.,
2177 5489 2286 5545 duo
2317 5488 2501 5545 Germ.
2540 5498 2593 5547 et
2613 5489 2735 5548 Val.
2768 5488 2877 5561 Cl.,
2900 5490 3180 5551 honorum.

1898 5566 1921 5600 δ
1950 5562 2208 5643 Ιλοηείρε,
2232 5579 2323 5635 pes
2346 5561 2634 5643 transitusL
2643 5563 2817 5631 Quam
2835 5564 3112 5643 diversam
3140 5568 3432 5627 lectionem

1825 5634 2113 5693 annotavit
2142 5634 2412 5692 Gussanv.
2446 5634 2588 5692 Huic
2609 5634 2797 5692 favent
2826 5639 3108 5712 sequentia
3135 5659 3147 5697 :
3172 5658 3267 5715 pes
3282 5643 3432 5714 quip-

1820 5726 1906 5781 pe,
1938 5718 2041 5766 etc.

1897 5784 1916 5816 ⁷
1947 5782 2133 5867 Turon
2162 5825 2177 5850 ,
2208 5782 2499 5854 voluptates
2514 5779 2778 5854 inﬁrmas.
2805 5781 2959 5842 Unus
2975 5784 3225 5852 Ebroic.,
3246 5786 3429 5867 volun-

1826 5858 1955 5912 tates
1984 5854 2218 5927 inﬁmas.
