3936 6400
471 355 576 412 675

470 561 622 617 ditur
653 575 665 614 :

935 671 1164 730 CAPUT
1192 669 1271 727 IV
1311 667 1455 742 [Rea
1489 669 1522 724 Ι
1529 665 1619 740 γ].

539 795 714 853 Vnus.
751 791 838 848 17.
869 821 940 832 -
969 792 1262 861 Protegunt
1288 787 1488 842 umbra:
1511 785 1753 840 umbram
1775 799 1908 853 ejus.

542 910 631 966 10.
677 907 884 965 Umbra:
923 912 1046 962 sunt
1087 904 1289 960 diaboli
1329 908 1624 974 peccatores
1652 899 1744 972 qui
1771 917 1824 956 se
1855 899 2076 954 invicem

466 1003 766 1072 protegunt.
811 995 1025 1054 Crimen
1053 994 1178 1049 dum
1206 991 1529 1063 defenditur,
1562 998 1802 1064 augetur.
1834 1023 1900 1034 —
1932 990 2077 1046 Um-

469 1088 582 1146 brae
601 1087 806 1162 quippe
835 1093 966 1142 sunt
981 1083 1210 1154 diaboli,
1233 1099 1424 1140 omnes
1445 1083 1621 1155 iniqui
1644 1100 1654 1138 :
1681 1082 1775 1156 qui
1797 1081 1930 1138 dum
1953 1078 2075 1136 imi-

470 1177 668 1234 tationi
707 1176 1026 1250 iniquitatis
1054 1173 1174 1247 ejus
1202 1174 1535 1242 inserviunt,
1555 1173 1708 1246 quasi
1729 1171 1798 1228 ab
1819 1169 1936 1242 ejus
1959 1187 2075 1228 cor-

472 1284 604 1341 pore
634 1265 894 1338 imaginis
921 1263 1161 1338 speciem
1190 1263 1440 1320 trahunt.
1473 1261 1628 1318 Sicut
1655 1268 1840 1318 autem
1867 1259 2075 1316 umbrae

473 1355 592 1430 ejus
619 1363 750 1412 sunt
780 1354 1072 1428 pluraliter
1099 1353 1342 1426 reprobi,
1393 1353 1469 1408 ita
1496 1351 1849 1424 singulariter
1881 1349 2078 1406 umbra

473 1445 590 1519 ejus
609 1453 692 1503 est
713 1445 1094 1518 unusquisque
1118 1451 1390 1515 peccator.
1415 1438 1526 1497 Sed
1541 1441 1673 1498 dum
1703 1439 1968 1496 doctrinas
1990 1437 2077 1510 ju-

473 1545 685 1594 storum
702 1535 836 1592 mali
856 1533 1264 1600 contradicunt,
1279 1531 1412 1587 dum
1433 1529 1502 1587 ab
1521 1529 1600 1585 eis
1617 1529 1871 1601 iniquum
1892 1543 2078 1600 quem-

477 1627 614 1684 libet
635 1626 837 1700 corrigi
863 1641 975 1682 non
997 1622 1347 1696 permittunt,
1368 1619 1578 1676 umbrae
1594 1616 1897 1674 Behemoth
1919 1615 2080 1673 istius

474 1715 729 1773 umbram
757 1715 878 1788 ejus
913 1720 1230 1787 protegunt,
1275 1711 1405 1784 quia
1446 1717 1758 1782 peccatores
1787 1707 1990 1782 quique
2021 1709 2078 1764 in

475 1821 587 1879 quo
609 1804 718 1861 sibi
741 1803 883 1860 male
904 1809 1034 1858 sunt
1053 1800 1284 1868 conscii,
1312 1799 1367 1854 in
1390 1815 1454 1854 eo
1483 1806 1536 1854 et
1565 1799 1734 1855 alium
1765 1804 2079 1870 peccantem

478 1891 804 1949 defendunt.
829 1891 1048 1948 Umbrae
1069 1889 1322 1945 umbram
1341 1887 1459 1959 ejus
1486 1895 1800 1960 protegunt,
1828 1887 1960 1942 dum
1991 1902 2080 1941 ne-

478 1981 877 2055 quissimorum
920 1979 1068 2036 facta
1116 1979 1406 2052 nequiores
1447 1977 1721 2050 perversis
1761 1973 2083 2048 patrociniis

479 2079 729 2128 tuentur.
753 2068 914 2138 Quod
946 2067 1052 2125 hoc
1080 2067 1348 2124 nimirum
1377 2067 1562 2124 studio
1589 2065 1822 2132 faciunt,
1853 2079 1921 2119 ne
1949 2061 2081 2118 dum

479 2162 646 2234 culpa
675 2161 735 2217 in
763 2177 871 2235 qua
890 2169 944 2216 et
963 2157 1072 2233 ipsi
1099 2157 1329 2230 obligati
1359 2164 1508 2226 sunt,
1540 2158 1596 2213 in
1619 2155 1744 2211 aliis
1765 2153 2080 2225 corrigitur,

479 2250 549 2308 ad
577 2251 726 2322 ipsos
757 2249 1086 2324 quandoque
1115 2247 1390 2306 veniatur.
1441 2247 1509 2304 Se
1534 2245 1703 2318 igitur
1727 2249 1921 2316 tegunt
1949 2242 2082 2298 dum

479 2339 617 2395 alios
664 2345 979 2412 protegunt,
1025 2338 1156 2412 quia
1201 2352 1358 2394 suam
1395 2335 1568 2390 vitam
1609 2331 1738 2388 inde
1779 2330 2084 2404 praevident

480 2428 695 2502 impeti,
712 2429 858 2484 unde
877 2427 1015 2484 alios
1029 2425 1384 2484 considerant
1403 2422 1578 2479 libera
1596 2419 1938 2492 correptione
1957 2435 2083 2476 con-

479 2520 662 2578 fundi.
696 2521 895 2594 Sicque
922 2519 987 2576 ﬁt
1016 2526 1079 2576 ut
1106 2533 1324 2575 summa
1350 2515 1648 2573 criminum
1679 2512 1811 2570 dum
1841 2511 2083 2568 defendi-

481 2621 574 2669 tur
587 2619 876 2684 augeatur,
901 2619 956 2666 et
975 2595 1415 2680 uniuscujusque
1439 2604 1688 2678 nequitia
1703 2620 1766 2660 eo
1789 2602 1860 2658 sit
1879 2601 1948 2658 ad
1966 2618 2084 2674 per-

479 2698 810 2771 petrandum
843 2698 1046 2766 facilis,
1069 2713 1177 2769 quo
1206 2695 1452 2754 difﬁcilis
1477 2693 1546 2750 ad
1576 2691 1939 2766 puniendum.
1962 2691 2084 2748 Sce-

481 2789 595 2844 lera
637 2788 842 2860 quippe
885 2788 1234 2861 peccantium
1282 2793 1434 2842 tanto
1489 2781 1700 2855 majora
1749 2784 2085 2840 incrementa

481 2877 818 2949 percipiunt,
858 2885 1065 2950 quanto
1105 2891 1200 2948 per
1242 2873 1616 2930 defensionem
1648 2871 1959 2944 potentium
1987 2871 2086 2927 diu

481 2965 664 3022 inulta
691 2967 1018 3022 tolerantur.
1043 2965 1148 3022 Sed
1183 2967 1366 3026 1081
1403 2963 1537 3018 tales
1557 2961 1761 3035 quique
1781 2977 1878 3017 seu
1905 2969 2082 3029 extra,

480 3077 577 3118 seu
608 3062 756 3118 intra
786 3070 1033 3120 sanctam
1055 3062 1360 3119 Ecclesiam
1391 3077 1509 3118 esse
1525 3060 1841 3128 videantur,
1861 3065 2086 3116 tantose

483 3155 497 3189 ¹
519 3169 617 3226 ape
631 3152 829 3209 rtiores
843 3152 945 3212 Dei
968 3152 1154 3209 hostes
1168 3151 1455 3219 exhibent,
1479 3158 1686 3224 quanto
1703 3148 1937 3220 majores
1956 3156 2085 3204 sunt

478 3243 693 3318 patroni
713 3243 1004 3298 vitiorum.
1033 3241 1242 3299 Contra
1266 3240 1424 3296 illum
1455 3240 1656 3312 quippe
1681 3239 1795 3295 suis
1814 3237 2082 3294 defensio-

477 3331 645 3389 nibus
673 3337 945 3403 pugnant,
977 3329 999 3364 ³
1028 3329 1119 3385 cui
1149 3345 1212 3384 ea
1241 3328 1555 3400 displicent,
1589 3344 1710 3400 quae
1739 3327 2082 3384 defendendo

479 3418 876 3492 multiplicant.
907 3416 1066 3484 Quod
1095 3417 1302 3472 factum
1332 3415 1470 3472 bene
1501 3431 1597 3488 per
1628 3415 1950 3488 prophetam
1977 3417 2083 3472 Do-

480 3513 668 3568 minus
687 3510 790 3567 sub
810 3510 1114 3582 Babylonis
1133 3509 1311 3582 specie
1332 3507 1630 3581 redarguit,
1647 3508 1865 3566 dicens:
1889 3509 2082 3568 Oriun-

481 3606 570 3656 tu-r
592 3600 650 3655 in
679 3599 920 3656 domibus
945 3598 1060 3669 ejus
1087 3600 1254 3671 spinea
1271 3605 1320 3655 et
1338 3598 1542 3664 urticte,
1562 3605 1610 3654 et
1629 3598 1883 3670 paliurus
1899 3599 1956 3654 in
1970 3616 2082 3655 mu-

478 3689 771 3745 nitionibus
797 3687 914 3760 ejus
955 3688 1120 3759 (Isai.
1152 3705 1352 3758 XXXIV,
1389 3687 1502 3760 13).
1549 3686 1694 3756 Quid
1723 3704 1959 3760 namque
1985 3704 2084 3760 per

479 3781 685 3838 urticas
727 3779 836 3836 nisi
868 3780 1269 3851 cogitationum
1302 3777 1632 3852 prurigines,
1663 3777 1798 3850 quid
1829 3793 1958 3834 vero
1986 3794 2084 3850 per

478 3869 668 3942 spinas
687 3869 799 3925 nisi
821 3868 1090 3926 vitiorum
1111 3867 1439 3941 punctiones
1457 3866 1800 3939 accipimus?
1824 3866 1887 3921 In
1907 3865 2082 3922 domi-

479 3958 583 4015 bus
613 3958 788 4032 igitur
815 3958 1118 4032 Babylonis
1137 3958 1328 4016 urticae
1356 3964 1412 4014 et
1437 3957 1608 4030 spinae
1635 3955 1930 4030 pullulant,
1954 3955 2084 4028 quia

477 4051 536 4106 in
564 4050 896 4107 confusione
926 4049 1130 4106 mentis
1154 4047 1400 4122 reprobaa
1429 4056 1484 4105 et
1505 4047 1778 4105 desideria
1799 4047 2082 4120 cogitatio-

478 4157 615 4198 num
658 4149 897 4214 surgunt
935 4157 1056 4214 quae
1099 4147 1446 4212 exasperant,
1494 4147 1548 4195 et
1589 4153 1816 4210 operum
1863 4144 2084 4210 peccata

477 4247 600 4304 quae
621 4239 894 4302 pungunt.
921 4229 1029 4286 Sed
1052 4229 1172 4286 haec
1189 4236 1410 4300 agentes
1437 4227 1644 4284 habent
1670 4227 1834 4284 etiam
1855 4227 2080 4300 nequio-

477 4333 566 4376 res
594 4319 735 4375 alios
771 4318 1087 4374 defensores
1118 4336 1266 4375 suos.
1312 4317 1466 4374 Unde
1512 4316 1631 4373 illic
1664 4324 1787 4389 apte
1830 4317 2084 4389 protinus

477 4409 727 4468 subdidit
759 4427 770 4465 :
803 4411 878 4466 Et
902 4411 1156 4481 paliurus
1187 4411 1245 4465 in
1271 4408 1652 4465 munitionibus
1671 4407 1803 4478 eius.
1830 4408 2084 4465 Paliurus

479 4499 688 4573 quippe
718 4504 871 4554 tanta
901 4499 1184 4570 spinarum
1217 4499 1652 4557 circumdatione
1681 4497 1973 4568 densescit,
2021 4506 2083 4554 ut

477 4606 593 4663 prae
615 4589 909 4662 asperitate
928 4589 1080 4661 tangi
1109 4589 1208 4645 vix
1235 4589 1431 4662 possit.
1449 4591 1605 4646 Intus
1635 4589 1805 4662 igitur
1831 4588 2009 4645 urtica
2029 4595 2083 4644 et

478 4680 641 4754 spina
679 4681 944 4749 nascitur,
977 4679 1071 4737 sed
1099 4687 1398 4753 utrumque
1427 4680 1534 4738 hoc
1578 4679 1824 4736 exterius
1850 4695 1947 4752 per
1975 4695 2082 4752 pa—

479 4770 692 4828 liurum
716 4772 992 4840 munitur,
1015 4771 1144 4844 quia
1173 4770 1434 4829 videlicet
1460 4772 1705 4828 minores
1731 4769 1911 4842 iniqui
1939 4767 2085 4825 mala

478 4861 741 4936 quaelibet
769 4861 1007 4928 faciunt,
1035 4861 1130 4918 sed
1150 4878 1214 4918 ea
1238 4861 1564 4934 nequissimi
1583 4859 1815 4932 majores
1834 4865 2078 4915 tuentur.

475 4953 630 5010 Unde
658 4952 801 5010 bene
821 4961 878 5010 et
906 4953 1000 5010 hic
1027 4951 1266 5010 dicitur:
1299 4952 1593 5024 Protegunt
1617 4949 1816 5006 umbrae
1839 4950 2084 5006 umbram

473 5041 608 5114 ejus.
627 5045 770 5101 Dum
801 5043 956 5100 enim
985 5042 1194 5098 malum
1223 5040 1378 5114 pejor
1405 5041 1674 5108 vindicat,
1706 5040 1859 5113 quasi
1888 5039 2084 5096 umbra

473 5134 753 5205 umbram,
784 5150 854 5192 ne
883 5149 916 5191 a
937 5132 1189 5190 veritatis
1219 5131 1431 5190 lumine
1458 5130 1774 5200 irradietur,
1805 5129 2078 5190 obscurat.

473 5221 732 5296 Sequitur
764 5243 776 5282 :

550 5478 566 5548 ἓ
599 5475 723 5548 Yal.
757 5475 866 5548 CL,
892 5477 1214 5548 paratiores.

550 5547 572 5582 ²
601 5545 829 5620 vulgati
849 5543 976 5620 cum
993 5545 1160 5620 duob.
1179 5547 1307 5620 Mss.
1323 5547 1537 5620 Germ.,
1554 5547 1640 5602 cui
1663 5565 1725 5603 ea
1752 5563 1869 5618 qua
1889 5543 2073 5620 displi-

479 5623 612 5698 cent,
635 5617 1370 5698 defendendo-multiplicant;
1398 5619 1544 5698 quod
1576 5635 1740 5698 sensu
1761 5617 2075 5698 carere—no-

479 5685 566 5744 bis
593 5685 837 5744 videtur.
871 5687 1011 5744 Huic
1039 5685 1161 5746 loco
1195 5685 1537 5747 restituendo
1563 5690 1920 5747 adhibuimus
1941 5690 2071 5747 Mss.

481 5757 742 5828 Vindoc.,
770 5759 972 5816 Pratel.
1004 5767 1059 5816 et
1085 5761 1232 5817 Utic.

551 5832 571 5865 ³
607 5831 844 5898 Turon.,
875 5829 986 5886 duo
1007 5830 1220 5898 Germ.,
1243 5831 1442 5888 Pratel.
1473 5848 1537 5889 ac
1557 5833 1726 5905 plur.,
1751 5835 1968 5890 arbores
1989 5849 2075 5890 sa-

1675 337 1925 395 SANCTI
1963 333 2300 392 GREGORII
2337 334 2561 392 MAGNI

475 476 652 541 viant,
683 486 752 528 ne
779 468 972 526 saltem
1002 465 1099 523 alii
1127 463 1491 538 corrigantur.
1521 461 1676 520 Unde
1701 469 1756 518 et
1782 460 1920 516 bene
1945 457 2072 515 sub.
2102 460 2156 521 Α

3689 323 3802 381 676

2537 482 2764 541 CAPUT
2795 482 2845 540 v
2885 479 3022 554 [Vet.
3063 480 3154 548 VI,
3176 479 3293 537 Rec.
3333 478 3420 553 η.

2249 610 2386 668 Iam.
2417 641 2488 653 -—
2516 607 2933 668 Circumdabunt
2959 623 3078 662 eum
3106 606 3290 661 salices
3320 605 3600 659 torrentis.

2252 731 2314 785 11
2325 773 2337 786 .
2361 730 2496 788 Mali
2511 729 2760 785 salicibus
2776 729 2998 784 similes:
3021 727 3194 782 virent
3207 725 3534 797 quidem,sed
3548 723 3801 794 fructum

2179 835 2284 874 non
2331 818 2533 888 ferunt.
2558 849 2630 860 —
2667 820 3034 875 Infructuosaa
3074 815 3301 888 quidem
3333 815 3355 849 ³
3393 813 3623 870 arbores
3665 819 3800 870 sunt

2181 908 2405 974 salices;
2439 907 2535 963 sed
2561 915 2744 964 tamen
2765 915 2931 963 tantae
2957 905 3264 962 viriditatis
3291 911 3442 973 sunt,
3460 913 3524 960 ut
3543 919 3799 960 arescere

2183 999 2271 1053 vel
2291 997 2542 1054 abscissae
2571 997 2833 1054 radicitus
2863 1003 2917 1052 et
2935 994 3192 1069 projectae
3225 995 3326 1050 vix
3354 993 3595 1066 possint.
3631 991 3798 1049 Unde

2184 1087 2243 1143 in
2274 1103 2426 1144 sacro
2454 1087 2675 1160 eloquio
2707 1087 2942 1145 salicum
2969 1085 3197 1142 nomine
3230 1083 3535 1156 aliquando
3563 1098 3670 1156 pro
3699 1081 3801 1137 vi—

2183 1177 2406 1235 riditate
2433 1177 2590 1248 boni,
2619 1176 2920 1250 aliquando
2949 1193 3051 1249 pro
3082 1175 3390 1242 sterilitate,
3434 1172 3661 1246 reprobi
3690 1172 3800 1228 de—

2185 1267 2492 1340 signantur.
2517 1267 2637 1324 Nisi
2664 1267 2815 1323 enim
2843 1266 3146 1322 electorum
3167 1266 3340 1322 vitam
3359 1265 3380 1301 ‘
3410 1280 3510 1336 per
3536 1270 3799 1321 constan-

2185 1356 2318 1412 tiam
2366 1373 2477 1412 suae
2522 1356 2825 1412 viriditatis
2870 1357 3266 1429 exprimerent,
3326 1369 3681 1428 nequaquam
3729 1353 3798 1408 de

2186 1454 2386 1502 sancte
2402 1446 2663 1503 Ecclesiae
2684 1445 2815 1502 ﬁliis
2835 1445 3103 1518 propheta
3118 1443 3377 1502 dixisset:
3409 1442 3800 1500 Germinabunt

2185 1535 2324 1590 inter
2351 1535 2559 1601 herbas,
2591 1535 2727 1591 sicut
2755 1535 2939 1591 salices
2977 1535 3144 1606 juxta
3184 1536 3602 1607 praterﬂuentes
3627 1549 3800 1604 aqua:

2186 1625 2350 1693 (Isai.
2373 1640 2529 1691 κων,
2543 1623 2622 1696 li).
2642 1625 2852 1681 Sanctae
2869 1624 3014 1680 enim
3033 1624 3292 1680 Ecclesiae
3313 1623 3417 1679 ﬁlii
3434 1624 3585 1678 inter
3599 1623 3796 1678 herbas

2188 1713 2331 1770 sicut
2359 1713 2552 1770 salices
2569 1714 2900 1784 germinant,
2927 1713 3061 1770 dum
3083 1713 3227 1769 inter
3256 1719 3597 1768 arescentem
3619 1713 3793 1768 vitam

2117 1823 2164 1884 Β
2195 1802 2501 1859 carnalium
2533 1801 2849 1870 hominum,
2881 1810 2935 1858 et
2963 1801 3262 1874 multiplici
3292 1801 3714 1867 numerositate,
3742 1810 3794 1857 et

2196 1901 2458 1967 perpetua
2479 1894 2684 1949 mentis
2702 1892 2986 1949 viriditate
3006 1892 3324 1965 perdurant.
3349 1893 3455 1961 Qui
3477 1891 3620 1948 bene
3633 1891 3796 1964 juxta

2190 1982 2620 2056 praeterﬂuentes
2661 1999 2831 2056 aquas
2875 1982 3182 2054 germinare
3231 1982 3618 2056 perhibentur,
3667 1981 3796 2054 quia

2191 2074 2568 2146 unusquisque
2583 2091 2773 2130 eorum
2791 2073 3098 2130 ubertatem
3119 2073 3188 2128 ad
3207 2072 3450 2129 fructum
3472 2070 3713 2144 percipit
3727 2086 3792 2126 ex

2191 2163 2443 2220 doctrina
2487 2164 2628 2222 sacri
2657 2163 2885 2236 eloquii,
2931 2180 3051 2236 quae
3081 2163 3461 2236 temporaliter
3498 2162 3789 2234 percurrit.

2191 2254 2262 2309 Et
2282 2271 2500 2310 rursum
2526 2253 2637 2309 nisi
2667 2270 2764 2326 per
2791 2254 3141 2310 sterilitatem
3169 2253 3400 2310 salicum
3423 2252 3543 2306 vita
3568 2267 3789 2324 peccan~

2192 2343 2332 2399 tium
2364 2343 2694 2415 signaretur,
2726 2360 3073 2416 nequaquam
3103 2359 3174 2399 ex
3203 2359 3338 2399 voce
3369 2341 3787 2414 prmdicantium

2192 2443 2383 2491 contra
2412 2433 2772 2506 Babyloniam
2805 2434 3094 2490 Psalmista
3123 2434 3359 2490 dixisset
3392 2451 3404 2489 :
3445 2434 3512 2489 In
3542 2432 3789 2487 salicibus

2193 2523 2250 2578 in
2262 2523 2431 2578 medio
2446 2523 2557 2592 ejus
2567 2524 2931 2595 suspendimus
2948 2540 3150 2594 organa
3160 2529 3346 2577 nostra
3358 2523 3543 2590 (Psal.
3561 2538 3793 2590 cxxxvr,

2193 2612 2272 2684 2).
2297 2611 2596 2684 Babylonis
2617 2613 2823 2686 quippe
2845 2611 3028 2668 medio
3057 2612 3232 2668 inesse
3261 2611 3455 2668 salices
3472 2609 3796 2666 describun-

2192 2709 2304 2770 tur,
2325 2700 2453 2773 quia
2471 2701 2734 2757 nimirum
2758 2701 3089 2757 infructuosi
3106 2700 3328 2773 quique,
3343 2707 3508 2772 atque
3526 2699 3598 2755 ah
3614 2715 3798 2755 arnore

2193 2789 2381 2862 patria;
2411 2791 2648 2846 caelestis
2678 2791 2868 2858 alieni,
2889 2791 3019 2846 totis
3048 2789 3354 2846 visceribus
3379 2789 3570 2845 cordis
3602 2788 3664 2844 in
3699 2787 3799 2844 hac

2193 2881 2379 2938 saeculi
2408 2882 2732 2939 confusione
2761 2882 3096 2938 radicantur.
3133 2881 3288 2938 Unde
3323 2888 3378 2937 et
3405 2878 3798 2952 praedicatores

2193 2971 2366 3028 sancti
2391 2971 2449 3026 in
2471 2971 2592 3027 istis
2612 2971 2872 3028 salicibus
2899 2988 3011 3027 non
3033 2978 3293 3027 exercent
3313 2985 3542 3041 organa,
3566 2968 3666 3025 sed
3687 2985 3798 3024 sus-

2194 3059 2464 3133 pendunt,
2492 3061 2622 3134 quia
2648 3078 2774 3118 cum
2805 3061 3177 3118 infructuosas
3198 3077 3264 3117 ac
3289 3058 3555 3132 reprobas
3585 3065 3800 3114 mentes

2194 3151 2489 3222 aspiciunt,
2521 3151 2636 3206 vim
2667 3167 2778 3206 sua)
2809 3151 3216 3223 praedicationis
3241 3165 3354 3206 non
3385 3148 3682 3216 exhibent,
3705 3147 3798 3204 sed

2195 3240 2377 3314 potius
2397 3241 2646 3312 lugentes
2665 3241 2849 3296 silent.
2873 3240 3018 3308 Quid
3041 3241 3209 3296 etiam
3227 3256 3322 3312 per
3335 3247 3668 3306 torrentem,
3691 3237 3800 3293 nisi

2195 3329 2361 3402 hujus
2375 3330 2626 3386 mortalis
2638 3329 2765 3386 vitae
2777 3347 2969 3387 cursus
2983 3329 3346 3402 exprimitur?
3356 3331 3435 3386 De
3447 3344 3558 3402 quo
3574 3343 3800 3384 rursum

2195 3435 2291 3492 per
2336 3419 2668 3491 Prophetam
2714 3419 2923 3476 dicitur
2954 3438 2965 3475 :
3017 3421 3096 3476 De
3126 3425 3356 3476 torrente
3381 3419 3439 3472 in
3468 3419 3559 3473 via
3587 3419 3610 3452 ⁵
3643 3417 3799 3485 bibet,

2188 3515 2472 3582 propterea
2486 3509 2744 3565 exaltabit
2757 3515 2916 3581 caput
2934 3511 3107 3582 (Psal.
3127 3526 3241 3578 (ιιι,
3261 3510 3341 3581 7),
3373 3508 3504 3581 quia
3531 3506 3804 3564 videlicet

2193 3598 2526 3672 Redemptor
2553 3607 2738 3656 noster
2767 3600 3016 3656 mortalis
3047 3599 3177 3656 vita:
3206 3615 3423 3672 poenam
3455 3598 3514 3654 in
3553 3596 3800 3670 quodam

2194 3689 2433 3746 transitu
2448 3689 2654 3761 attigit,
2683 3696 2738 3746 et
2766 3687 2974 3746 idcirco
2993 3689 3092 3745 diu
3111 3688 3290 3745 eidem
3308 3688 3475 3744 morti
3489 3687 3582 3744 cui
3601 3694 3805 3758 sponte

2193 3775 2486 3833 succubuit
2527 3793 2640 3833 non
2688 3775 2930 3833 inhaesit.
2981 3776 3135 3833 Unde
3175 3775 3266 3832 die
3309 3775 3472 3832 tertia
3509 3773 3620 3830 hoc
3649 3773 3805 3847 quod

2194 3866 2482 3922 moriendo
2501 3875 2759 3939 posuerat
2779 3865 3112 3940 resurgendo
3132 3874 3298 3939 caput
3315 3865 3576 3920 elevavit.
3603 3867 3806 3926 1082

2194 3961 2340 4030 Quid
2368 3970 2453 4020 est
2481 3979 2611 4036 ergo
2640 3961 2788 4036 quod
2815 3962 2884 4018 de
2913 3961 3219 4018 Bebemoth
3239 3962 3346 4018 isto
3373 3960 3582 4018 dicitur
3611 3978 3625 4015 :
3665 3960 3808 4016 Cir-

2193 4051 2515 4107 cumdabunt
2540 4069 2656 4106 eum
2684 4051 2870 4107 salices
2899 4051 3172 4116 torrentis,
3213 4050 3323 4106 nisi
3351 4051 3499 4124 quod
3523 4057 3808 4108 amatores

2195 4143 2324 4198 vitae
2347 4142 2602 4199 mortalis
2621 4158 2653 4198 a
2669 4142 2834 4198 bonis
2854 4143 3070 4200 actibus
3088 4143 3244 4216 quasi
3263 4159 3296 4198 a
3313 4142 3588 4199 fructibus
3603 4143 3804 4212 alieni,

2193 4238 2350 4288 tanto
2384 4231 2468 4288 illi
2499 4232 2710 4288 arctius
2737 4231 3030 4300 inhaerent,
3065 4241 3272 4306 quanto
3301 4249 3392 4288 eos
3421 4231 3630 4303 largius
3660 4235 3683 4269 ε
3714 4233 3810 4290 ἀει

2195 4321 2416 4378 lectatio
2445 4321 2780 4378 transitoria!
2822 4322 3124 4394 voluptatis
3168 4321 3458 4379 infundit?
3504 4321 3617 4378 Hos
3647 4323 3804 4379 enim

2196 4412 2350 4484 quasi
2377 4412 2436 4468 in
2465 4411 2746 4470 radicibus
2775 4420 2992 4470 torrens
3011 4413 3172 4486 rigat,
3205 4413 3338 4470 dum
3365 4414 3425 4470 in
3447 4415 3564 4470 suis
3592 4415 3806 4488 cogita-

2193 4501 2440 4558 tionibus
2459 4518 2614 4559 amor
2628 4503 2758 4560 vita
2773 4504 3009 4560 carnalis
3026 4503 3282 4560 inebriat.
3298 4504 3403 4573 Qui
3417 4505 3633 4563 scilicet
3647 4523 3806 4563 more

2194 4591 2426 4647 salicum
2446 4591 2660 4649 fructus
2679 4608 2790 4648 non
2813 4593 3018 4660 ferunt,
3053 4593 3148 4649 sed
3170 4592 3226 4648 in
3257 4593 3406 4650 foliis
3428 4594 3803 4664 viridescunt,

2191 4680 2321 4754 quia
2337 4696 2532 4754 eaquae
2559 4683 2747 4753 gravia
2776 4681 2844 4738 ad
2870 4681 3170 4738 dicendum
3193 4698 3305 4740 non
3325 4690 3478 4750 sunt,
3497 4684 3805 4758 aliquando

2192 4770 2496 4828 honestatis
2527 4771 2696 4828 verba
2725 4772 3034 4844 proferunt,
3066 4771 3160 4828 sed
3181 4774 3398 4830 nullum
3420 4774 3553 4831 vita)
3583 4774 3806 4846 pondus

2192 4879 2262 4918 ex
2290 4863 2455 4920 bonis
2485 4862 2744 4935 operibus
2784 4863 3101 4920 ostendunt.
3143 4865 3289 4921 Bene
3332 4865 3505 4938 igitur
3540 4865 3759 4922 dicitur
3788 4883 3800 4921 :

2197 4951 2614 5010 Circumdabunt
2639 4969 2756 5008 eum
2783 4953 2968 5010 salices
3007 4954 3272 5023 torrentis,
3304 4955 3434 5028 quia
3463 4953 3803 5012 infructuosi

2194 5043 2401 5117 quique
2427 5042 2560 5100 dum
2593 5043 2770 5100 amori
2803 5043 2932 5099 vitae
2962 5043 3284 5116 temporalis
3313 5044 3634 5102 inserviunt
3662 5045 3804 5102 anti-

2194 5148 2304 5206 quo
2325 5131 2472 5189 hosti
2493 5134 2768 5206 perversis
2781 5131 3032 5190 moribus
3045 5132 3378 5190 familiarius
3392 5133 3799 5208 obsequuntur.

2181 5223 2322 5299 [Vet.
2356 5223 2505 5300 VII.]
2532 5225 2638 5284 Sed
2657 5227 2788 5300 quia
2817 5226 2952 5302 quid
2972 5227 3076 5285 eia
3103 5228 3218 5286 suis
3246 5228 3552 5288 clientibus
3575 5229 3803 5304 impen-

2187 5477 2364 5543 licum,
2399 5472 2508 5531 sed.

2215 5620 2226 5632 ο
2256 5550 2278 5584 ⁸
2309 5547 2532 5604 Ebroic.
2565 5547 2770 5620 aliique
2797 5546 2985 5604 Norm.
3019 5555 3074 5604 et
3102 5543 3366 5616 Vindoc.,
3399 5563 3504 5620 per
3532 5553 3798 5608 continen-

2185 5626 2510 5749 Μέηρηιθι.
2538 5698 2596 5773 e_t_
2620 5690 2730 5773 duo
2760 5689 2968 5761 Germ.,
3001 5690 3240 5748 bibit.....
3287 5693 3578 5752 exultavit.
3623 5693 3793 5753 Laud.

2185 5778 2424 5891 quoqpe,
2453 5764 2729 5844 exultavit.

2258 5836 2280 5870 ⁶
2355 5833 2506 5904 aud.,
2540 5834 2761 5892 dilectio.
