3936 6372
185 505 504 565 audiamus.
533 507 825 582 Sequitur:

658 616 887 677 CAPUT
916 620 991 679 v1
1021 618 1166 695 [Rec.
1202 622 1320 698 VI].

259 704 435 764 Vnus.
468 705 554 764 18.
576 706 971 766 —Absorbebit
995 711 1241 782 ﬂuvium,
1272 718 1321 767 et
1347 728 1454 769 non
1484 712 1795 781 mirabitur,

183 802 236 851 et
262 795 414 851 habet
430 795 683 868 ﬁduciam
710 798 850 868 quod
877 798 1069 870 inﬂuat
1095 800 1351 857 Iordanis
1386 801 1439 856 in
1471 818 1528 856 os
1555 800 1686 871 ejus.

263 885 350 943 12.
396 885 628 943 Satanas
672 886 906 944 homines
942 906 1074 961 pene
1119 908 1296 947 omnes
1349 892 1624 948 absorbuit
1677 898 1799 948 ante

184 974 583 1047 Redemptorem
598 992 621 1041 ;
648 981 698 1031 et
729 983 872 1048 post,
922 994 1030 1033 non
1052 996 1255 1051 paucos
1282 981 1523 1052 deglutit.
1554 1011 1624 1022 —
1651 980 1798 1048 Quid

185 1063 339 1121 enim
381 1062 491 1121 hoc
542 1065 665 1122 loco
708 1065 870 1123 ﬂuvii
900 1068 1128 1125 nomine
1174 1069 1285 1125 nisi
1321 1068 1552 1126 humani
1584 1069 1798 1142 generis

186 1152 446 1211 decursio
470 1151 809 1228 designatur,
840 1173 962 1230 quae
1007 1158 1159 1215 velut
1202 1175 1234 1214 a
1273 1158 1445 1216 fontis
1474 1159 1561 1215 sui
1584 1160 1798 1231 origine

186 1243 466 1302 nascendo
492 1245 691 1318 surgit,
721 1246 816 1303 sed
836 1248 993 1321 quasi
1012 1248 1081 1305 ad
1108 1249 1221 1306 ima
1234 1249 1484 1306 deﬂuens
1508 1249 1796 1306 moriendo

187 1335 526 1409 pertransit?
554 1336 661 1404 Qui
688 1345 874 1393 autem
906 1338 1195 1413 signantur
1222 1340 1589 1413 appellatione
1608 1340 1797 1397 Iorda-

188 1426 299 1495 nis,
331 1426 439 1482 nisi
469 1426 566 1500 qui
607 1424 723 1499 jam
774 1426 976 1485 imbuti
1026 1438 1157 1487 sunt
1201 1440 1544 1487 sacramento
1593 1430 1795 1503 baptis-

189 1515 401 1571 matis?
428 1515 569 1583 Quia
597 1515 744 1571 enim
777 1515 1109 1590 Redemptor
1129 1528 1314 1575 noster
1343 1520 1400 1575 in
1434 1519 1542 1575 hoc
1569 1518 1797 1575 ﬂumine

188 1603 461 1676 baptizari
500 1604 758 1677 dignatus
786 1615 889 1675 est,
919 1605 1038 1678 ejus
1083 1610 1309 1665 nomine
1355 1608 1559 1665 debent
1601 1624 1796 1664 omnes

187 1694 453 1768 baptizati
482 1696 742 1769 exprimi,
773 1698 831 1753 in
865 1714 973 1771 quo
1004 1698 1109 1756 hoc
1130 1700 1310 1772 ipsum
1341 1700 1577 1772 contigit
1605 1714 1798 1755 sacra-

965 292 1340 354 MORALIUM
1377 297 1510 354 LIB.
1551 298 1812 357 XXXIII.
1854 330 1925 344 -—
1962 302 2034 359 IN
2072 304 2302 361 CAPUT
2341 308 2436 363 XL
2474 310 2535 365 B.
2577 311 2719 368 IOB.

1906 542 2071 599 etiam
2087 542 2376 600 Psalmista
2390 543 2487 601 ait:
2506 544 2949 606 Dilexerunteum
2962 553 3019 607 in
3033 570 3123 609 ore
3136 560 3305 623 suo,et
3320 556 3504 628 lingua

1905 649 2006 689 sua
2027 634 2231 690 mentiti
2247 640 2371 690 sunt
2391 636 2440 691 ei
2460 635 2637 709 (Psal.
2661 654 2875 709 Lxxvrr,
2897 641 3011 713 36).
3030 642 3135 699 Sed
3151 644 3378 702 minime
3400 644 3503 701 mi-

1906 738 2028 778 rum
2059 723 2167 780 fuit
2207 724 2356 797 quod
2385 724 2691 783 Behemoth
2740 728 2844 784 iste
2872 736 2998 787 ante
3036 730 3242 790 lavacri
3274 734 3502 804 undam,

1906 821 2033 869 ante
2062 823 2402 871 sacramenta
2425 815 2691 886 cmlestia,
2727 823 2853 874 ante
2896 835 3216 893 corpoream
3254 838 3508 895 presen-

1906 903 2042 959 tiam
2089 904 2489 978 Redemptoris,
2530 904 2760 963 humani
2808 910 3022 981 generis
3072 908 3307 968 ﬂuvium
3351 911 3507 970 hiatu

1907 993 2195 1065 profundae
2217 995 2585 1067 persuasionis
2611 995 2915 1065 absorbuit;
2957 998 3053 1056 sed
3082 999 3190 1057 hoc
3216 999 3377 1057 valde
3410 1001 3507 1058 mi-

1907 1099 2051 1153 rum,
2086 1082 2191 1140 hoc
2218 1084 2376 1141 valde
2408 1085 2652 1142 terribile
2679 1096 2779 1156 est,
2812 1088 2943 1161 quia
2969 1090 3178 1146 multos
3198 1098 3386 1163 aperto
3416 1106 3510 1148 ore

1907 1172 2071 1230 etiam
2106 1181 2228 1246 post
2256 1173 2629 1246 cognitionem
2687 1175 3068 1252 Redemptoris
3095 1180 3346 1252 suscipit,
3388 1188 3511 1253 post

1908 1264 2116 1322 lavacri
2146 1263 2350 1321 undam
2381 1265 2602 1337 polluit,
2646 1274 2769 1338 post
2796 1278 3139 1326 sacramenta
3165 1268 3413 1326 ccelestia
3441 1269 3510 1326 ad

1907 1354 2115 1412 inferni
2144 1354 2482 1427 profundum
2514 1356 2675 1429 rapit.
2706 1357 2934 1415 Dicatur
2956 1375 3106 1432 ergo,
3141 1357 3361 1416 dicatur
3388 1366 3513 1415 ter-

1909 1444 2145 1501 ribiliter
2174 1461 2306 1501 voce
2338 1444 2639 1502 Veritatis:
2690 1447 2998 1503 Absorbebit
3035 1447 3278 1518 ﬂuvium,
3329 1454 3376 1503 et
3404 1465 3511 1503 non

1906 1533 2215 1601 mirabitur,
2244 1540 2293 1589 et
2316 1534 2468 1590 habet
2479 1535 2729 1607 fiduciam
2738 1537 2879 1607 quod
2894 1537 3087 1608 inﬂuat
3104 1536 3361 1591 Iordanis
3382 1536 3438 1590 in
3452 1553 3511 1593 os
3548 1578 3558 1589 .

1906 1625 2041 1695 ejus.
2068 1624 2255 1698 Neque
2282 1625 2432 1681 enim
2455 1641 2555 1697 pro
2589 1641 2787 1697 magno
2815 1625 3071 1682 diabolus
3111 1624 3328 1695 habuit,
3361 1623 3511 1699 quod

1907 1712 2163 1770 inﬁdeles
2192 1714 2355 1781 tulit;
2388 1713 2485 1770 sed
2513 1721 2631 1770 toto
2652 1729 2800 1769 nunc
2819 1714 3023 1770 annisu
3048 1713 3105 1769 in
3123 1714 3347 1770 illorum
3367 1730 3509 1770 mor-

192 1792 443 1841 mentum
469 1785 816 1858 baptismatis
836 1786 1109 1845 inchoari.
1142 1790 1284 1857 Quia
1303 1790 1473 1862 igitur
1494 1788 1798 1845 Behemoth

1915 1810 2021 1859 tem
2052 1820 2110 1860 se
2138 1803 2322 1875 erigit,
2362 1820 2500 1876 quos
2542 1810 2735 1860 contra
2778 1820 2836 1861 se
2876 1811 3227 1876 regeneratus
3254 1802 3508 1863 tabescit.

191 1875 298 1932 iste
327 1893 359 1932 a
387 1875 582 1932 mundi
609 1876 823 1949 origine
852 1887 1132 1949 exortum,
1151 1880 1249 1935 vix
1266 1879 1455 1952 paucis
1470 1880 1659 1936 electis
1678 1896 1801 1935 eva-

191 1963 473 2036 dentibus,
505 1964 810 2023 humanum
841 1984 1011 2039 genus
1037 1968 1096 2024 in
1131 1968 1244 2025 ima
1264 1967 1511 2025 deﬂuens
1542 1968 1798 2041 usquead

191 2055 591 2129 redemptionis
618 2066 865 2130 tempora
880 2058 1036 2131 quasi
1067 2058 1360 2133 quemdam
1391 2059 1451 2115 in
1480 2075 1537 2115 se
1563 2057 1797 2114 ﬂuvium
1821 2063 1833 2076 ‘

192 2148 387 2217 traxit,
416 2148 555 2206 bene
572 2166 720 2207 nunc
746 2149 985 2207 dicitur:
1021 2152 1337 2208 Absorbebit
1359 2150 1604 2223 ﬂuvium,
1625 2155 1673 2206 et
1694 2167 1800 2205 non

192 2237 503 2295 mirabitur.
535 2238 677 2307 Quia
704 2256 836 2296 vero
873 2248 928 2297 et
976 2250 1103 2313 post
1145 2240 1466 2297 Mediatoris
1494 2240 1797 2297 adventum

191 2326 461 2401 quosdam
490 2329 586 2402 qui
608 2338 754 2386 recte
782 2328 972 2387 vivere
1002 2331 1290 2404 negligunt
1311 2331 1477 2388 etiam
1506 2330 1695 2387 ﬁdeles
1717 2346 1798 2386 ra-

190 2416 296 2489 pit,
330 2424 475 2474 recte
499 2416 619 2490 subj
628 2419 883 2491 ungitur:
916 2422 991 2476 Et
1002 2420 1155 2476 habet
1172 2422 1425 2493 ﬁduciam
1442 2421 1585 2492 quod
1608 2420 1804 2491 inﬂuat

190 2506 450 2563 Iordanis
478 2507 536 2563 in
568 2526 625 2565 os
654 2508 790 2579 ejus.
835 2511 919 2567 Ac
961 2510 1008 2566 si
1052 2518 1238 2583 aperte
1284 2510 1596 2568 diceretur:
1655 2511 1799 2567 Ante

189 2594 614 2668 Redemptorem
650 2598 845 2654 mundi
879 2599 1152 2656 mundum
1192 2616 1304 2657 non
1347 2601 1581 2657 miratus
1611 2598 1797 2656 absor-

189 2685 336 2755 buit,
368 2685 484 2755 sed,
509 2687 659 2760 quod
680 2698 762 2745 est
782 2690 797 2723 ¹
822 2690 1066 2761 gravius,
1089 2690 1255 2746 etiam
1274 2699 1397 2763 post
1416 2690 1799 2762 Redemptoris

189 2776 496 2833 adventum
526 2778 791 2850 quosdam
821 2779 917 2852 qui
962 2778 1312 2852 baptismatis
1357 2787 1701 2837 sacramento
1727 2780 1796 2835 si-

189 2866 346 2940 gnati
373 2875 503 2922 sunt
530 2866 800 2939 deglutire
822 2884 879 2923 se
909 2885 1063 2940 posse
1091 2869 1342 2926 conﬁdit.
1376 2869 1532 2925 Alios
1563 2884 1800 2941 namque

189 2956 296 3014 sub
329 2955 768 3013 Christianitatis
797 2959 1024 3015 nomine
1052 2960 1265 3033 positos
1305 2959 1555 3027 devorat,
1583 2958 1712 3031 quia
1741 2959 1799 3015 in

191 3045 314 3118 ipso
344 3061 436 3101 eos
463 3044 595 3101 ﬁdei
638 3062 822 3102 errore
850 3048 1187 3119 supplantat.
1220 3049 1377 3104 Alios
1406 3066 1439 3105 a
1466 3046 1799 3104 rectitudine

1909 1896 2080 1951 Nemo
2110 1894 2283 1966 igitur
2310 1893 2421 1949 sibi
2452 1892 2617 1950 ﬁdem
2647 1893 2766 1951 sine
2795 1894 3054 1967 operibus
3084 1894 3333 1951 suﬂicere
3355 1908 3511 1967 posse

1908 1984 2172 2053 conﬁdat,
2193 2001 2321 2042 cum
2346 1982 2551 2041 scimus
2579 1983 2725 2057 quod
2764 1984 3033 2057 scriptum
3078 1984 3181 2041 sit:
3216 1984 3373 2040 Fides
3400 1985 3513 2040 sine

1908 2077 2155 2151 operibus
2180 2079 2202 2113 ⁴
2228 2083 2440 2133 mortua
2465 2081 2540 2132 est
2566 2076 2711 2145 (Iac.
2745 2093 2806 2145 ιι,
2835 2075 2951 2149 20).
2978 2075 3175 2133 Nullus
3202 2074 3401 2132 Bebem
3412 2073 3510 2132 0th

1910 2185 2157 2226 morsum
2192 2183 2263 2224 ex
2290 2168 2408 2224 sola
2435 2165 2783 2223 confessione
2812 2164 2941 2222 ﬁdei
2971 2166 3131 2237 plene
3189 2165 3426 2223 evasisse
3453 2181 3510 2222 se

1909 2260 2214 2328 existimet,
2244 2259 2374 2333 quia
2387 2257 2503 2332 jam
2532 2258 2757 2333 quidem
2788 2257 3023 2314 ﬂuvium
3067 2256 3382 2326 absorbuit,
3415 2255 3510 2312 sed

1908 2350 2091 2408 adhuc
2116 2348 2411 2406 Iordanem
2441 2349 2596 2416 sitit;
2633 2355 2687 2405 et
2716 2347 2881 2405 toties
2909 2347 2966 2403 in
2993 2364 3053 2404 os
3081 2346 3234 2403 illius
3252 2345 3511 2403 Iordanis

1908 2440 2053 2509 ﬂuit,
2077 2438 2292 2513 quoties
2320 2437 2670 2495 Christianus
2698 2436 2929 2511 quisque
2957 2435 3025 2492 ad
3045 2435 3399 2509 iniquitatem
3417 2433 3509 2491 de-

1910 2530 2053 2587 ﬂuit.
2086 2529 2160 2586 Os
2189 2528 2413 2602 quidem
2442 2526 2561 2600 ejus
2582 2527 2699 2601 jam
2728 2525 2836 2583 ﬁde
2856 2542 2957 2583 nos
3005 2524 3329 2583 sublevante
3366 2522 3511 2597 fugi-

1910 2637 2052 2689 mus,
2084 2619 2180 2676 sed
2218 2635 2418 2691 magno
2459 2617 2645 2675 studio
2687 2614 2995 2674 curandum
3032 2622 3133 2683 est,
3185 2629 3255 2670 ne
3294 2613 3359 2669 in
3405 2612 3511 2667 hoc

1908 2710 2122 2767 lubrica
2151 2711 2468 2783 operatione
2494 2709 2825 2766 dilabantur.
2859 2708 2916 2766 Si
2946 2705 3268 2764 ambulandi
3296 2705 3511 2763 cautela

1908 2800 2229 2872 negligitur,
2259 2800 2535 2857 incassum
2583 2798 2859 2856 credendo
2888 2807 3099 2856 rectum
3132 2796 3237 2853 iter
3268 2803 3507 2862 tenetur,

1908 2888 2039 2960 quia
2069 2886 2161 2943 via
2189 2887 2414 2961 quidem
2443 2888 2572 2943 ﬁdei
2601 2888 2671 2943 ad
2699 2888 2975 2943 caelestem
3000 2886 3235 2959 patriam
3268 2882 3507 2957 proﬁcit,

1909 2977 2005 3033 sed
2034 2975 2375 3033 oﬂ‘endentes
2405 2976 2634 3031 minime
2664 2974 2936 3047 perducit.

1982 3066 2121 3141 [Vet.
2164 3067 2299 3125 VIII
2303 3065 2343 3140 .]
2369 3065 2454 3122 13.
2478 3066 2556 3121 Iis
2566 3063 2868 3136 praesertim
2884 3063 2977 3134 qui
2989 3062 3216 3118 sanitate
3226 3065 3505 3133 prestant,

191 3134 326 3192 ﬁdei
354 3151 701 3209 nequaquam
732 3135 936 3205 ἀθνίδῖ»
970 3136 1065 3193 sed
1094 3137 1163 3193 ad
1194 3154 1353 3193 “sum
1386 3153 1565 3210 Ρνδνίὲ
1592 3151 1799 3207 Opem"
1826 3165 1869 3225 ο
1907 3134 2216 3213 insidiatur.
2248 3134 2353 3224 Qui
2392 3155 2499 3210 nisi
2544 3134 2803 3210 summam
2846 3150 3180 3224 vigilantiam
3206 3149 3510 3215 adhibeant,

194 3225 367 3283 tionis
394 3225 819 3283 inclinat.Alios
839 3235 1106 3301 quantum
1137 3227 1260 3284 vult
1277 3227 1335 3282 in
1364 3227 1681 3299 operatione
1698 3226 1797 3281 im-

197 3314 490 3372 munditiaa
520 3314 799 3372 inﬂectere
830 3332 941 3372 non
974 3317 1141 3386 valet,
1178 3315 1273 3373 sed
1303 3314 1453 3389 apud
1479 3315 1802 3386 semetipsos

195 3403 350 3461 intus
370 3404 427 3460 in
456 3404 639 3462 studio
669 3405 996 3463 intentionis
1024 3406 1326 3479 intorquet,
1361 3412 1422 3461 ut
1451 3403 1584 3461 dum
1615 3421 1647 3460 a
1674 3403 1801 3460 cha-

194 3492 359 3550 ritate
385 3502 627 3551 mentem
672 3494 956 3565 dividunt,
1000 3502 1210 3551 rectum
1263 3510 1377 3551 non
1425 3494 1498 3551 sit
1528 3491 1823 3567 quidquid

195 3584 540 3643 extrinsecus
548 3594 862 3660 operentur.
881 3587 953 3644 Et
966 3586 1130 3643 ﬁdem
1146 3594 1352 3656 tenent,
1371 3585 1467 3643 sed
1483 3586 1655 3643 vitam
1674 3582 1805 3640 ﬁdei

195 3690 311 3733 non
330 3683 540 3748 tenent,
558 3677 689 3752 quia
702 3684 799 3733 aut
813 3685 999 3750 aperte
1012 3676 1210 3734 illicita
1225 3675 1461 3744 faciunt,
1482 3684 1577 3731 aut
1596 3691 1666 3731 ex
1686 3690 1802 3747 per-

197 3784 359 3825 verso
379 3766 543 3825 corde
563 3782 685 3841 quae
701 3776 871 3840 agunt
891 3782 1058 3839 prava
1083 3775 1232 3836 sunt,
1259 3766 1426 3822 etiam
1447 3764 1495 3820 si
1515 3772 1704 3821 sancta
1723 3763 1804 3819 vi-

195 3857 451 3916 deantur.
476 3858 619 3925 Quia
646 3857 794 3913 enim
826 3856 1085 3913 nonnulli
1106 3854 1423 3913 conﬁtendo
1443 3853 1633 3911 ﬁdeles
1653 3862 1801 3925 sunt,

197 3962 313 4002 non
325 3946 347 3980 ²
364 3945 765 4013 vivendo,hinc
778 3953 859 4002 est
873 3943 1021 4018 quod
1038 3942 1442 4001 voceVeritatis
1453 3941 1807 4000 dicitueron

195 4037 369 4094 omnis
382 4035 475 4107 qui
489 4034 617 4089 dicit
630 4034 1114 4102 mihi,Domine,Do
1122 4032 1503 4101 mine,intrabit
1516 4032 1574 4087 in
1588 4049 1808 4104 regnum

194 4129 449 4184 calorum
480 4126 692 4199 (Matth.
720 4140 822 4190 vn,
846 4124 962 4196 2i).
988 4123 1131 4180 Hinc
1160 4137 1382 4179 rursum
1414 4120 1526 4177 ait:
1556 4120 1697 4189 Quid
1711 4137 1807 4175 au-

198 4223 300 4274 tem
327 4216 522 4273 vocatis
549 4233 650 4285 me,
679 4215 923 4281 Domine,
950 4214 1196 4280 Domine,
1244 4219 1293 4269 et
1337 4229 1445 4268 non
1485 4209 1663 4283 facitis
1692 4227 1810 4282 qua

197 4307 318 4364 dico
345 4307 504 4379 (Luc.
534 4324 615 4376 vr,
657 4305 751 4378 46)
776 4306 805 4361 ?
836 4306 979 4362 Hinc
1007 4305 1210 4361 Paulus
1237 4304 1348 4361 ait:
1398 4304 1730 4376 Confitentur
1757 4319 1810 4359 se

195 4415 351 4455 nosse
368 4396 722 4469 Deum,factis
735 4403 911 4454 autem
929 4402 1120 4469 negant
1142 4395 1276 4469 (Tit.
1296 4412 1335 4464 ι,
1357 4394 1470 4467 16).
1490 4394 1632 4451 Hinc
1650 4394 1809 4451 Ioan-

198 4503 299 4545 nes
328 4488 465 4545 dicit
490 4506 502 4545 :
537 4487 642 4556 Qui
668 4488 797 4543 dicit
825 4489 847 4524 ³
876 4504 928 4541 se
956 4487 1126 4543 Deum
1149 4504 1319 4553 nosse,
1340 4491 1389 4541 et
1414 4484 1671 4540 mandata
1697 4484 1810 4555 ejus

196 4596 309 4637 non
330 4578 575 4648 custodit,
602 4579 832 4634 mendax
855 4584 930 4634 est
946 4578 1011 4651 (Ι
1025 4577 1184 4634 Ioan.
1216 4595 1278 4646 ιι,
1304 4576 1385 4649 4).
1400 4575 1542 4632 Hinc
1561 4581 1642 4630 est
1663 4573 1812 4648 quod

199 4670 272 4728 de
293 4669 412 4743 ipsa
424 4685 523 4726 sua
543 4669 722 4742 prima
741 4667 900 4741 plebe
920 4666 1194 4724 Dominus
1208 4664 1807 4741 conqueritur,dicens:

200 4762 444 4835 Populus
462 4760 545 4816 hic
568 4758 722 4817 labiis
748 4763 938 4823 1083
958 4776 1038 4815 me
1051 4759 1301 4825 honorat,
1317 4775 1409 4816 cor
1428 4764 1604 4815 autem
1631 4771 1815 4814 eorum

280 4941 297 4978 ί
323 4942 555 5012 Turon.,
585 4941 770 4997 Germ.
804 4947 859 4997 et
887 4937 1143 5012 plur._al.
1173 4936 1328 5012 Mss.,
1359 4935 1560 4994 acrius.

278 5014 301 5050 ²
330 5009 745 5083 Laud.,Germ.
776 5022 832 5069 et
857 5009 981 5069 Val.
1024 5009 1137 5077 CL,
1156 5009 1378 5081 agendo.

279 5087 301 5121 ³
326 5084 502 5142 Laud.
533 5092 589 5142 et
616 5086 827 5154 Germ.,
855 5101 908 5139 se
934 5099 1085 5138 nosse
1112 5097 1249 5138 eum.

280 5160 302 5194 ⁴
333 5158 566 5226 Turon.,
599 5148 864 5226 Vindoc.,
897 5154 1097 5223 Laud.,
1146 5151 1374 5219 Pratel.,
1422 5150 1568 5207 Utic.
1618 5158 1674 5207 et
1702 5148 1815 5207 duo

202 5238 419 5307 Germ.,
453 5239 624 5294 otiosa
650 5243 743 5292 est.
777 5234 1002 5307 Graecus
1031 5231 1409 5307 textus,_vsxpé
1432 5230 1592 5297 ἐστιν,
1627 5228 1813 5307 lectio-

201 5325 336 5367 nem
366 5302 511 5367 hanc
538 5306 938 5381 repudiandam
980 5302 1815 5381 suadet._Fortasse_pro_ociosa

202 5382 524 5454 legendum,
556 5373 747 5448 occisa,
775 5385 838 5435 ut
864 5386 948 5435 est
975 5377 1035 5433 in
1061 5384 1174 5433 vet.
1206 5375 1358 5432 Edit.
1382 5373 1556 5431 Paris.
1581 5373 1739 5430 1518.

278 5455 301 5489 ⁵
333 5456 383 5510 Α
403 5454 572 5510 verbo
593 5452 790 5510 Iarad.
804 5449 1103 5510 descendit;
1129 5447 1277 5504 unde
1295 5447 1530 5510 Iardan,
1552 5444 1817 5502 Hebraice

278 5466 301 5489 ⁰
333 5466 383 5510 A
403 5466 572 5510 verno
593 5466 790 5520 Jama,
804 5466 1103 5516 aescendit;
1129 5466 1277 5504 unae
1295 5466 1530 5516 Jaraan,
1552 5466 1810 5502 uenturos

202 5524 484 5599 Iordanis.
517 5526 581 5582 In
610 5524 816 5581 Lexico
846 5520 1357 5599 Griecqngminum
1387 5517 1810 5599 Hebraicorum,

203 5597 815 5693 apud'Hieronlmum,
839 5599 997 5693 toruo
1026 5593 1075 5693 II
1102 5592 1382 5693 Ejditionijs
1412 5607 1590 5680 novae,
1618 5590 1819 5661 legitur

203 5668 443 5750 Iropbaivn
469 5668 765 5750 scarabaei;
792 5672 1286 5750 abrﬁvLJordanes
1327 5668 1587 5750 descensio
1614 5683 1816 5750 eorum,

204 5738 341 5821 Quae
376 5749 586 5807 idcirco
615 5743 966 5821 observanda
977 5738 1273 5812 duximus,
1296 5743 1426 5821 quia
1452 5742 1514 5821 in
1540 5738 1823 5821 indicibus

203 5814 434 5883 biblicis
453 5821 746 5879 nominum
766 5816 1187 5884 Hebraicorum,
1208 5814 1338 5884 etcf,
1360 5814 1562 5888 legitur
1579 5819 1822 5881 tantum,

1905 3248 2061 3320 pejus
2090 3247 2152 3303 de
2179 3248 2289 3303 alto
2318 3252 2503 3302 ruunt.
2530 3276 2601 3287 —
2630 3243 2905 3301 Habemus
2932 3241 3117 3299 adhuc
3156 3240 3304 3316 quod
3346 3239 3511 3297 hacin

1910 3354 1968 3394 re
1996 3337 2260 3395 subtilius
2291 3335 2712 3410 perpendamus.
2748 3334 2816 3390 Hi
2846 3332 2995 3389 enim
3021 3348 3159 3406 quos
3190 3346 3286 3404 per
3323 3329 3513 3387 Iorda-

1911 3443 2037 3483 nem
2055 3426 2304 3483 diximus
2323 3424 2585 3498 exprimi,
2598 3431 2828 3497 possunt
2847 3438 2943 3495 per
2958 3420 3193 3477 ﬂuvium
3213 3418 3511 3493 designari.

1912 3518 2018 3586 Qui
2047 3517 2196 3575 enim
2228 3515 2392 3573 ﬁdem
2418 3513 2535 3587 jam
2557 3514 2808 3571 veritatis
2822 3509 3301 3587 agnoverunt,sed
3325 3510 3514 3565 vivere

1912 3606 2153 3664 ﬁdeliter
2179 3606 2489 3680 negligunt,
2521 3611 2666 3661 recte
2697 3601 2902 3659 ﬂuvius
2947 3601 3061 3658 dici
3100 3607 3351 3673 possunt,
3383 3599 3516 3671 quia

1913 3696 2176 3754 videlicet
2223 3695 2477 3752 deorsum
2535 3692 2733 3749 ﬂuunt.
2768 3694 2789 3727 ⁵
2820 3689 3074 3747 Iordanis
3105 3705 3236 3745 vero
3282 3687 3515 3744 Hebraeo

1914 3785 2184 3843 vocabulo
2212 3783 2498 3842 descensio
2526 3798 2716 3839 eorum
2747 3779 2972 3838 dicitur.
3004 3779 3075 3835 Et
3104 3785 3233 3835 sunt
3255 3776 3515 3833 nonnulli

1913 3875 2011 3949 qui
2041 3876 2192 3931 viam
2220 3874 2473 3931 veritatis
2500 3878 2816 3945 appetentes
2862 3868 3185 3940 semetipsos
3213 3864 3509 3937 abjiciunt,

1914 3974 2081 4038 atque
2107 3981 2139 4021 a
2166 3965 2295 4021 vita)
2320 3962 2524 4020 veteris
2565 3961 2802 4018 elatione
2844 3956 3223 4023 descendunt;
3276 3968 3514 4025 cumque

1914 4063 2121 4111 aeterna
2150 4053 2407 4127 cupiunt,
2439 4050 2599 4108 valde
2618 4067 2676 4107 se
2702 4049 2773 4106 ab
2802 4048 2909 4105 hoc
2929 4045 3139 4103 mundo
3155 4043 3365 4101 alienos
3393 4040 3515 4097 red-

1915 4146 2093 4216 dunt,
2152 4145 2286 4203 dum
2341 4159 2454 4202 non
2512 4142 2694 4200 solum
2770 4140 2953 4199 aliena
3019 4153 3133 4194 non
3198 4142 3512 4208 appetunt,

1915 4238 2011 4296 sed
2040 4236 2205 4294 etiam
2244 4252 2345 4293 sua
2398 4233 2812 4307 derelinquunt,
2851 4236 2907 4286 et
2960 4243 3074 4284 non
3135 4226 3313 4283 solum
3370 4222 3428 4277 in
3455 4237 3520 4278 eo

1918 4329 2151 4405 gloriam
2182 4342 2296 4384 non
2330 4331 2606 4401 quaerunt,
2646 4321 2741 4379 sed
2784 4320 2928 4377 hanc
2968 4333 3096 4376 cum
3128 4333 3185 4374 se
3231 4312 3518 4405 obtulerit,

1918 4402 2084 4477 etiam
2113 4423 2495 4475 contemnunt.
2517 4413 2660 4470 Hinc
2674 4418 2757 4469 est
2770 4411 2921 4468 enim
2937 4407 3087 4484 quod
3099 4421 3235 4465 voce
3254 4402 3524 4464 Veritatis

1842 4539 1891 4598 Β
1920 4508 2157 4566 dicitur:
2192 4508 2251 4565 Si
2278 4506 2396 4579 quis
2424 4506 2538 4561 vult
2565 4503 2741 4559 venire
2764 4508 2887 4575 post
2912 4517 3013 4569 me,
3051 4499 3263 4598 abneget
3294 4497 3316 4533 ο
3345 4499 3521 4595 semet-

1920 4600 2095 4672 ipsum
2136 4597 2288 4670 (Luc.
2321 4613 2402 4665 rx,
2422 4595 2538 4668 23).
2571 4592 2937 4665 Semetipsum
2957 4589 3107 4647 enim
3128 4587 3379 4659 abnegat,
3403 4583 3520 4657 qui,

1920 4691 2131 4749 calcato
2150 4690 2172 4724 ⁷
2204 4686 2381 4762 typho
2410 4684 2700 4758 superbiae,
2731 4690 2859 4739 ante
2900 4681 3001 4738 Dei
3041 4678 3234 4737 oculos
3261 4690 3377 4732 esse
3406 4688 3463 4729 se
3491 4686 3525 4728 a

1921 4798 1978 4839 se
2011 4781 2256 4838 alienum
2285 4777 2643 4836 demonstrat.
2676 4772 2819 4829 Hinc
2852 4770 3142 4827 Psalmista
3175 4767 3283 4823 ait:
3318 4764 3523 4824 Memor

1920 4945 2177 5003 Iordanis
2204 4942 2399 5013 ﬂuvius
2420 4938 2637 5013 judicii,
2667 4936 2816 5013 haud
2843 4933 3010 4991 dubie
3039 4931 3108 4989 ab
3120 4929 3239 5001 jar,
3261 4924 3525 4983 Hebraice

1922 5018 2100 5083 rivus,
2124 5008 2352 5081 ﬂuvius,
2382 5008 2437 5068 et
2464 5012 2573 5067 dan
2597 5008 2896 5083 judicium.
3015 5075 3025 5083 _
3240 5070 3304 5083 η.

1995 5090 2017 5124 ε
2038 5072 2251 5153 Germ.,
2272 5072 2446 5140 Laud.
2471 5092 2526 5139 et
2553 5072 2680 5139 v'al.
2707 5072 3324 5153 Cl.,__se_me_tipsum_sibi.

1994 5161 2015 5195 τ
2045 5137 2493 5236 prasino:
2511 5137 3120 5236 -οδεετνειιιίεδίιιεξρη
3138 5137 3522 5236 arsisses

1922 5214 2099 5289 sancti
2120 5214 2485 5296 Bernardiﬁn
2501 5223 2915 5296 nomenclatura
2930 5214 3525 5296 vocum_barbararum,

1922 5286 2064 5383 saepe
2094 5300 2216 5383 neti.
2231 5286 2429 5383 φραηί.
2453 5312 2553 5369 pro
2590 5295 2795 5383 tuis:
2834 5293 2897 5383 te
2919 5290 3082 5383 3‘53;
3114 5286 3529 5383 (sedis-.332?

1923 5315 2819 5452 ξῖεὲέξῖίίξξέηξπέρξξενέξιηιξίξ.
2834 5315 2903 5419 ιι

1924 5434 2063 5529 cap.“
2078 5446 2169 5528 31,
2197 5442 2297 5499 ubi
2326 5442 2528 5514 legitur
2554 5439 2746 5509 absque
2775 5442 2897 5508 typo
2916 5434 3001 5491 vel
3019 5449 3197 5516 mora,
3221 5445 3319 5504 per
3348 5434 3532 5509 typum

1926 5514 2354 5590 intelligendum
2379 5526 2665 5590 censemus
2696 5511 2929 5590 typhum_.
2965 5505 3316 5590 Hildemarus
3332 5500 3531 5590 eo

2775 5597 2848 5636 uo
2878 5577 3232 5652 signiﬁcatur_
3248 5570 3526 5652 superbia:

1928 5589 2060 5664 legit
2089 5584 2202 5672 n'on
2233 5594 2373 5670 typo,
2404 5584 2500 5641 sed
2530 5584 2707 5656 typho,
2737 5597 2848 5709 q‘u’o
2878 5584 3223 5662 signiﬁcatur
3248 5584 3526 5646 supernis:

1929 5664 2276 5723 Augustinus
2303 5675 2364 5716 ιιι
2390 5658 2481 5715 Ps.
2521 5672 2614 5723 LV,
2642 5654 2708 5712 6:
2823 5667 3015 5708 minem
3055 5647 3338 5723 superbum
3371 5641 3528 5715 typho

1929 5654 2365 5744 Augustinus-in
2390 5658 2481 5715 Ps.
2521 5654 2614 5726 sv,
2642 5654 2677 5712 6

1929 5739 2395 5807 arrogantissimo.
