3936 6388
430 331 534 387 679

1625 328 1873 384 SANCTI
1913 328 2246 385 GREGORII
2287 329 2519 386 MAGXI

3642 330 3752 384 680

433 473 524 510 ero
556 455 633 509 tui
659 455 721 508 de
741 460 884 508 terra
912 450 1168 507 Iordanis
1195 457 1244 506 et
1269 451 1594 508 Hermoniim
1627 453 1796 518 (Psat.
1817 453 2017 523 xm,7),
2053 455 2105 514 Α
2136 455 2334 508 mentis
2365 455 2669 510 constantia
2699 469 2809 508 non
2831 452 2898 508 ab
2929 452 3140 510 intimis
3169 454 3575 526 cogitationum
3597 455 3755 512 radi-

437 540 691 600 Jordanis
707 540 928 613 quippe,
946 547 1007 595 ut
1021 539 1161 608 dixi,
1176 539 1724 609 descensio,llermon
1735 541 1826 596 iim
1841 551 2023 597 autem

433 631 746 698 anathema,
782 629 837 685 id
867 637 948 685 est
977 629 1258 698 alienatio,
1311 630 1719 702 interpretatur.
1763 631 1839 687 De
1879 637 2027 685 terra

434 722 603 794 igitur
631 719 884 776 Jordanis
912 727 965 774 et
998 720 1339 776 Hermoniim
1371 719 1468 775 Dei
1500 718 1894 786 reminiscitur,
1928 719 2026 791 qui

435 809 496 865 in
522 825 587 866 eo
617 807 762 882 quod
792 807 1144 879 semetipsum
1183 807 1390 879 dejicit,
1441 815 1600 878 atque
1642 823 1672 861 a
1715 823 1770 862 sc
1816 807 2029 863 alienus

434 899 646 967 existit,
673 897 740 954 ad
771 896 1076 955 conditoris
1107 897 1191 953 sui
1224 897 1545 952 memoriam
1584 907 1890 954 revocatur.
1925 897 2029 952 Sed

436 991 698 1063 antiquus
728 989 902 1044 hostis
933 989 1038 1044 hoc
1058 1006 1157 1061 pro
1179 1005 1374 1059 magno
1404 1005 1515 1044 non
1546 988 1730 1056 habet,
1762 988 1908 1062 quod
1930 988 2031 1043 sub

431 1079 555 1152 jure
596 1094 706 1134 suae
749 1077 1064 1150 tyrannidis
1111 1088 1326 1134 terrena
1353 1087 1658 1150 qumrentes
1701 1085 1873 1134 tenet.
1902 1079 2032 1133 Pro-

437 1167 601 1241 pheta
631 1167 832 1240 quippe
875 1175 1168 1224 attestante
1214 1168 1575 1240 cognovimus
1619 1167 1748 1240 quia
1774 1185 1888 1222 esca
1917 1167 2032 1236 ejus

438 1261 592 1314 electa
653 1258 876 1330 (Hahae.
923 1277 962 1326 ι,
1021 1259 1133 1330 16).
1184 1259 1372 1330 Neque
1419 1259 1566 1315 enim
1603 1263 1793 1320 1084
1831 1257 2035 1312 mirum

440 1356 684 1429 deputat,
713 1356 758 1411 si
780 1373 871 1412 eos
899 1356 1208 1426 absorbeat,
1235 1373 1373 1429 quos
1403 1356 1661 1428 superbia
1689 1355 1871 1426 erigit,
1913 1371 2037 1410 ava-

441 1447 569 1502 ritia
597 1445 872 1515 tabefacit,
923 1447 1180 1518 voluptas
1204 1447 1220 1480 ¹
1259 1447 1474 1514 dilatat,
1515 1445 1726 1501 malitia
1763 1453 2036 1516 angustat,

444 1536 523 1592 ira
552 1535 877 1604 inﬂammat,
913 1535 1192 1592 discordia
1221 1545 1452 1607 separat,
1489 1533 1704 1590 invidia
1736 1535 2036 1599 exulcerat,

443 1625 665 1680 luxuria
692 1625 990 1698 inquinans
1019 1636 1196 1683 necat.
1230 1624 1565 1681 Absorbebit
1611 1641 1738 1694 ergo
1781 1623 2037 1690 ﬂuvium,

444 1723 628 1771 etnon
659 1715 972 1783 mirabitur,
997 1716 1127 1788 quia
1152 1732 1251 1786 pro
1281 1732 1476 1786 magno
1508 1731 1618 1769 non
1651 1714 1887 1768 mslimat
1917 1729 2040 1767 cum

2135 543 2291 598 cibus
2319 544 2616 616 quatiatur,
2648 560 2772 598 cum
2803 541 2978 598 hostis
3009 553 3194 599 noster
3215 553 3378 601 tanta;
3409 561 3526 601 esse
3548 557 3757 604 contra

2135 651 2234 689 nos
2255 634 2599 690 fortitudinis
2625 633 3035 688 demonstratur
3057 635 3084 689 ?
3115 635 3341 690 Nullum
3367 651 3434 692 ne
3464 639 3574 692 erit
3605 655 3759 694 con-

2137 724 2420 781 solationis
2452 723 2786 795 adjutorium
2812 723 2840 778 ‘t
2869 723 2988 778 Erit
3013 734 3179 792 certe,
3213 742 3340 780 nam
3370 725 3642 783 subditur
3667 745 3680 784 :

2576 813 2802 869 CAPUT
2837 811 2935 868 vu
2967 812 3112 886 [Rec.
3154 813 3302 887 VII].

2213 905 2381 960 Vnus.
2420 903 2504 960 19.
2528 933 2598 945 -
2627 903 2693 958 In
2721 905 2885 958 oculis
2905 903 3024 972 ejus
3052 906 3210 975 quasi
3235 906 3389 960 hamo
3418 907 3594 977 capiet
3615 924 3756 962 eum.

2216 993 2298 1049 M.
2319 994 2577 1048 Diabolus
2606 994 2874 1049 Christum
2896 994 3152 1064 degtutire
3170 997 3404 1066 cupiens,
3422 996 3584 1066 quasi
3598 997 3759 1050 hamo

2142 1090 2324 1155 captus
2354 1090 2444 1138 est.
2483 1113 2548 1126 —
2599 1083 2910 1139 Notandum
2945 1083 3104 1139 valde
3153 1093 3233 1140 est
3273 1083 3420 1156 quod
3451 1085 3759 1157 Scripturm

2143 1191 2254 1229 suae
2281 1173 2446 1228 verba
2477 1172 2906 1230 misericorditer
2931 1181 3242 1245 temperans
3273 1175 3436 1242 Deus,
3463 1174 3634 1229 modo
3658 1191 3760 1231 nos

2145 1265 2350 1334 asperis
2382 1263 2799 1319 incitationibus
2831 1271 3017 1331 terret,
3052 1263 3216 1319 modo
3246 1261 3468 1320 blandis
3499 1264 3757 1322 consola-

2147 1353 2390 1407 tionibus
2435 1352 2664 1419 refovet,
2713 1361 2767 1407 et
2813 1359 3078 1407 terrorem
3125 1352 3387 1408 fomentis
3432 1353 3654 1422 miscet,
3705 1361 3760 1410 et

2148 1443 2392 1498 fomenta
2421 1443 2638 1509 terrori,
2671 1449 2732 1496 ut
2779 1441 2910 1496 dum
2955 1442 3100 1498 circa
3143 1459 3242 1499 nos
3271 1452 3575 1516 utrumque
3617 1443 3762 1499 mira

2151 1533 2448 1603 magisterii
2471 1541 2584 1588 arte
2603 1539 2954 1603 temperatur,
2977 1550 3076 1588 nec
3097 1532 3378 1604 desperate
3400 1533 3763 1590 inveniamur

2154 1623 2350 1689 territi,
2371 1639 2469 1677 nec
2498 1623 2715 1678 incaute
2744 1623 2943 1678 securi.
2969 1624 3105 1678 Nam
3126 1640 3252 1679 cum
3285 1624 3594 1680 Behemoth
3613 1634 3760 1680 astu-

2151 1726 2232 1771 tas
2264 1715 2512 1782 insidias,
2550 1719 2740 1778 1085
2769 1726 2930 1788 atque
2963 1716 3250 1772 effrenatas
3283 1716 3432 1772 vires
3463 1717 3765 1787 multipli-

446 1819 538 1859 eos
565 1803 810 1870 devorat,
841 1803 937 1875 qui
967 1819 1062 1874 per
1105 1803 1222 1874 ipsa
1253 1821 1365 1858 suae
1413 1803 1541 1858 vitae
1572 1801 1752 1858 studia
1787 1801 2042 1856 deorsum

2166 1811 2312 1866 :ihus
2344 1813 2630 1869 sententiis
2679 1813 2994 1882 indicasset,
3028 1814 3279 1886 protinus
3313 1814 3590 1884 unigeniti
3630 1813 3762 1868 Filii

449 1899 710 1958 currunt;
741 1891 834 1946 sed
860 1891 986 1946 illos
1029 1907 1362 1963 magnopere
1405 1907 1591 1962 rapere
1631 1890 1848 1956 nititur,
1884 1905 2042 1961 quos,

450 1981 721 2052 despectis
769 1979 999 2036 terrenis
1063 1979 1284 2047 studiis,
1351 1979 1512 2050 jungi
1563 1977 1679 2050 jam
1736 1978 2048 2034 coelestibus

451 2072 874 2143 contemplatur.
914 2069 1052 2143 [Vet.
1089 2069 1211 2144 IX.]
1247 2070 1398 2125 Unde
1419 2070 1678 2141 absorpto
1700 2069 1876 2124 ﬂuvio
1904 2077 2048 2124 recte

453 2159 840 2232 subjungitur:
875 2161 948 2215 Et
968 2159 1119 2214 habet
1144 2159 1394 2230 ﬁduciam
1422 2160 1561 2230 quod
1592 2158 2049 2228 inﬂuatJordanis

453 2250 509 2304 in
538 2267 595 2304 os
623 2249 756 2319 ejus,
788 2249 918 2322 quia
947 2249 1072 2305 iilos
1103 2248 1418 2306 insidiando
1439 2265 1626 2320 rapere
1656 2247 1881 2320 appetit,
1915 2265 2050 2320 quos

453 2355 554 2413 pro
573 2357 758 2396 amore
815 2357 1062 2411 superum
1100 2341 1287 2413 patriae
1324 2357 1353 2395 a
1392 2341 1674 2412 praesentis
1718 2340 1847 2394 vitae
1877 2339 2052 2410 gloria

454 2430 862 2503 semetipsosdej
874 2431 1011 2486 icere
1027 2431 1558 2502 agnoscit.Nonnulli_
1571 2431 1770 2503 quippe
1785 2427 2052 2484 mundum

455 2521 733 2588 deserunt,
754 2520 1030 2576 honorum
1050 2523 1456 2578 transeuntium
1476 2537 1617 2577 vana
1635 2520 2050 2592 derelinquunt,

456 2618 532 2676 et,
562 2610 673 2665 ima
695 2609 1027 2666 humilitatis
1047 2619 1382 2683 appetentes,
1405 2611 1663 2667 humanae
1684 2610 2053 2666 conversatio-

459 2699 546 2756 nis
578 2716 784 2754 morem
835 2699 973 2755 bene
1029 2701 1269 2756 vivendo
1306 2701 1733 2766 transcendunt;
1793 2709 1957 2772 atque
1998 2699 2054 2754 in

461 2791 615 2842 tanta
644 2787 954 2844 studiorum
987 2789 1010 2822 ²
1038 2805 1161 2844 arce
1192 2789 1508 2860 proﬁciunt,
1547 2799 1606 2844 ut
1636 2790 1920 2860 signorum
1938 2785 2052 2858 jam

460 2875 700 2933 virtutes
738 2886 1057 2948 operentur;
1091 2878 1184 2933 sed
1215 2880 1342 2950 quia
1381 2879 1702 2950 semetipsos
1727 2877 2052 2947 circumspi-

459 2965 655 3022 ciendo
691 2975 865 3037 tegere
895 2983 998 3038 neg
1023 2967 1198 3038 igunt,
1232 2967 1411 3023 inanis
1442 2969 1628 3040 gloria:
1661 2968 1769 3023 telo
1788 2965 2053 3038 percussi,

459 3053 616 3125 pejus
644 3054 710 3109 de
741 3055 852 3110 alto
881 3063 1070 3112 ruunt.
1121 3056 1264 3113 Hinc
1283 3066 1365 3113 est
1383 3058 1529 3113 enim
1550 3057 1696 3130 quod
1718 3065 1954 3112 aeternus
1971 3056 2058 3126 ju-

459 3143 587 3213 dex,
619 3145 714 3217 qui
755 3146 974 3202 occulta
1019 3146 1202 3202 cordis
1247 3147 1546 3214 examinat,
1586 3146 1830 3218 ejusdem
1879 3146 2054 3201 ruinae

461 3249 646 3290 casum
671 3235 1046 3305 praenuntians
1075 3234 1330 3302 intentat,
1361 3251 1488 3291 cum
1513 3235 1682 3291 dicit:
1714 3234 2058 3294 Muttidieent

465 3322 596 3376 mihi
622 3322 678 3375 in
706 3323 806 3378 illa
851 3323 964 3377 die:
1007 3323 1248 3392 Domine,
1269 3325 1511 3392 Domine,
1543 3342 1713 3379 nonne
1752 3326 1805 3378 in
1850 3325 2059 3379 nomine

469 3416 556 3464 tuo
580 3411 1032 3480 prophetavimus,
1063 3413 1084 3446 ³
1103 3417 1151 3466 et
1179 3411 1233 3465 in
1260 3413 1467 3466 nomine
1499 3419 1583 3466 tuo
1611 3413 1866 3467 dwmonia
1898 3413 2060 3482 ejeci—

466 3515 604 3565 mus,
635 3503 683 3552 et
709 3498 765 3552 in
796 3504 882 3552 tuo
897 3499 1103 3555 nomine
1131 3501 1347 3556 virtutes
1367 3503 1560 3558 multas
1578 3503 1826 3572 fecimus?
1847 3505 1918 3558 Et
1941 3509 2060 3557 tunc

468 3588 748 3659 conﬁtebor
778 3587 887 3643 illis
911 3590 1039 3660 quia
1066 3607 1340 3661 nunquam
1368 3593 1490 3646 novi
1520 3610 1629 3657 vos,
1659 3593 1902 3648 discedite
1928 3612 1962 3648 a
1980 3611 2060 3648 me

469 3679 492 3713 ‘
521 3678 914 3749 quioperamim
929 3681 1278 3752 iniquitatem,
1299 3685 1466 3738 nescio
1487 3685 1580 3755 qui
1595 3685 1714 3739 estis
1738 3685 2056 3755 (Matth.vn,

468 3768 556 3838 22,
579 3770 694 3841 23).
719 3770 859 3829 Hinc
888 3773 1054 3828 etiam
1101 3791 1196 3847 per
1223 3775 1544 3848 prophetam
1573 3777 1807 3834 dicitur:
1851 3778 2061 3836 Vocavit

466 3860 726 3915 Dominus
749 3859 1017 3931 judicium
1045 3865 1115 3920 ad
1133 3865 1302 3937 ignem
1318 3873 1365 3922 et
1383 3867 1653 3923 devoravit
1671 3869 1916 3940 abyssum
1929 3869 2060 3924 mul-

467 3955 592 4018 tam,
650 3953 672 3988 ⁸
707 3957 756 4005 et
803 3953 1027 4009 comedet
1059 3961 1273 4026 partem
1321 3956 1507 4012 domus
1539 3959 1560 3992 ⁶
1600 3957 1820 4014 Domini
1874 3958 2062 4030 (Amos

464 4058 565 4110 vn,
594 4040 675 4112 4).
707 4041 984 4101 Iudicium
1017 4046 1218 4118 quippe
1237 4044 1307 4103 ad
1328 4047 1510 4118 ignem
1536 4055 1786 4115 vocatur,
1806 4063 1929 4104 cum
1946 4045 2061 4118 jus-

467 4129 602 4186 titiaa
632 4133 900 4189 sententia
918 4133 987 4188 ad
1005 4150 1218 4206 poenam
1233 4134 1348 4206 jam
1365 4144 1580 4192 aeternas
1599 4137 2062 4193 concremationis

465 4217 792 4275 ostenditur.
815 4221 885 4276 Et
903 4223 1131 4278 multam
1146 4223 1407 4296 abyssum
1429 4225 1675 4294 devorat,
1695 4225 1824 4298 quia
1845 4225 2062 4298 iniquas

466 4316 628 4380 atque
658 4308 1240 4380 incomprehensibiles
1268 4311 1559 4368 hominum
1590 4321 1801 4369 mentes
1828 4331 2064 4372 concre-

468 4405 601 4465 mat,
633 4413 752 4470 quae
775 4414 922 4453 nunc
941 4415 996 4454 se
1017 4398 1342 4456 hominibus
1362 4401 1526 4457 etiam
1547 4401 1648 4458 sub
1661 4403 1943 4474 signorum
1961 4405 2060 4460 mi-

467 4486 670 4542 raculis
699 4487 995 4544 occultant.
1027 4489 1158 4545 Pars
1186 4498 1369 4546 autem
1399 4490 1598 4547 domus
1622 4493 1846 4548 Domini
1875 4511 2061 4550 come-

467 4575 638 4644 ditur,
670 4577 800 4649 quia
827 4577 957 4633 illos
977 4595 1192 4652 quoque
1229 4579 1476 4652 gehenna
1501 4581 1747 4652 devorat,
1793 4585 1889 4655 qui
1919 4601 2065 4641 nunc
2093 4574 2143 4634 D

467 4666 621 4738 quasi
645 4665 703 4722 in
726 4667 931 4724 sanctis
959 4669 1172 4725 actibus
1195 4669 1262 4725 de
1293 4670 1592 4728 electorum
1612 4689 1840 4730 numero
1866 4689 1922 4729 se
1951 4690 2066 4730 csse

465 4758 791 4830 gloriantur.
825 4756 929 4828 Qui
985 4778 1111 4833 ergo
1159 4761 1250 4820 hic
1289 4763 1564 4832 Jordanis,
1623 4766 1727 4839 ipsi
1784 4767 1904 4823 illic
1945 4783 2068 4838 pars

465 4847 662 4906 domus
690 4851 916 4906 Domini
948 4862 1236 4910 vocantur.
1263 4853 1542 4926 Antiquus
1561 4871 1688 4925 ergo
1708 4853 1883 4911 hostis
1903 4855 2067 4912 habet

464 4935 723 4996 ﬁduciam
759 4941 907 5014 quod
938 4941 995 4998 iu
1024 4961 1085 4999 os
1121 4942 1238 5015 ejus
1282 4953 1335 5000 et
1382 4943 1636 5000 Iordanis
1689 4945 1904 5014 inﬂuat,
1938 4947 2068 5020 quia

463 5043 867 5103 nonnunquam
901 5031 1222 5089 calliditatis
1249 5049 1360 5089 suae
1407 5033 1624 5089 insidiis
1653 5051 1744 5089 eos
1773 5035 1937 5090 etiam
1969 5035 2066 5108 qui

458 5113 572 5188 jam
601 5119 766 5176 electi
797 5127 1060 5193 putantur
1088 5131 1264 5178 necat.
1293 5120 1430 5195 [Vet.
1463 5122 1557 5196 X.]
1577 5121 1681 5178 Sed
1700 5122 1858 5194 cujus
1885 5125 2067 5181 cordis

465 5203 729 5265 duritiam
759 5225 871 5266 non
905 5210 1011 5268 ista
1036 5211 1266 5268 Domini
1293 5210 1460 5268 verba
1502 5212 1867 5286 perturbent?
1907 5213 2068 5288 cujus

540 5448 558 5522 ξ
593 5450 718 5509 Val.
741 5450 850 5522 CL,
880 5455 1112 5514 delectat.

543 5520 1106 5611 fV'indq‘c.,.Ebroic.
1126 5523 1334 5603 aliique
1361 5533 1574 5602 Norm.,
1598 5540 1731 5592 arte.
1754 5532 1835 5592 Ita
1854 5551 2071 5611 quoque

473 5598 586 5647 vet.
617 5593 723 5648 Ed.
750 5595 922 5652 Paris.

473 5665 864 5792 Οηςὶἓῐῐίηξῖἶηᾱ.
898 5669 1063 5726 verba
1089 5671 1226 5741 haec,
1260 5681 1306 5729 et
1333 5674 1389 5731 in
1413 5679 1814 5739 nominetuo....
1833 5680 2070 5752 fecimus,

785 5754 828 5792 r.

785 5754 828 5792 Γ.

546 5807 566 5840 ⁴
599 5806 864 5878 Vindoc.,
895 5827 1070 5868 omnes
1095 5815 1208 5883 qui.

2156 1901 2241 1955 sui
2270 1902 2646 1973 Redemptoris
2668 1905 2839 1958 nostri
2862 1903 3207 1959 commendat
3229 1903 3550 1970 adventum,
3574 1913 3629 1959 et
3652 1921 3766 1976 quo

2157 1990 2224 2045 ab
2253 1991 2346 2045 illo
2367 1990 2558 2046 ordine
2581 1993 2883 2049 Behemoth
2908 1995 3008 2048 istc
3026 1994 3096 2048 sit
3114 1992 3469 2064 perimeudus
3487 1992 3766 2060 insinuat,

2158 2087 2218 2134 ut
2243 2081 2371 2151 quia
2391 2098 2485 2136 cor
2503 2090 2748 2137 nostrum
2769 2092 2985 2139 narrata
3014 2083 3164 2138 illius
3193 2082 3400 2138 virtute
3429 2083 3766 2154 perculerat,

2161 2187 2447 2226 moerorem
2497 2182 2744 2228 nostrum
2791 2174 2956 2229 citius
3001 2172 3243 2228 indicata
3295 2171 3413 2244 ejus
3451 2171 3769 2244 perditione

2160 2261 2295 2315 relev
2311 2271 2442 2317 aret.
2473 2262 2644 2332 Igitur
2673 2271 2956 2336 postquam
2985 2262 3161 2318 dixit:
3191 2263 3769 2332 Absorbebitﬂuvium,

2161 2357 2208 2404 et
2235 2369 2339 2405 non
2367 2351 2674 2416 mirabitur,
2705 2359 2750 2405 et
2779 2354 2928 2406 habet
2957 2353 3207 2422 ﬁduciam
3237 2353 3377 2422 quod
3408 2352 3603 2422 inﬂuat
3632 2352 3772 2406 Jor-

2163 2440 2317 2494 danis
2346 2441 2399 2493 in
2421 2458 2477 2493 os
2497 2439 2630 2508 ejus,
2651 2441 2827 2512 ipsum
2861 2440 3012 2497 illico
3039 2441 3335 2497 dominica:
3367 2441 3773 2497 incarnationis

2164 2529 2459 2586 adventum
2502 2531 2818 2598 annuntiat,
2861 2531 3084 2588 dicens:
3135 2532 3200 2586 In
3235 2531 3401 2586 oculis
3449 2531 3566 2600 ejus
3615 2531 3774 2602 quasi

2165 2622 2318 2674 humo
2364 2621 2528 2690 rapiet
2570 2639 2704 2676 Pttm.
2753 2621 2887 2688 Quis
2932 2622 3138 2677 nesciat
3168 2621 3314 2694 quod
3353 2621 3410 2675 in
3443 2619 3614 2675 hamo
3649 2637 3774 2676 esca

2165 2710 2495 2779 ostenditur,
2525 2713 2745 2766 aculeus
2773 2712 3080 2768 occultatur
3095 2712 3122 2766 ‘P
3142 2713 3282 2766 Esca
3303 2711 3451 2766 enim
3475 2717 3769 2782 provocat,

2167 2808 2226 2854 ut
2254 2801 2475 2854 aculeus
2499 2808 2720 2870 pungat.
2741 2801 3012 2856 Dominus
3034 2801 3215 2872 itaque
3240 2807 3428 2855 noster
3447 2798 3518 2854 ad
3543 2799 3782 2854 humani

2169 2891 2380 2961 generis
2412 2892 2842 2962 redemptionem
2875 2891 3120 2958 veniens,
3141 2891 3294 2945 velut
3313 2889 3616 2962 quemdam
3639 2889 3708 2944 de
3729 2905 3783 2944 se

2169 2981 2225 3034 in
2259 2996 2444 3035 necem
2477 2979 2683 3034 diaboli
2717 2981 2940 3034 hamum
2974 2981 3123 3036 fecit.
3159 2980 3474 3051 Assumpsit
3495 2981 3781 3036 enimcor-

2169 3086 2291 3143 pus,
2314 3077 2375 3124 ut
2406 3070 2461 3124 in
2493 3086 2556 3124 eo
2587 3069 2887 3125 Behemoth
2921 3071 3021 3126 istc
3051 3071 3204 3144 quasi
3229 3087 3407 3126 escam
3440 3087 3599 3125 suam
3626 3087 3786 3126 mor-

2168 3166 2279 3214 tem
2310 3159 2492 3215 carnis
2522 3167 2816 3230 appeteret.
2847 3160 3019 3227 Quam
3057 3168 3289 3217 mortem
3317 3160 3454 3216 dum
3489 3161 3551 3216 in
3583 3160 3687 3215 illo
3707 3160 3786 3216 in-

2165 3249 2314 3321 juste
2343 3249 2570 3320 appetit,
2603 3252 2623 3284 ⁷
2658 3267 2755 3304 nos
2787 3267 2922 3322 quos
2953 3251 3108 3323 quasi
3133 3249 3280 3322 justc
3317 3250 3541 3306 tenebat
3569 3251 3784 3306 amisit.

2168 3340 2227 3394 In
2251 3337 2414 3392 hamo
2444 3356 2569 3409 ergo
2591 3337 2709 3408 ejus
2728 3340 3126 3396 incarnationis
3147 3348 3341 3412 captus
3365 3348 3469 3408 est,
3493 3340 3630 3412 quia
3650 3341 3786 3396 dum

2169 3428 2224 3482 in
2257 3429 2352 3482 illo
2393 3429 2599 3500 appetit
2638 3446 2814 3485 escam
2856 3431 3120 3501 corporis,
3143 3429 3445 3486 transﬁxus
3476 3439 3560 3486 est
3590 3431 3788 3487 aculeo

2168 3518 2500 3575 divinitatis.
2533 3518 2616 3574 Ibi
2643 3521 2844 3592 quippe
2877 3521 3051 3577 inerat
3081 3520 3396 3576 humanitas
3440 3537 3565 3594 quae
3607 3521 3682 3578 ad
3731 3537 3790 3578 se

2169 3608 2549 3664 devoratorem
2581 3609 2825 3679 duceret,
2869 3610 2948 3666 ibi
2979 3611 3248 3668 divinitas
3285 3628 3407 3684 quae
3451 3611 3788 3682 perforaret,

2171 3699 2248 3755 ibi
2296 3707 2480 3772 aperta
2525 3699 2818 3757 inﬁrmitas
2857 3719 2976 3774 qua:
3025 3711 3368 3775 provocaret,
3429 3701 3507 3757 ibi
3564 3702 3791 3758 occulta

2171 3791 2348 3846 virtus
2386 3809 2504 3864 qua:
2553 3791 2788 3864 raptoris
2829 3791 3043 3848 faucem
3086 3793 3456 3864 transﬁgeret.
3509 3793 3574 3848 In
3615 3792 3790 3848 hamo

2171 3881 2340 3952 igitur
2381 3891 2572 3954 captus
2603 3891 2704 3950 est,
2738 3882 2868 3956 quia
2912 3883 3040 3939 inde
3080 3883 3294 3940 interiit
3341 3883 3489 3939 unde
3534 3883 3793 3940 devora-

2170 3973 2271 4028 vit.
2321 3974 2392 4028 Et
2439 3973 2662 4046 quidem
2713 3973 3019 4030 Behemoth
3063 3973 3164 4030 iste
3206 3973 3412 4030 Filium
3459 3975 3562 4029 Dei
3605 3973 3791 4030 incar-

2169 4073 2361 4120 natum
2401 4071 2648 4133 noxerat,
2693 4063 2787 4119 sed
2828 4063 3222 4137 redemptionis
3271 4072 3474 4120 nostrae
3523 4062 3791 4121 ordinem

2171 4153 2464 4210 nesciebat.
2489 4153 2706 4210 Sciebat
2726 4154 2874 4208 enim
2897 4154 3044 4227 quod
3071 4171 3172 4227 pro
3197 4153 3577 4227 redemptione
3593 4164 3794 4211 nostra

2171 4245 2488 4302 incarnatus
2519 4245 2619 4301 Dei
2649 4245 2822 4301 Filius
2842 4245 3040 4311 fuerat,
3071 4245 3166 4301 sed
3195 4245 3424 4300 omnino
3454 4245 3604 4318 quod
3637 4245 3792 4301 idem

2170 4335 2503 4407 Redemptor
2530 4343 2717 4390 noster
2765 4335 2924 4390 illum
2975 4335 3264 4391 moriendo
3295 4335 3647 4407 transﬁgeret
3679 4351 3792 4390 ne-

2171 4425 2395 4480 sciebat.
2431 4424 2586 4481 Unde
2615 4432 2668 4479 et
2714 4423 2852 4480 bene
2881 4423 3124 4480 dicitur:
3163 4426 3228 4480 In
3275 4425 3441 4480 oculis
3484 4423 3599 4494 ejus
3629 4425 3796 4496 quasi

2175 4519 2328 4573 hamo
2357 4517 2525 4588 rapiet
2573 4535 2707 4574 eum.
2770 4518 2832 4573 In
2877 4519 3054 4575 oculis
3083 4517 3283 4591 quippe
3313 4517 3513 4574 habere
3545 4518 3794 4574 dicimus

2176 4608 2322 4682 quod
2359 4625 2540 4664 coram
2569 4609 2728 4664 nobis
2757 4607 3001 4680 positum
3035 4608 3309 4665 videmus.
3341 4608 3624 4681 Antiquus
3659 4627 3794 4666 vero

2176 4696 2350 4753 hostis
2371 4698 2599 4754 humani
2625 4700 2836 4772 generis
2853 4697 3278 4770 Redemptorcm
3297 4706 3422 4754 ante
3454 4716 3508 4756 se
3540 4700 3792 4772 positum

2175 4787 2336 4856 vidit,
2361 4804 2546 4860 quem,
2575 4789 2953 4860 cognoscendo
2985 4789 3286 4856 confessus,
3311 4789 3630 4845 conﬁtendo
3657 4808 3794 4862 per-

2175 4877 2382 4946 timuit,
2403 4878 2762 4945 dicenszouid
2782 4879 2932 4933 nobis
2952 4887 3000 4933 et
3019 4880 3132 4949 tibi,
3157 4881 3266 4935 Fili
3287 4880 3425 4936 Dei?
3446 4879 3638 4934 venisti
3671 4886 3794 4935 ante

2178 4974 2374 5040 tempus
2393 4976 2634 5038 torquere
2663 4985 2757 5023 nos
2777 4970 2996 5037 (Matth.
3022 4986 3146 5036 vm,
3165 4969 3284 5041 29).
3309 4970 3370 5025 In
3395 4969 3574 5025 oculis
3600 4969 3792 5041 itaque

2175 5059 2291 5114 suis
2315 5061 2334 5093 ⁸
2366 5057 2530 5113 hamo
2561 5067 2750 5130 captus
2777 5067 2879 5127 est,
2911 5057 3041 5130 quia
3069 5065 3123 5114 et
3151 5075 3252 5114 nov
3266 5059 3328 5125 it,
3361 5065 3414 5114 et
3449 5059 3786 5124 momordit;

2175 5156 2229 5204 et
2257 5151 2519 5222 cognovit
2546 5150 2699 5221 prius
2729 5166 2890 5222 quem
2920 5149 3348 5222 pertimesceret,
3383 5159 3437 5207 et
3459 5159 3644 5206 tamen
3672 5159 3790 5222 post

2178 5255 2291 5296 non
2309 5240 2520 5309 timuit,
2541 5255 2668 5298 cum
2708 5239 2767 5296 in
2797 5239 2896 5296 illo
2915 5239 3071 5314 quasi
3103 5256 3278 5298 escam
3310 5241 3616 5314 propriam,
3646 5255 3789 5295 mor-

2256 5457 2276 5498 δ
2309 5463 2432 5518 Duo
2463 5461 2670 5528 Germ,
2705 5458 2875 5519 Laud.
2909 5466 2961 5520 et
2993 5459 3116 5518 Val.
3150 5460 3256 5530 CL,
3289 5467 3336 5516 et
3364 5461 3609 5518 comedit.

2255 5537 2276 5568 δ
2307 5537 2467 5590 Deest
2511 5535 2727 5590 Domini
2775 5534 2866 5592 hic
2891 5546 2953 5606 _et
2989 5535 3134 5590 infra
3164 5534 3221 5589 in
3259 5534 3528 5603 Vindoc.,
3579 5535 3789 5596 Germ.,

2183 5604 2390 5663 Turon.
2425 5625 2488 5662 ac
2523 5607 2816 5678 plerisque.

2256 5681 2274 5714 7
2310 5679 2528 5734 Ebroi‘c.
2558 5679 2762 5750 aliique
2792 5679 3005 5746 Norm.,
3037 5696 3130 5731 nos
3165 5695 3369 5748 quoque
3399 5695 3534 5749 quos
3554 5678 3718 5748 justc.

2259 5751 2280 5785 ⁸
2311 5750 2574 5819 Vindoc.,
2609 5751 2832 5806 Ebro'ic.
2867 5757 2919 5805 et
2945 5750 3039 5806 alii
3069 5751 3281 5820 Nomm,
3316 5751 3476 5822 quasi
3506 5751 3679 5808 hamo.
