3936 6392
128 306 216 362 681

883 298 1258 358 MORALIUM
1295 299 1430 359 LIB.
1470 298 1734 357 XXXIII.
1774 328 1845 342 —
1883 297 1956 356 IN
1993 296 2220 357 CAPUT
2258 299 2356 359 XL
2394 300 2456 358 Β.
2497 300 2639 360 JOB.

3310 302 3416 362 682

130 441 229 489 tem
254 426 432 487 carnis
451 424 701 483 esuriret.
736 424 875 501 [Vet.
903 428 987 485 XI
991 426 1030 502 .]
1053 427 1226 501 Igitur
1241 426 1371 501 quia
1390 436 1555 502 caput
1582 445 1707 486 nos-
1735 434 1788 494 Α
1818 426 1972 484 illico
2001 426 2294 500 subjunxit
2319 445 2331 483 :
2364 428 2427 484 Ut
2469 444 2577 484 non
2626 427 3104 486 circumveniantur
3147 446 3184 486 a
3224 436 3418 486 satana

128 528 262 576 trum
290 533 387 591 per
405 533 461 573 se
491 515 626 589 quid
658 515 791 573 fecit
819 515 1155 587 audivimus,
1180 534 1329 576 nunc
1348 534 1445 592 per
1466 517 1711 575 membra
1819 517 2015 590 (Ibid,
2040 518 2157 590 11).
2195 516 2365 589 Cujus
2380 533 2596 590 sagaces
2626 516 2855 575 insidias
2891 536 3057 593 quam
3074 528 3237 578 acuto
3252 536 3418 578 sensu

128 627 216 667 sua
233 608 364 684 quid
392 608 557 665 faciat
586 607 894 664 audiamus.
928 608 1191 683 Sequitur
1216 627 1227 665 :

503 697 730 755 CAPUT
761 698 888 754 VIII
919 696 1062 771 [Rea
1103 696 1282 773 VIII].

191 788 322 845 IBID.
355 819 423 829 —-
446 789 521 844 Et
548 787 605 842 in
631 787 849 843 sudibus
874 790 887 822 ¹
915 787 1217 860 per/brabit
1254 806 1413 844 nares
1442 788 1575 859 ejus.

194 878 274 935 15.
328 877 707 950 Sagacissimas
760 878 874 949 ejus
920 879 1144 935 insidias
1201 879 1498 951 detegendo,
1546 880 1713 936 sancti

128 968 275 1025 veluti
300 968 427 1023 sude
440 984 598 1023 nares
618 968 787 1040 ipsius
804 967 1331 1040 perforant—Quid
1348 968 1500 1025 aliud
1528 969 1707 1038 sudes,

128 1059 176 1115 id
198 1066 273 1114 est
295 1058 448 1130 palos
478 1058 802 1130 accipimus,
853 1058 947 1131 qui
988 1058 1247 1114 videlicet
1272 1068 1623 1116 exacuuntur
1651 1067 1713 1115 ut

127 1148 370 1221 ﬁgantur,
400 1148 511 1205 nisi
539 1157 699 1205 acuta
727 1156 1043 1205 sanctorum
1071 1148 1303 1205 consilia
1325 1149 1352 1204 ?
1383 1149 1514 1217 Quae
1544 1148 1713 1221 hujus

126 1236 415 1294 Behemoth
447 1254 607 1294 nares
635 1238 938 1311 perforant,
983 1237 1116 1294 dum
1160 1238 1550 1310 sagacissimus
1597 1237 1714 1311 ejus

128 1328 341 1384 insidias
369 1336 425 1384 et
457 1328 743 1399 vigilando
773 1329 1253 1401 circumspiciunt,
1301 1335 1355 1384 et
1401 1327 1715 1400 superando

127 1416 461 1489 transﬁgunt.
486 1417 589 1473 Per
618 1433 776 1473 nares
805 1434 937 1475 vero
980 1416 1118 1474 odor
1157 1416 1417 1484 trahitur,
1448 1423 1502 1471 et
1530 1415 1717 1472 dedu-

125 1514 203 1563 cto
230 1505 361 1561 ﬂatu
391 1505 501 1563 hoc
528 1504 729 1579 agitur,
760 1515 822 1563 ut
856 1523 942 1563 res
983 1506 1146 1563 etiam
1176 1521 1297 1579 quae
1326 1506 1485 1578 longe
1514 1513 1595 1561 est
1622 1521 1715 1577 po-

124 1596 221 1652 sita
273 1605 661 1669 cognoscatur.
706 1597 943 1654 Naribus
975 1612 1103 1670 ergo
1144 1595 1448 1653 Behemoth
1501 1595 1715 1653 callidae

124 1685 231 1759 ejus
254 1686 475 1743 insidiae
495 1687 876 1759 designantur,
910 1702 1005 1759 per
1042 1701 1178 1760 quas
1205 1686 1552 1759 sagacissime
1587 1686 1717 1742 niti-

124 1784 207 1831 tur
231 1783 283 1832 et
311 1777 534 1834 occulta
560 1776 746 1834 cordis
782 1776 957 1833 nostri
987 1776 1132 1832 bona
1165 1791 1491 1846 cognoscere
1522 1781 1577 1831 et
1601 1774 1729 1832 haec

125 1864 349 1936 pessima
395 1866 754 1939 persuasione
798 1865 1085 1938 dissipare.
1145 1867 1208 1921 In
1264 1866 1497 1923 sudibus
1532 1867 1718 1940 itaque

124 1954 382 2011 Dominus
410 1971 575 2012 nares
605 1954 722 2028 ejus
749 1956 1009 2029 perforat,
1041 1955 1171 2030 quia
1214 1956 1443 2013 callidas
1472 1955 1590 2028 ejus
1618 1955 1717 2012 in-

124 2043 280 2101 sidias
299 2045 481 2102 acutis
510 2055 825 2105 sanctorum
857 2046 1110 2104 sensibus
1138 2056 1431 2120 penetrans
1468 2054 1715 2103 enervat.

124 2136 262 2210 Saepe
290 2148 477 2196 autem
507 2138 781 2197 bonorum
825 2141 944 2197 vias
975 2148 1128 2198 tanta
1161 2140 1435 2199 insidians
1469 2148 1583 2199 arte
1616 2141 1720 2199 cir-

124 2230 411 2299 cumvolat,
438 2238 502 2287 ut
530 2246 706 2302 perea
744 2245 864 2304 quae
898 2230 988 2305 ;ab
1017 2232 1098 2287 eis
1152 2231 1290 2288 bene
1334 2241 1485 2306 gesta
1522 2250 1719 2305 cogno-

125 2317 276 2387 verit,
307 2318 377 2375 ad
408 2320 679 2377 malitiam
711 2319 921 2377 aditum
955 2328 1181 2396 quaerat.
1216 2322 1352 2378 Nam
1382 2320 1529 2379 unde
1550 2322 1721 2378 alium

126 2406 300 2479 largiri
327 2409 466 2482 quid
493 2411 783 2483 conspicit,
817 2409 946 2466 inde
975 2410 1147 2467 alium
1170 2410 1229 2467 in
1256 2410 1549 2468 discordiae
1570 2409 1722 2466 ﬂam-

126 2513 206 2555 ma
234 2499 527 2557 succendit
546 2507 628 2569 ;et
647 2517 774 2557 cum
796 2499 947 2556 hunc
963 2500 1189 2572 respicit
1209 2499 1483 2570 misereri,
1500 2499 1582 2557 illi
1604 2516 1721 2572 per-

127 2587 307 2645 suadet
338 2589 528 2657 irasci,
560 2597 622 2646 ut
651 2588 782 2645 dum
822 2589 1029 2645 bonum
1066 2590 1221 2661 quasi
1251 2606 1363 2645 non
1401 2589 1724 2648 communi-

127 2684 202 2733 ter
230 2684 423 2743 1086
446 2678 653 2736 factum
685 2678 953 2745 insinuat,
994 2678 1296 2735 concordes
1326 2678 1542 2735 animos
1561 2694 1593 2734 a
1619 2677 1722 2735 bo-

127 2792 191 2833 no
209 2778 399 2850 gratiae
429 2776 743 2833 communis
768 2774 1073 2832 abscindat.
1103 2775 1245 2843 Quia
1273 2778 1420 2832 enim
1442 2774 1723 2848 justorum

130 2877 331 2925 mentes
361 2867 433 2924 ad
475 2872 617 2923 mala
644 2865 925 2923 suadendo
963 2881 1076 2923 non
1104 2868 1252 2924 valet
1273 2866 1725 2940 frangere,bonis

131 2958 320 3030 satagit
339 2956 561 3014 actibus
589 2956 735 3013 inter
762 2972 852 3013 eas
881 2958 1023 3013 mala
1067 2957 1357 3013 seminare.
1404 2955 1510 3013 Sed
1547 2957 1721 3013 sancti

131 3046 227 3102 viri
259 3047 360 3103 has
390 3043 510 3118 ejus
536 3045 768 3102 insidias
784 3054 938 3103 tanto
964 3047 1198 3104 celerius
1226 3046 1481 3115 vincunt,
1519 3051 1724 3120 quanto

129 3144 177 3192 et
202 3135 469 3193 subtilius
499 3134 937 3207 deprehendunt.
969 3134 1127 3204 Quod
1154 3134 1351 3191 melius
1380 3134 1725 3191 ostendimus

128 3225 171 3280 si
199 3242 370 3282 unum
396 3241 426 3281 e
458 3225 651 3281 multis
678 3220 1045 3282 assertoribus
1091 3224 1343 3282 veritatis
1378 3224 1436 3280 in
1464 3225 1731 3280 testimo-

128 3313 273 3371 nium
302 3314 540 3371 Paulum
570 3331 852 3385 vocemus,
886 3314 988 3371 sub
1019 3331 1128 3388 quo
1149 3314 1372 3388 quidam
1403 3312 1730 3371 Corinthius

128 3402 471 3462 dumincesti
511 3403 728 3462 facinus
761 3410 1144 3477 perpetrasset,
1176 3419 1302 3460 eum
1336 3402 1530 3460 doctor
1567 3418 1731 3475 egre-

131 3493 242 3565 gius
270 3494 326 3552 in
358 3494 549 3552 carnis
585 3494 872 3552 interitum
894 3494 962 3551 ad
992 3494 1425 3552 satisfactionem
1449 3492 1733 3565 poeniten-

128 3584 213 3642 tiae
242 3586 462 3643 Satanae
487 3585 742 3655 tradidit,
774 3591 827 3642 et
857 3584 916 3641 in
944 3585 1090 3642 diem
1112 3582 1339 3641 Domini
1369 3583 1585 3640 salvum
1616 3581 1734 3655 ejus

129 3675 373 3748 spiritum
413 3676 728 3733 reservavit
758 3675 816 3748 (I
834 3675 958 3733 Cor.
981 3693 1040 3743 v,
1068 3675 1149 3748 5).
1178 3674 1373 3747 Magna
1391 3672 1598 3747 quippe
1618 3679 1733 3729 arte

129 3765 418 3838 magisterii
460 3765 569 3838 ipsi
593 3774 675 3823 est
722 3764 960 3822 traditus
1005 3770 1228 3822 coactus
1273 3761 1332 3819 in
1389 3778 1609 3835 pmnam
1640 3762 1733 3828 cui

129 3864 311 3927 sponte
341 3864 422 3914 est
464 3855 772 3912 substratus
800 3854 859 3910 in
893 3854 1077 3926 culpa,
1108 3860 1171 3909 ut
1209 3852 1306 3925 qui
1333 3859 1529 3908 auctor
1557 3851 1737 3906 fuerat

128 3946 191 4003 ad
220 3946 419 4003 vitium
466 3945 749 4019 nequitiae,
782 3944 898 4017 ipse
928 3942 1203 4016 ﬂagellum
1227 3940 1383 3997 ﬁeret
1400 3939 1731 4011 disciplinae.

129 4036 239 4105 Qua
262 4046 460 4095 tamen
493 4036 634 4092 bene
664 4044 810 4108 gesta
841 4033 1186 4107 poenitentia,
1218 4031 1351 4088 dum
1388 4029 1738 4103 cognovisset

128 4126 436 4185 Corinthios
482 4141 644 4199 super
664 4142 788 4182 eum
805 4124 920 4197 jam
942 4123 1375 4180 misericorditer
1405 4130 1606 4191 motos,
1638 4120 1733 4177 ait:

134 4216 154 4251 ²
178 4218 273 4273 Cui
292 4216 513 4289 aliquid
537 4217 796 4282 donastis,
818 4222 865 4271 et
887 4232 1009 4288 ego;
1037 4231 1163 4270 nam
1183 4220 1231 4269 et
1248 4231 1337 4286 ego
1354 4213 1494 4284 quod
1522 4212 1738 4281 donavi,

140 4307 182 4361 si
210 4309 333 4379 quid
355 4307 576 4375 donavi,
593 4312 815 4378 propter
832 4322 922 4360 vos
938 4306 993 4359 in
1009 4321 1242 4376 persona
1267 4303 1470 4359 Christi
1491 4302 1586 4372 (II
1610 4303 1736 4358 Cor.

140 4408 199 4461 ιι,
233 4397 342 4470 10).
392 4396 822 4455 Cammunionis
849 4411 980 4451 vero
997 4394 1227 4467 gratiam
1249 4392 1496 4465 cogitans
1516 4392 1611 4447 ait:
1642 4391 1743 4449 Cui

138 4486 341 4557 aliquid
366 4486 627 4554 donastis,
658 4491 706 4541 et
734 4503 842 4557 ego.
892 4488 973 4542 Ac
1018 4484 1065 4541 si
1106 4484 1352 4541 diceret:
1393 4484 1441 4538 A
1470 4481 1619 4538 bono
1652 4496 1743 4536 ve-

1822 606 2108 679 transﬁgat
2136 606 2383 664 insinuat
2412 605 2685 663 subdens:
2709 606 2981 664 Nonenim
3000 609 3307 681 ignoramus
3335 627 3416 667 co-

1818 694 2098 766 gitationes
2129 693 2262 764 ejus.
2295 697 2377 750 Ac
2421 694 2469 750 si
2516 694 2701 751 verbis
2747 693 2872 751 aliis
2919 695 3101 753 dicat:
3158 698 3179 733 ‘
3227 699 3421 757 Acuta

1824 791 2048 841 auctore
2090 784 2331 841 Domino
2360 783 2520 841 sudes
2567 800 2778 852 sumus,
2824 791 2879 839 et
2916 800 3073 842 nares
3114 785 3420 845 Behemoth

1824 874 1987 932 istius
2017 872 2297 932 subtiliter
2316 875 2815 949 circumspiciendo
2830 885 3199 949 penetramus,
3228 895 3297 937 ne
3316 879 3423 938 hoc

1824 964 1976 1039 quod
2026 966 2164 1023 bene
2218 982 2374 1025 mens
2427 966 2672 1035 inchoat,
2721 968 2838 1040 ipse
2875 967 2934 1024 in
2976 968 3203 1027 malitiae
3255 970 3422 1027 ﬁnem

1823 1062 2020 1114 vertat.

1898 1145 2036 1219 [Vet.
2074 1147 2232 1224 XII.]
2265 1149 2348 1206 16.
2385 1150 2587 1206 Christi
2616 1149 2942 1208 divinitatem
2969 1154 3278 1225 erploram,
3313 1153 3427 1226 ejus

1825 1239 1999 1294 verbis
2025 1239 2083 1294 in
2109 1256 2239 1295 naso
2261 1240 2503 1312 conﬁxus
2548 1245 2622 1295 est
2664 1246 2715 1296 et
2738 1247 2940 1313 captus.
2971 1274 3043 1285 —
3064 1244 3301 1301 Possunt
3330 1261 3428 1318 per

1827 1329 1993 1386 sudes
2022 1338 2183 1387 acuta
2210 1329 2384 1402 ipsius
2438 1346 2536 1403 per
2582 1346 2798 1388 carnem
2849 1334 2870 1367 ⁵
2929 1333 3288 1392 manifestata
3330 1353 3428 1393 sa-

1828 1419 2052 1494 pientiae
2087 1417 2256 1475 verba
2284 1420 2509 1492 signari,
2541 1428 2603 1478 ut
2640 1422 2769 1494 quia
2822 1422 3051 1481 naribus
3077 1423 3214 1483 odor
3240 1425 3428 1483 trahi-

1827 1516 1937 1577 tur,
1979 1526 2078 1583 per
2099 1509 2409 1568 Behemoth
2438 1526 2597 1568 nares
2628 1511 2723 1567 illa
2774 1513 2989 1587 antiqui
3036 1513 3212 1573 hostis
3240 1517 3426 1590 explo-

1826 1601 1968 1658 ratio
1996 1601 2280 1675 ﬁguretur.
2339 1603 2446 1672 Qui
2502 1621 2629 1662 cum
2685 1607 2861 1663 Deum
2917 1606 3263 1667 incarnatum
3312 1628 3427 1669 esse

1828 1691 2132 1761 dubitaret,
2172 1691 2279 1750 hoc
2313 1694 2572 1766 expetitis
2614 1696 2897 1755 miraculis
2939 1698 3119 1756 voluit
3162 1701 3427 1758 tentando

1752 1809 1799 1871 B
1829 1797 2183 1871 cognoscere,
2212 1781 2403 1840 dicens
2428 1800 2439 1838 :
2474 1783 2535 1841 Si
2562 1784 2737 1840 Filius
2765 1786 2867 1841 Dei
2910 1804 2984 1856 es,
3025 1788 3110 1843 dic
3140 1797 3201 1845 ut
3230 1790 3428 1862 lapides

1826 1869 1918 1925 isti
1944 1887 2107 1942 panes
2126 1872 2260 1944 ﬁant
2290 1872 2502 1944 (Matth.
2547 1888 2625 1941 1v,
2677 1872 2757 1947 3).
2806 1874 2948 1942 Quia
2991 1889 3119 1949 ergo
3145 1877 3428 1951 signorum

1832 1958 2057 2016 indiciis
2087 1959 2315 2017 odorem
2346 1960 2662 2020 divinitatis
2707 1961 2828 2035 ejus
2866 1978 3194 2037 cognoscere
3231 1983 3431 2025 concu-

1831 2047 1995 2122 pivit,
2024 2050 2179 2123 quasi
2202 2048 2394 2107 ﬂatum
2429 2050 2658 2109 naribus
2682 2053 2873 2109 traxit.
2915 2054 3022 2110 Sed
3050 2055 3182 2112 dum
3213 2055 3263 2112 ei
3310 2072 3431 2129 pro-

1831 2139 1983 2196 tinus
2012 2139 2412 2213 respondetur:
2446 2142 2567 2199 Non
2582 2142 2641 2199 in
2663 2160 2805 2215 pane
2832 2144 2943 2200 solo
2971 2144 3101 2199 vivit
3128 2146 3299 2203 homo.
3325 2146 3428 2203 Et:

1831 2228 1952 2285 Non
1994 2229 2214 2285 tentabis
2265 2231 2553 2286 Dominum
2598 2234 2765 2288 Deum
2817 2238 2966 2288 tuum
3023 2232 3212 2306 (Ibid,
3252 2233 3308 2304 4,
3351 2235 3432 2308 7),

1833 2318 1964 2392 quia
1991 2319 2391 2376 sententiarum
2421 2337 2646 2378 suarum
2660 2321 3432 2395 acuminibusindagationem

1832 2408 2047 2481 antiqui
2080 2408 2258 2467 hostis
2288 2411 2493 2468 veritas
2522 2412 2782 2485 perculit,
2807 2411 2962 2486 quasi
2996 2428 3156 2469 nares
3183 2412 3303 2484 ejus
3331 2430 3437 2470 su-

1832 2496 1998 2554 dibus
2024 2498 2350 2570 perforavit.
2381 2498 2486 2556 Sed
2518 2499 2649 2573 quia
2684 2498 2990 2557 Behemoth
3032 2500 3135 2558 iste
3159 2516 3255 2573 per
3282 2503 3438 2558 varia

1832 2586 2095 2644 fraudum
2125 2597 2453 2661 argumenta
2490 2589 2845 2659 distenditur,
2881 2589 3065 2649 adhuc
3092 2589 3355 2664 adjuncto
3382 2599 3436 2646 et

1832 2676 1944 2732 alio
1972 2676 2199 2733 nomine
2225 2685 2484 2735 notatur:
2508 2694 2635 2736 nam
2666 2679 2955 2738 subditur:

2280 2826 2509 2885 CAPUT
2548 2828 2627 2884 Ix
2668 2826 2813 2902 [Rea
2845 2830 2978 2905 IX].

1905 2940 2077 2998 Vnus.
2100 2940 2355 2997 20.—An
2369 2943 2648 2998 extrahere
2682 2945 2879 3015 poteris
2920 2944 3210 3001 Leviathan
3239 2946 3438 3002 hamo?

1910 3029 1996 3085 17.
2027 3029 2299 3085 Divinitas
2327 3030 2385 3084 in
2412 3047 2572 3085 carne
2586 3032 2728 3086 velut
2754 3033 2943 3088 hamus
2970 3033 3025 3086 in
3053 3048 3168 3088 esea
3193 3040 3438 3089 satanam

1836 3118 2514 3191 transﬁxit—Leviathan
2535 3121 2737 3193 quippe
2776 3120 3214 3178 additamentum
3244 3136 3437 3178 eorum

1758 3178 1803 3242 δ
1839 3178 2064 3266 dicitur.
2095 3208 2340 3276 Quorum
2379 3178 2807 3279 videlicet‘,‘nisi
2850 3209 3141 3267 hominum
3164 3212 3194 3268 Ῡ
3238 3211 3439 3285 quibus

1840 3300 2006 3357 semel
2037 3299 2253 3372 culpam
2276 3298 2748 3371 praevaricationis
2768 3299 2980 3368 intulit,
3011 3310 3066 3357 et
3092 3300 3237 3358 hanc
3266 3317 3440 3374 usque

1841 3388 1911 3445 ad
1935 3398 2195 3445 aaternam
2211 3397 2446 3445 mortem
2463 3388 2713 3461 quotidie
2730 3390 2981 3461 pessimis
3000 3389 3442 3463 suggestionibus

1843 3478 2115 3536 extendit.
2140 3477 2351 3545 Quibus
2367 3478 2501 3535 dum
2515 3487 2727 3535 reatum
2744 3478 2933 3537 fenore
2954 3480 3163 3552 peccati
3176 3478 3445 3553 multipli-

1843 3574 1948 3636 cat,
1974 3583 2161 3640 pcenas
2193 3567 2384 3638 procul
2415 3567 2586 3625 dubio
2634 3568 2753 3625 sine
2793 3570 3099 3626 cessatione
3134 3577 3440 3627 coacervat.

1842 3660 2029 3717 Potest
2058 3676 2275 3734 quoque
2298 3660 2603 3718 Laviathan
2621 3661 2785 3717 etiam
2804 3677 2900 3733 per
2917 3659 3442 3717 irrisionemvocari.

1844 3749 2031 3821 Primo
2064 3751 2266 3825 quippe
2321 3751 2537 3807 homini
2583 3751 2934 3823 persuasione
2990 3750 3192 3807 callida
3252 3755 3443 3814 1087

1845 3848 2200 3905 divinitatem
2231 3848 2552 3906 additurum
2581 3866 2637 3907 se
2660 3849 2964 3921 perhibuit,
2996 3848 3091 3905 sed
3120 3847 3447 3905 immortali-

1845 3946 2015 3996 tatem
2046 3939 2178 3994 tulit
2210 3938 2415 4011 (Genes.
2432 3956 2517 4008 III,
2542 3940 2625 4011 5).
2647 3939 3103 3996 Additamentum
3119 3952 3249 4011 ergo
3270 3938 3448 3995 homi-

1846 4045 1981 4085 num
2011 4045 2108 4101 per
2137 4028 2451 4084 irrisionem
2474 4027 2586 4083 dici
2618 4035 2817 4100 potest,
2868 4030 2890 4064 ⁶
2934 4028 3136 4101 quibus
3174 4027 3305 4083 dum
3342 4026 3449 4084 hoc

1850 4117 2000 4191 quod
2020 4135 2133 4174 non
2165 4126 2321 4175 erant
2350 4134 2406 4174 se
2437 4117 2636 4174 addere
2653 4117 2969 4191 spopondit,
2991 4118 3156 4174 etiam
3182 4116 3287 4174 hoc
3300 4117 3448 4190 quod

1850 4214 2008 4264 erant
2034 4208 2279 4265 fallendo
2307 4207 2606 4264 subtraxit.
2657 4207 2763 4264 Sed
2808 4207 3114 4263 Leviathan
3151 4207 3254 4263 iste
3286 4206 3451 4263 hamo

1854 4305 2048 4369 captus
2067 4305 2169 4368 est,
2194 4297 2325 4372 quia
2342 4298 2398 4353 in
2416 4297 2778 4369 Redemptore
2798 4296 3121 4353 nostrodum
3140 4313 3236 4369 per
3250 4296 3451 4353 satelli-

1853 4400 1934 4448 tes
1963 4406 2093 4445 suos
2124 4404 2303 4444 escam
2326 4387 2575 4460 corporis
2606 4374 2927 4454 momordit,
2959 4387 3272 4443 divinitatis
3294 4386 3450 4443 illum

1856 4481 2081 4537 aculeus
2115 4478 2437 4552 perforavit.
2476 4478 2638 4546 Quasi
2673 4478 2871 4535 hamus
2894 4479 3096 4551 quippe
3128 4477 3311 4536 fauces
3339 4479 3454 4551 glu-

143 4544 251 4631 stro
278 4593 389 4633 non
422 4544 718 4644 dissentio,
751 4544 933 4630 meum
965 4572 1037 4630 sit
1061 4572 1337 4647 quidquid
1370 4572 1476 4643 ipsi
1508 4570 1738 4627 fecistis.
1778 4544 1827 4604 Β
1852 4573 2047 4629 tientis
2070 4544 2269 4639 tenuit,
2293 4571 2425 4627 dum
2464 4544 2520 4625 in
2541 4571 2639 4626 illo
2661 4580 2713 4627 et
2736 4587 2857 4629 esca
2873 4544 3055 4628 carnis
3074 4572 3272 4644 patuit,
3291 4544 3452 4645 quam

145 4668 317 4739 Atque
345 4683 481 4724 mox
512 4664 764 4723 subdidit
789 4682 799 4720 :
833 4666 905 4719 Et
935 4681 1021 4735 ego
1050 4665 1097 4719 si
1117 4663 1247 4734 quid
1276 4662 1492 4730 donavi,
1523 4667 1744 4732 propter

145 4770 248 4811 vos.
279 4758 361 4812 Ac
406 4756 454 4812 si
482 4753 729 4811 diceret:
775 4751 992 4811 Vestris
1036 4751 1251 4809 actibus
1284 4750 1493 4807 bonum
1528 4749 1741 4819 addidi,

145 4844 413 4919 quidquid
433 4852 660 4919 propter
680 4861 779 4901 vos
801 4842 1237 4902 misericorditer
1254 4841 1380 4897 feci.
1400 4841 1598 4897 Vestra
1617 4855 1745 4912 ergo

145 4942 222 4990 est
238 4937 453 4993 utilitas
480 4935 702 4992 bonitas
729 4950 871 5003 mea,
903 4949 1022 4989 mea
1050 4940 1133 4989 est
1152 4930 1367 4989 utilitas
1394 4929 1613 4987 bonitas
1640 4945 1748 4986 ve-

145 5029 272 5080 stra.
313 5025 421 5093 Qui
450 5025 627 5098 ipsam
658 5041 792 5080 mox
821 5038 1145 5095 compagem
1193 5018 1470 5087 cordium,
1526 5018 1584 5074 in
1640 5035 1750 5092 qua

148 5112 225 5170 sic
249 5120 494 5182 tenetur,
524 5113 831 5187 adjungens
876 5111 1165 5169 subdidit:
1218 5109 1283 5165 In
1319 5124 1548 5180 persona
1596 5108 1749 5165 Chri-

147 5200 231 5256 sti.
264 5203 285 5237 ³
314 5202 418 5260 Cui
448 5204 606 5260 velut
629 5203 677 5260 si
707 5202 889 5260 dicere
918 5214 1349 5275 praesumamus:
1383 5196 1562 5265 Quare
1590 5202 1645 5252 te
1673 5197 1753 5255 ita

149 5299 303 5348 caute
330 5291 622 5366 discipulis
659 5293 885 5366 copulas
905 5293 934 5350 ?
968 5307 1138 5366 quare
1167 5290 1255 5346 vel
1294 5297 1348 5346 te
1377 5288 1625 5356 illorum,
1656 5287 1750 5344 vel

132 5377 274 5438 .illos
299 5382 414 5439 tuis
442 5381 758 5441 actionibus
774 5389 888 5441 tam
923 5381 1165 5440 sollicita
1183 5385 1368 5436 mente
1394 5376 1708 5436 conformas
1724 5374 1754 5435 7

223 5576 241 5660 ξ
270 5575 394 5660 γειλ
420 5578 527 5660 Cl._,
548 5578 872 5660 perforavit.
898 5650 930 5660 Α
1137 5655 1150 5660 _
1238 5656 1248 5660 Α
1390 5644 1405 5660 .
1482 5648 1515 5660 θ’
1743 5650 1753 5660 _

158 5732 162 5737 ο
192 5651 242 5737 ,ξ
271 5644 841 5737 In‘baudfpt'Corb.
885 5650 1098 5737 Cerme
1135 5655 1352 5737 tantum
1390 5644 1610 5724 legitur,
1668 5650 1751 5707 cui

151 5719 359 5794 aliquid
386 5723 626 5780 donastis
654 5730 702 5779 et
718 5741 828 5796 ego.
861 5723 940 5780 Ac
967 5722 1015 5778 si
1041 5722 1249 5779 diceret.
1448 5719 1470 5724 ⁷
1596 5719 1601 5720 ί

220 5795 242 5827 ³
273 5793 542 5863 Vindoc.,
568 5796 795 5864 Pratel.,
816 5796 986 5865 Utic.,
1024 5794 1125 5853 Cui
1152 5794 1391 5853 videlicet
1415 5795 1461 5849 si
1489 5796 1676 5852 dicere.

434 5891 678 5955 Parnon.
712 5892 965 5955 LXXVI.

1852 4662 2150 4718 devorator
2179 4668 2479 4734 appeteret,
2518 4669 2571 4717 et
2600 4659 2869 4717 divinitas
2911 4662 3185 4734 passionis
3216 4671 3458 4733 tempore

1854 4752 2044 4821 latuit,
2079 4768 2199 4825 qua:
2222 4760 2461 4808 necaret.
2495 4752 2555 4807 In
2578 4750 2684 4808 hac
2712 4751 2912 4825 quippe
2942 4768 3205 4825 aquarum
3236 4751 3456 4824 abysso,

1857 4841 1913 4897 id
1943 4849 2024 4897 est
2052 4840 2111 4896 in
2146 4840 2249 4899 hac
2288 4840 2658 4896 immensitate
2693 4842 2906 4913 generis
2936 4840 3185 4909 humani,
3218 4840 3286 4896 ad
3328 4857 3459 4897 om-

1856 4930 2016 4986 nium
2048 4937 2283 4987 mortem
2313 4930 2558 4998 inhians,
2590 4930 2761 4985 vitam
2798 4945 2936 5002 pene
2962 4931 3212 4986 omnium
3236 4945 3456 5000 vorans,

1867 5018 1984 5077 huc
2011 5019 2256 5091 illucque
2283 5026 2473 5090 aperto
2500 5035 2595 5075 ore
2622 5026 2777 5075 cetus
2804 5019 2905 5075 iste
2934 5017 3233 5087 ferebatur,
3263 5017 3357 5074 sed
3392 5018 3462 5075 ad

1858 5115 2097 5165 mortem
2138 5109 2245 5165 ceti
2287 5108 2449 5165 istius
2478 5108 2676 5165 hamus
2705 5109 2763 5164 in
2806 5107 2909 5165 hac
2935 5123 3201 5180 aquarum
3233 5107 3459 5180 profun-

1860 5198 2033 5256 ditate
2060 5197 2363 5271 caliginosa
2409 5198 2550 5254 mira
2601 5207 2683 5256 est
2726 5197 3086 5270 dispositione
3141 5211 3458 5270 suspensus.

1860 5285 2044 5361 Hujus
2078 5287 2232 5344 hami
2258 5288 2404 5345 linea
2432 5288 2528 5344 illa
2553 5295 2636 5343 est
2675 5304 2772 5360 per
2806 5287 3171 5360 Evangelium
3210 5288 3463 5364 antiquo-

1865 5393 1990 5435 rum
2016 5384 2236 5451 patrum
2276 5392 2515 5451 propago
2541 5385 2860 5436 memorata.
2892 5379 3029 5436 Nam
3058 5395 3185 5437 cum
3216 5379 3460 5439 dicitur:

1941 5576 1962 5614 ‘
1993 5576 2056 5634 In
2085 5574 2253 5635 duob.
2277 5576 2490 5643 Germ.,
2523 5576 2581 5633 in
2612 5576 2762 5635 Edit.
2789 5578 2968 5638 Vatic.
2999 5572 3227 5639 Parisiis
3255 5562 3465 5649 recusa,

1863 5655 1919 5706 et
1949 5649 2008 5706 in
2031 5650 2325 5718 Gussanv.,
2349 5650 2512 5705 acuti.

1935 5723 1956 5757 ⁶
1983 5718 2247 5791 Vindoc.,
2268 5719 2571 5792 manifesta.

1939 5795 1960 5828 θ
1991 5794 2217 5863 Pratel.,
2247 5794 2375 5866 quia
2405 5795 2529 5850 dum
2550 5793 2659 5850 hoc.

3151 5896 3221 5957 '29
