3936 6378
565 317 672 377 683

1769 320 2021 380 SANCTI
2057 319 2397 383 GREGORII
2431 325 2660 387 MAGNI

553 444 826 501 Abraham
853 443 1033 516 genuit
1052 443 1229 512 Isaac,
1258 445 1414 502 Isaac
1448 445 1626 516 genuit
1662 445 1824 502 Iacob
1857 445 2072 516 (Matth.
2107 461 2146 514 ι,
2177 451 2228 510 Α
2257 448 2428 523 ligata
2454 461 2557 524 est,
2589 454 2719 529 quia
2744 454 2864 528 ejus
2892 456 3126 516 veritate
3149 459 3390 533 cognita,
3422 462 3444 497 ⁴
3475 461 3580 520 i'Le
3601 464 3650 521 fa
3705 471 3824 527 .tatis

553 534 635 605 2);
669 548 908 606 cumque
935 533 1120 591 caeteri
1178 549 1520 592 successores
1576 533 1906 609 interposito
1957 533 2159 606 Joseph

553 623 782 679 nomine
825 641 1001 699 usque
1054 625 1124 682 ad
1170 625 1397 682 Mariam
1447 625 1720 698 virginem
1770 627 2158 699 desponsatam

555 711 964 784 describuntur,
997 717 1154 788 quasi
1185 715 1432 788 quaedam
1465 715 1610 771 linea
1637 723 1948 789 torquetur,
1981 714 2039 770 in
2067 731 2158 771 cu-

550 802 646 874 jus
673 811 922 859 extremo
950 804 1269 861 incarnatus
1294 805 1583 872 Dominus,
1618 805 1674 862 id
1704 813 1786 860 est
1827 805 2026 860 hamus
2060 805 2162 860 iste

560 892 842 964 ligaretur,
867 910 1028 966 quem
1061 895 1117 950 in
1149 893 1236 950 his
1264 894 1422 966 aquis
1458 893 1687 950 humani
1720 895 1936 967 generis
1963 895 2164 966 depen-

557 981 780 1038 dentem
811 991 1000 1055 aperto
1051 999 1143 1039 ore
1180 984 1283 1038 iste
1336 991 1488 1039 cetus
1517 991 1817 1056 appeteret,
1850 983 1945 1040 sed
1976 1000 2040 1039 eo
2068 999 2164 1055 per

559 1071 860 1128 satellitum
891 1089 1113 1128 suorum
1151 1072 1420 1128 saevitiam
1461 1089 1664 1141 morso,
1699 1071 1988 1129 mordendi
2019 1073 2164 1127 vires

559 1159 794 1216 ulterius
823 1174 936 1216 non
965 1159 1208 1216 haberet.
1234 1161 1312 1217 Ne
1344 1177 1471 1233 ergo
1492 1161 1592 1218 iste
1611 1160 1870 1218 humanis
1891 1159 2166 1216 mortibus
2209 1201 2218 1210 .

559 1255 714 1305 cetus
742 1246 1011 1304 insidians
1041 1265 1177 1321 quos
1206 1249 1374 1306 vellet
1417 1251 1564 1306 ultra
1602 1249 1913 1317 devoraret,
1963 1248 2165 1304 hamus

561 1336 654 1394 hic
682 1335 920 1410 raptoris
957 1338 1142 1395 fauces
1171 1339 1369 1406 tenuit,
1407 1347 1462 1396 et
1511 1355 1626 1395 sese
1655 1338 2002 1394 mordentem
2037 1353 2167 1392 mo-

561 1427 784 1483 mordit.
826 1429 1266 1484 lncarnationem
1312 1428 1483 1500 igitur
1519 1427 1792 1500 unigeniti
1852 1425 1984 1482 Filii
2013 1425 2166 1482 ﬁdeli

557 1517 767 1574 famulo
788 1516 1040 1575 indicans
1069 1519 1236 1587 Deus,
1266 1518 1376 1576 ait:
1409 1520 1497 1574 An
1528 1519 1806 1574 extrahere
1827 1518 2029 1590 poteris
2059 1516 2168 1572 Le-

557 1607 778 1663 viathan
805 1608 1000 1665 hamo?
1019 1607 1297 1665 Subaudis
1317 1615 1378 1664 ut
1405 1624 1526 1680 ego,
1550 1608 1646 1680 qui
1672 1607 1740 1663 ad
1761 1607 1998 1680 raptoris
2023 1623 2168 1662 mor-

557 1705 671 1755 tem
706 1697 1055 1754 incarnatum
1089 1699 1105 1732 ί
1137 1696 1488 1769 unigenitum
1519 1697 1726 1752 Filium
1764 1697 1948 1762 mitto,
1973 1695 2030 1750 in
2061 1711 2170 1767 quo

2270 539 2534 598 doctrinae
2554 550 2866 602 tacuerunt.

2343 631 2428 688 19.
2459 633 2760 690 Academici
2798 641 2847 689 et
2886 635 3245 693 Mathematici
3289 639 3627 709 refelluntur.
3655 671 3719 684 —
3743 645 3826 702 L'bi

2269 724 2417 779 enim
2448 742 2600 782 nunc
2629 735 2710 782 est
2758 727 3216 786 Academicorum
3259 747 3432 799 error,
3473 734 3567 806 qui
3605 745 3738 794 certe
3758 757 3828 796 co-

2271 823 2473 871 nantur
2492 823 2732 872 astruere
2753 826 2962 873 certum
2984 819 3062 873 nil
3085 835 3218 885 esse,
3243 820 3339 893 qui
3359 819 3660 892 impudenti
3679 824 3829 882 fronte

2271 904 2666 962 assertionibus
2693 907 2806 962 suis
2835 907 2997 964 ﬁdem
3014 908 3082 964 ab
3104 908 3448 965 auditoribus
3467 911 3708 984 exigunt,
3726 931 3825 970 cum

2272 1010 2403 1049 vera
2424 1011 2538 1050 esse
2568 997 2721 1052 nulla
2751 1005 3024 1054 testantur
3052 998 3080 1055 7
3111 997 3216 1054 Ubi
3236 998 3734 1058 Mathematicornm
3760 1022 3827 1060 su-

2275 1085 2522 1156 perstitio
2547 1087 2662 1160 qui,
2695 1087 2827 1143 dum
2857 1089 3142 1159 signorum
3163 1105 3356 1145 cursus
3377 1089 3697 1162 suspiciunt,
3712 1093 3794 1148 vit'
3815 1114 3825 1123 '

2273 1172 2564 1230 hominum
2593 1176 2650 1232 in
2683 1177 2925 1234 siderum
2955 1185 3234 1235 momenta
3275 1178 3614 1252 suspendunt
3648 1183 3674 1238 ?
3703 1183 3830 1240 Ono-

2274 1279 2398 1318 rum
2441 1273 2624 1337 aperte
2662 1265 2970 1323 doctrinam
3026 1285 3167 1341 saepe
3219 1269 3564 1342 geminorum
3603 1271 3827 1330 nativitae

2274 1352 2526 1426 dissipat,
2568 1357 2664 1428 qui
2711 1373 2838 1413 cum
2891 1374 3004 1414 uno
3051 1357 3351 1433 eodemque
3393 1369 3668 1417 momento
3712 1361 3754 1418 ιι.

2276 1442 2561 1516 prodeant,
2591 1461 2703 1500 non
2749 1445 2804 1501 in
2836 1463 2946 1502 una
2991 1449 3430 1506 conversationis
3470 1451 3717 1523 qualitate
3741 1470 3788 1523 μ

2276 1531 2497 1589 durant.
2531 1533 2635 1590 Ubi
2666 1543 2746 1590 tot
2794 1536 3220 1610 praedicamenta
3265 1538 3546 1608 falsitatis,
3591 1557 3702 1614 quae
3729 1565 3753 1598 e

2279 1639 2488 1680 merare
2532 1623 2794 1696 fugimus,
2833 1643 2902 1682 ne
2931 1625 3001 1682 ab
3041 1628 3355 1701 exponendi
3385 1628 3578 1685 ordine
3606 1630 3747 1704 longe
3769 1649 3833 1688 re-

2278 1711 2535 1769 cedamus
2555 1713 2582 1769 ?
2611 1713 2717 1770 Sed
2737 1723 2936 1772 cuncta
2949 1716 3066 1788 jam
3089 1719 3290 1774 erroris
3309 1717 3562 1776 doctrina
3584 1721 3827 1789 conticuit,

559 1786 693 1844 dum
723 1787 976 1843 mortalis
1002 1802 1130 1843 caro
1157 1785 1522 1858 conspicitur,
1547 1785 2055 1842 etimmortalitatis
2077 1802 2166 1858 po-

2279 1791 2737 1874 quia'Leviathan
2766 1803 3011 1878 linguam
3043 1808 3314 1864 Dominus
3340 1809 3720 1866 incarnationis
3745 1828 3833 1866 sua:

560 1875 737 1932 tentia
755 1891 868 1931 non
895 1875 1142 1944 videtur,
1172 1874 1330 1949 quasi
1361 1875 1561 1932 hamus
1590 1875 1816 1948 quidam
1847 1874 1979 1930 inde
2005 1875 2169 1930 devo-

561 1973 776 2022 rantem
805 1964 1031 2037 perimit
1060 1964 1208 2021 unde
1235 1980 1469 2024 acumen
1506 1964 1766 2038 potentia:
1802 1979 1912 2038 quo
1941 1963 2173 2022 transﬁ-

564 2063 652 2126 gat
681 2055 940 2114 occultat.
972 2055 1236 2130 Sequitur
1263 2073 1275 2113 :

1189 2179 1420 2240 CAPUT
1470 2179 1546 2238 X.

706 2297 846 2357 Iam.
873 2329 944 2341 -
961 2300 1040 2358 Et
1062 2298 1191 2370 fune
1221 2298 1409 2371 ligabis
1442 2298 1677 2371 linguam
1703 2297 1840 2368 ejus.

639 2389 724 2446 18.
755 2390 900 2462 Ejus
930 2389 1166 2462 linguam
1193 2389 1454 2446 Dominus
1485 2388 1688 2461 ligavit,
1731 2387 1858 2442 dum
1883 2384 2040 2442 silere
2065 2400 2173 2440 coe-

563 2479 638 2552 git
662 2479 1246 2538 errores.-—Subaudis
1278 2487 1340 2536 ut
1367 2496 1486 2552 ego.
1518 2477 1804 2550 Scriptura
1841 2475 1993 2533 enim
2022 2490 2174 2532 sacra

565 2569 698 2626 fune
726 2569 1026 2642 aliquando
1053 2569 1464 2626 dimensionum
1493 2575 1690 2636 sortes,
1723 2564 2023 2638 aliquando
2055 2579 2174 2637 pec-

567 2667 706 2727 cata,
767 2658 1069 2732 aliquando
1127 2659 1294 2716 ﬁdem
1337 2658 1624 2730 designare
1672 2655 1986 2714 consuevit.
2033 2655 2171 2710 Nam

567 2755 792 2822 propter
816 2745 1196 2805 haereditarias
1242 2748 1656 2805 dimensionum
1714 2755 1890 2803 sortes
1931 2743 2168 2800 dicitur:

569 2839 742 2895 Funes
760 2837 1056 2894 ceciderunt
1077 2839 1211 2894 mihi
1237 2839 1296 2894 in
1326 2839 1646 2911 prwclaris;
1673 2838 1860 2894 etenim
1893 2837 2174 2892 hwredttas

567 2945 682 2984 mea
694 2928 966 3000 praeclara
995 2928 1219 2983 estmihi
1242 2928 1423 2998 (Psal.
1458 2945 1556 2996 xv,
1574 2927 1655 3000 6).
1688 2928 1871 2983 Funes
1887 2925 2092 3000 quippe
2111 2925 2169 2980 in

567 3015 847 3089 praeclaris
872 3015 1100 3084 cadunt,
1131 3015 1264 3072 dum
1294 3032 1392 3088 per
1428 3015 1804 3073 humilitatem
1838 3017 1968 3074 vitae
1998 3026 2171 3073 sortes

566 3121 666 3161 nos
696 3104 889 3177 patriae
919 3105 940 3140 ³
972 3104 1219 3162 melioris
1248 3106 1556 3178 excipiunt.
1595 3108 1836 3165 Rursum
1884 3107 2015 3180 quia
2037 3107 2170 3162 fune

567 3203 788 3268 peccata
813 3195 1122 3267 signantur,
1155 3213 1252 3268 per
1281 3195 1608 3268 prophetam
1649 3196 1888 3254 dicitur:
1951 3199 2037 3257 νω
2075 3193 2168 3268 qui

568 3278 782 3342 trahitis
810 3274 1142 3356 iniquitatem
1173 3284 1498 3356 iufuniculis
1519 3287 1770 3343 vanitatis
1792 3286 1948 3358 (Isai.
1971 3304 2030 3355 v,
2055 3286 2168 3358 18),

570 3371 844 3444 Iniquitas
868 3389 1106 3446 namque
1117 3372 1177 3428 in
1195 3372 1460 3429 funiculis
1485 3374 1747 3430 vanitatis
1759 3373 2022 3444 trahitur,
2038 3373 2172 3430 dum

572 3477 670 3532 per
696 3471 1053 3534 augmentum
1081 3463 1245 3534 culpa
1273 3462 1594 3535 protelatur.
1637 3463 1791 3520 Unde
1819 3473 1873 3520 et
1905 3479 2001 3536 per
2028 3462 2172 3520 Psal-

573 3550 790 3607 mistam
821 3549 1059 3607 dicitur:
1092 3551 1267 3608 Funes
1296 3557 1635 3623 peccatorum
1674 3552 2023 3624 circumplexi
2051 3559 2174 3608 sunt

570 3657 651 3696 me
683 3641 854 3711 (Psal.
879 3657 1074 3708 CXVIII,
1106 3641 1222 3712 61).
1247 3640 1390 3708 Quia
1419 3641 1567 3696 enim
1599 3641 1755 3697 funis
1781 3640 2034 3698 addendo
2054 3648 2170 3697 tor-

570 3737 769 3803 quetur
793 3737 856 3786 ut
882 3737 1116 3800 crescat,
1157 3747 1271 3787 non
1314 3730 1595 3787 immerito
1633 3740 1918 3803 peccatum
1949 3732 2010 3788 in
2037 3732 2172 3790 fune

570 3818 856 3892 ﬁguratur,
888 3819 1038 3893 quod
1067 3837 1322 3892 perverso
1349 3820 1512 3878 corde
1550 3837 1711 3892 saepe,
1745 3821 1877 3877 dum
1909 3820 2172 3878 defendi-

570 3916 679 3978 tur,
714 3909 1146 3982 multiplicatur.
1191 3911 1432 3968 Rursum
1479 3909 1610 3966 fune
1631 3909 1769 3966 ﬁdes
1809 3911 2167 3982 exprimitur,

567 3997 862 4056 Salomone
891 4007 1206 4069 attestante,
1243 3999 1344 4074 qui
1363 3998 1473 4056 ait:
1516 3999 1810 4055 Funiculus
1843 4000 2038 4071 triplex
2067 3999 2171 4070 dif-

567 4087 704 4160 ﬁcile
731 4089 1006 4160 rumpitur
1023 4090 1222 4162 (Eccle.
1265 4105 1346 4154 Iv,
1399 4087 1514 4161 12),
1545 4087 1676 4160 quia
1710 4087 1847 4144 ﬁdes
1889 4087 2166 4158 videlicet,

567 4193 688 4250 quae
719 4177 786 4232 de
814 4177 1135 4249 cognitione
1163 4176 1455 4232 Trinitatis
1495 4175 1564 4231 ab
1606 4191 1700 4231 ore
1746 4175 2167 4248 praedicantium

573 4265 799 4333 texitur,
831 4264 993 4321 fortis
1023 4265 1082 4320 in
1103 4265 1292 4321 electis
1321 4280 1668 4336 permanens,
1713 4263 1774 4318 in
1827 4265 1944 4320 solo
1985 4283 2166 4339 repro-

567 4353 766 4410 bornm
797 4353 962 4409 corde
982 4351 1302 4424 dissipatur.
1343 4353 1461 4410 Hoc
1489 4353 1672 4427 itaque
1715 4353 1835 4409 loco
1876 4353 2025 4411 funis
2054 4372 2167 4414 no-

569 4441 717 4498 mine
745 4441 862 4497 sive
893 4449 1198 4514 peccatum,
1229 4441 1346 4498 sive
1375 4441 1539 4497 ﬁdem
1569 4442 1651 4498 nil
1697 4441 1878 4499 obstat
1903 4443 2159 4517 intelligi.

570 4528 709 4604 [νει.
742 4530 931 4605 ΧΙΙΙ.]
981 4533 1302 4588 lncarnatus
1343 4532 1546 4588 etenim
1597 4535 1618 4568 ³
1660 4533 1930 4588 Dominus
1977 4544 2164 4595 noster
2193 4544 2242 4604 D

567 4621 700 4676 fune
728 4621 1033 4677 Leviathan
1057 4621 1299 4694 linguam
1330 4623 1544 4694 ligavit,
1577 4627 1767 4684 1088
1783 4622 1913 4694 quia
1934 4624 1992 4679 in
2013 4625 2163 4682 simi-

567 4719 803 4777 litudine
834 4720 1017 4776 carnis
1044 4721 1252 4792 peccati
1281 4721 1556 4793 apparuit,
1589 4728 1642 4776 et
1670 4722 1858 4777 omnia
1913 4739 2162 4780 errorum

564 4808 683 4882 ejus
713 4809 1138 4882 praedicamenta
1184 4810 1470 4866 damnavit
1525 4813 1702 4882 (Rom.
1735 4828 1862 4881 VIII,
1895 4812 1974 4886 3).
2009 4813 2163 4869 Unde

562 4898 734 4955 Paulo
755 4907 1049 4956 attestante
1069 4899 1306 4956 dicitur:
1341 4902 1418 4956 Et
1436 4899 1497 4954 de
1520 4905 1730 4971 peccato
1751 4900 2026 4956 damnavit
2049 4920 2164 4974 pec-

562 4995 738 5045 catum
773 4989 940 5063 (Ibid.
947 4990 996 5061 ).
1028 4990 1183 5045 Fune
1212 4989 1458 5062 linguam
1487 4988 1705 5060 ligavit,
1735 4989 1865 5062 quia
1892 5007 1989 5063 per
2012 4992 2162 5048 simi-

562 5081 858 5138 litudinem
891 5079 1077 5136 carnis
1096 5077 1394 5151 peccatiab
1422 5079 1724 5135 electorum
1759 5097 1985 5138 suorum
2028 5098 2162 5140 cor—

561 5169 724 5227 dibus
752 5179 953 5228 cuncta
970 5166 1090 5240 ejus
1109 5167 1341 5225 fallaciae
1363 5177 1687 5241 argumenta
1704 5169 2000 5228 destruxit.
2019 5171 2162 5229 Ecce

561 5259 710 5316 enim
739 5267 1034 5332 apparente
1061 5257 1122 5315 in
1150 5273 1314 5316 carne
1336 5259 1598 5328 Domino,
1627 5258 1932 5318 Leviathan
1978 5261 2166 5336 lingua

633 5451 657 5530 ξ
685 5447 947 5530 _Vindoc.,
968 5451 1168 5530 Pratel.
1191 5462 1245 5510 et
1273 5452 1594 5530 aliiLﬁlium
1624 5469 1793 5512 meum
1815 5455 2158 5530 unigenitum.

635 5519 657 5594 ξ
685 5520 940 5594 Laudun.
964 5529 1027 5594 _et
1055 5524 1264 5594 Germ.,
1288 5519 1554 5584 meliores.

635 5591 656 5665 ξ
679 5591 837 5665 alii,
867 5591 1200 5665 Redemptor.

599 5661 947 5785 i“‘M‘Xindocq
969 5661 1132 5722 (Σοί-ι).
1161 5668 1346 5723 Germ.
1379 5685 1462 5727 ac.
1495 5671 1572 5743 pl.
1615 5671 1835 5742 Norm.,
1857 5670 2010 5729 illius
2037 5670 2162 5744 fal-

564 5745 848 5861 mi‘ugorb.
881 5805 1089 5872 Germ.,
1123 5806 1359 5865 Vindoc.
1401 5827 1462 5869 ac
1509 5813 1705 5881 Laud.,
1753 5815 1977 5886 Egypti
1997 5835 2010 5883 ;
2041 5815 2160 5872 εἰσ-ι

2280 1890 2411 1947 fune
2440 1892 2796 1950 constrinxit.
2849 1894 3004 1950 Unde
3050 1894 3188 1952 bene
3221 1897 3388 1954 etiam
3429 1914 3526 1971 per
3557 1898 3831 1972 prophetam

2280 1979 2487 2038 dicitur
2510 1999 2523 2037 :
2546 1983 2620 2038 Et
2639 1983 2894 2038 desolabit
2911 1985 3173 2041 Dominus
3196 1987 3435 2059 linguam
3453 1989 3616 2044 maris
3636 1991 3656 2024 δ
3675 1989 3832 2060 Egyp-

2283 2072 2344 2127 tii
2370 2073 2534 2146 (Isai.
2567 2090 2647 2141 xI,
2690 2074 2802 2148 15).
2834 2074 3049 2148 Lingua
3095 2077 3297 2150 quippe
3338 2079 3510 2136 maris
3549 2087 3625 2135 ast
3649 2079 3832 2136 scientia

2280 2159 2549 2218 doctrinae
2571 2163 2874 2219 saecularis.
2902 2165 3048 2221 Bene
3076 2173 3258 2223 autem
3295 2184 3448 2224 mare
3496 2171 3518 2204 ⁸
3559 2167 3830 2242 Egyptian

2281 2248 2510 2320 dicitur,
2543 2253 2671 2324 quia
2698 2254 2907 2326 peccati
2951 2253 3286 2313 obscuritate
3315 2256 3582 2316 fuscatur.
3611 2258 3829 2331 Linguam

2281 2355 2409 2412 ergo
2443 2342 2614 2397 maris
2647 2342 2901 2416 Egyptii
2930 2345 3201 2402 Dominus
3229 2346 3526 2416 desolavit,
3555 2346 3674 2420 quia
3703 2346 3832 2418 hujus

2282 2430 2476 2486 mundi
2507 2431 2702 2488 falsam
2732 2434 3058 2506 sapientiam
3084 2451 3180 2508 per
3203 2453 3430 2494 carnem
3461 2454 3516 2494 se
3545 2435 3831 2493 ostendendo

2281 2517 2575 2576 destruxit.
2610 2523 2762 2579 Fune
2794 2539 2923 2596 ergo
2969 2524 3276 2582 Leviathan
3325 2527 3520 2600 lingua
3554 2525 3831 2598 constringi-

2281 2616 2392 2676 tur,
2427 2609 2558 2682 quia
2587 2627 2683 2683 per
2711 2611 3138 2670 similitudinem
3165 2616 3349 2672 carnis
3378 2617 3591 2690 peccati
3617 2617 3758 2691 ligata
3773 2626 3831 2673 est

2281 2699 2604 2772 praedicatio
2634 2703 2839 2760 vetusti
2870 2704 3194 2776 peccatoris.

2350 2801 2440 2857 20.
2472 2803 2836 2863 Disseminata
2863 2807 3208 2866 sanctissima:
3245 2810 3533 2868 Trinitatis

2279 2893 2554 2948 scecularis
2587 2895 2767 2952 tacuit.
2798 2927 2863 2938 -
2887 2897 2945 2954 Si
2973 2906 3158 2958 autem
3189 2899 3330 2957 ﬁdes
3357 2901 3493 2960 fune
3524 2901 3767 2976 signatur,
3784 2901 3834 2956 ise

2279 2977 2403 3036 dem
2431 2981 2594 3038 nobis
2623 2983 2824 3041 iterum
2863 2985 3180 3046 intellectus
3220 2991 3240 3025 ⁷
3277 2990 3556 3058 innuitur,
3585 2992 3700 3067 quia
3727 2990 3828 3048 dum

2277 3085 2374 3142 per
2403 3072 2790 3144 praedicatores
2829 3087 3046 3135 sanctos
3080 3079 3140 3136 in
3182 3081 3396 3139 mundo
3433 3083 3566 3140 ﬁdes
3592 3083 3829 3139 Trinitatis

2200 3177 2244 3239 ο
2280 3157 2546 3230 innotuit,
2575 3171 2767 3221 contra
2791 3165 3092 3225 electorum
3135 3177 3347 3227 mentes
3376 3188 3652 3246 erumpere
3677 3169 3832 3228 mundi

2283 3247 2534 3308 doctrina
2561 3253 2813 3311 cessavit.
2861 3256 3014 3313 Unde
3055 3257 3195 3315 bene
3239 3261 3487 3320 Domino
3515 3279 3604 3335 per
3628 3261 3830 3336 prophe-

2281 3345 2393 3394 tam
2423 3338 2630 3397 dicitur
2661 3359 2673 3398 :
2717 3344 2795 3400 Tu
2823 3344 3077 3417 dirupisti
3103 3346 3274 3420 fontes
3301 3356 3352 3406 et
3383 3357 3648 3422 torrentes,
3677 3358 3723 3407 tu
3747 3351 3830 3406 sic-

2281 3429 2415 3484 casti
2439 3431 2628 3500 ﬂuvios
2662 3434 2836 3490 Ethan
2872 3436 3046 3507 (Psal.
3080 3455 3280 3510 LXXIII,
3318 3443 3438 3515 15).
3467 3443 3643 3500 Ethan
3669 3442 3831 3516 quippe

2281 3517 2679 3593 interpretatur
2710 3524 2894 3582 fortis.
2925 3529 2997 3584 Et
3043 3529 3168 3602 quis
3213 3541 3295 3590 est
3330 3532 3430 3592 hic
3467 3534 3638 3604 fortis,
3665 3531 3758 3589 nisi
3779 3528 3829 3586 de

2280 3627 2391 3684 quo
2419 3630 2517 3686 per
2561 3615 2929 3690 Evangelium
2969 3623 3242 3681 Dominus
3285 3625 3429 3684 dicit
3468 3645 3482 3683 :
3532 3629 3682 3685 Nemo
3699 3629 3832 3698 potest

2280 3719 2407 3759 vasa
2423 3704 2584 3775 fortis
2601 3706 2868 3779 ingressus
2887 3711 3098 3768 domum
3117 3713 3375 3787 diripere,
3398 3717 3506 3773 nisi
3519 3716 3665 3790 prius
3679 3714 3833 3786 fortem

2279 3793 2461 3863 alliget
2501 3794 2694 3867 (Marc.
2730 3814 2814 3867 III,
2854 3799 2946 3871 27)
2981 3801 3010 3858 ?
3056 3803 3258 3860 Fontes
3301 3804 3491 3880 itaque
3526 3815 3575 3865 et
3615 3813 3832 3862 torrentes

2278 3880 2548 3940 Dominus
2576 3884 2810 3959 dirupit,
2839 3889 2972 3946 dum
3001 3891 3060 3947 in
3088 3895 3470 3965 apostolorum
3500 3912 3710 3954 suorum
3730 3909 3829 3950 cor-

2279 3973 2441 4032 dibus
2474 3977 2680 4035 ﬂuenta
2730 3980 2981 4038 veritatis
3027 3984 3262 4056 aperuit.
3309 3987 3391 4043 De
3434 3987 3632 4062 quibus
3655 3999 3831 4043 rursum

2277 4081 2374 4138 per
2385 4067 2708 4141 prophetam
2729 4072 2897 4130 alium
2913 4072 3121 4131 dicitur
3150 4094 3163 4132 :
3198 4077 3476 4135 Haurietis
3495 4095 3654 4151 aquas
3671 4079 3720 4133 in
3737 4089 3834 4148 gau-

2276 4156 2364 4212 dio
2394 4157 2456 4213 de
2482 4158 2718 4230 fontibus
2748 4163 3046 4221 Saluatoris
3071 4167 3235 4237 (Isai.
3286 4181 3393 4237 XII,
3442 4169 3522 4242 3).
3567 4167 3652 4225 Ad
3683 4179 3831 4224 eorum

2276 4247 2477 4321 quippe
2505 4250 2814 4310 doctrinam
2857 4253 3104 4313 sitientes
3142 4256 3447 4330 pergimus,
3485 4259 3506 4294 ⁸
3538 4264 3600 4314 ut
3627 4253 3831 4312 veritatis

2273 4337 2460 4410 plenas
2487 4341 2738 4400 cordium
2771 4352 3090 4403 nostrorum
3139 4348 3467 4423 lagunculas
3513 4355 3833 4422 reponemus.

2273 4428 2379 4485 Sed
2407 4434 2791 4491 emanantibus
2818 4437 2934 4492 suis
2965 4436 3214 4494 fontibus
3240 4439 3432 4495 Ethan
3472 4439 3669 4495 ﬂuvios
3695 4433 3834 4490 exsic-

2273 4519 2438 4587 cavit,
2471 4519 2601 4577 dum
2623 4523 2930 4581 doctrinam
2953 4526 3113 4583 fortis
3132 4536 3186 4584 et
3203 4527 3436 4600 maligni
3455 4528 3676 4602 spiritus
3693 4531 3832 4580 osten°

2272 4625 2333 4665 so
2358 4610 2511 4667 radio
2540 4630 2650 4669 suae
2681 4614 2930 4671 veritatis
2968 4616 3212 4673 arefecit.
3261 4617 3572 4674 Leviathan
3606 4631 3721 4688 ergo
3743 4613 3833 4668 lin—

2273 4714 2375 4770 gua
2416 4699 2547 4757 fune
2594 4702 2903 4774 stringitur,
2954 4706 3104 4777 quia,
3145 4715 3373 4764 extensa
3411 4708 3520 4764 ﬁde
3566 4700 3830 4765 Trinitatis,

2272 4804 2519 4846 errorum
2566 4792 2990 4863 praedicamenta
3025 4795 3318 4854 siluerunt.
3365 4797 3475 4855 Sed
3527 4797 3652 4872 quia
3669 4793 3766 4866 jam
3790 4803 3830 4843 se

2271 4887 2456 4951 aperte
2485 4881 2750 4939 extollere
2780 4900 2893 4940 non
2919 4884 3083 4954 valet,
3117 4885 3228 4943 huc
3257 4887 3504 4961 illucque
3549 4881 3833 4945 circumiens

2270 4983 2367 5039 per
2395 4969 2626 5028 insidias
2657 4973 2895 5031 mordet.
2937 4973 3076 5048 [Vet.
3107 4976 3286 5052 XIV.]
3317 4977 3461 5035 Mira
3489 4983 3668 5033 autem
3708 4969 3832 5026 misce

2270 5060 2508 5118 ricordia
2535 5074 2726 5122 contra
2773 5065 2924 5124 hunc
2969 5083 3068 5139 pro
3125 5068 3287 5126 nobis
3339 5069 3612 5127 Dominus
3655 5062 3831 5136 vigilat.

2269 5158 2432 5226 atque
2459 5170 2585 5210 eum
2615 5163 2670 5212 et
2697 5157 2757 5212 in
2782 5155 2890 5214 hoc
2916 5158 3064 5232 quod
3105 5158 3400 5218 fraudibus
3440 5159 3665 5218 molitur
3686 5163 3832 5223 εἰμι’

2274 5250 2424 5315 gnat.
2457 5244 2611 5304 Unde
2641 5245 2900 5304 subditur
2929 5266 2942 5306 :

2275 5463 2381 5522 que
2411 5447 2468 5505 in
2496 5449 2986 5522 consequentibus.
3179 5491 3186 5500 -

2346 5523 2368 5595 ἕ
2387 5522 2598 5595 Laud”
2629 5522 2894 5595 £gyptus
2921 5525 3142 5583 dicitur.

2343 5592 2610 5672 {Bibroie
2641 5592 2847 5672 aliique
2874 5597 3161 5672 Norman.,
3183 5595 3483 5656 invenitur.

2346 5666 2368 5701 ⁸
2399 5665 2562 5722 Germ
2592 5707 2608 5733 ,
2653 5653 2853 5738 Laud,
2901 5653 3451 5745 Pratelivacplqﬂet
3470 5653 3703 5726 ueritate
3733 5653 3830 5730 Pl"

2270 5756 2484 5800 παθη...
2517 5745 2870 5810 reportamus.
