3936 6384
96 352 157 403 ,ι
188 331 261 399 f‘
966 342 1343 408 MORALIUM
1385 349 1524 411 LIB.
1564 352 1827 414 XXXIII.
1867 384 1940 399 —
1976 357 2051 415 IN
2088 358 2322 419 CAPUT
2358 362 2456 422 XL
2494 366 2557 424 B.
2597 368 2742 427 JOB.
3405 382 3513 442 686

238 476 362 586 ia‘Irj;
396 476 522 586 ηιξ,
638 463 907 586 MCAPII'I‘
936 468 1016 527 XI
1047 469 1190 545 [Rec.
1222 475 1318 549 XJ.
1827 483 1881 544 A
1915 489 2123 542 astutae
2152 486 2271 558 ejus
2302 463 2533 547 insidias
2559 495 2926 567 omnipotenti
2935 499 3151 573 judicio
3170 510 3511 586 constringe,

270 550 442 665 “Vleas:
463 552 887 629 21.—Nuuquid
896 578 1055 632 pones
1070 564 1329 622 circulum
1345 567 1401 623 in
1418 570 1641 627 naribus
1654 572 1799 644 ejus?
1908 582 1971 630 ut
1999 592 2101 633 nec
2128 550 2344 635 tantum
2375 588 2548 638 tentet
2599 550 2866 657 quantum
2896 550 3254 665 appetit,vdec
3277 550 3510 659 0:25;;

266 639 357 696 2L
393 641 660 749 Circulusﬁ
669 646 729 702 in
756 650 978 706 naribus
998 653 1197 711 diaboli
1224 657 1421 715 divina:
1442 660 1657 717 virtutis
1675 639 1799 718 ὀπι-
1908 667 2091 738 capiat
2113 678 2383 741 quantum
2409 639 2903 749 tentat.‘Sequitur

188 728 506 800 nipotente'a.
538 733 783 797 --—,Sicut
800 756 894 811 per
922 757 1079 799 nares
1108 743 1345 815 insidiae,
1375 748 1454 804 ita
1483 766 1580 821 per
1608 751 1772 809 circu-

1978 728 1993 738 ”
2128 728 2148 741 ⁸
2444 728 2451 729 ί
2492 728 2899 824 "ceperint

188 816 309 873 lum
346 819 554 883 divinae
584 824 809 883 virtutis
846 831 1248 904 omnipotentia
1287 816 1622 910 designatur.
1667 841 1799 909 Quae

185 923 317 999 cum
348 911 701 981 apprehendi
728 933 828 974 nos
866 923 1267 981 tentationibus
1309 927 1588 999 prohibet,
1640 932 1799 989 miris

184 998 485 1057 ordinibus
513 1009 703 1068 1089
731 1010 948 1083 antiqui
979 1012 1153 1070 hostis
1183 1016 1413 1076 insidias
1441 1021 1799 1095 circumplec-

1981 848 2116 938 Iem.
2153 878 2224 891 —
2250 851 2366 907 Aut
2388 853 2610 910 armilla
2635 855 2943 927 perforabis
2967 861 3249 920 maxillam
3276 867 3389 938 ejus
3412 870 3442 926 ?

1985 937 2075 993 22.
2100 940 2224 994 Haec
2245 942 2513 1012 plurimos
2541 960 2672 1015 quos
2699 946 2989 1019 devoravit,
3017 952 3082 1007 ab
3120 953 3235 1023 ejus
3270 937 3513 1027 faucibus

1910 1028 2161 1083 extrahit.
2194 1060 2264 1071 —
2290 1031 2376 1087 Ab
2404 1034 2689 1091 intellectu
2718 1038 2913 1095 circuli
2942 1044 3161 1100 armilla
3181 1061 3293 1103 non
3315 1047 3514 1109 discre-

83 1124 165 1161 (fg-ﬁ
185 1104 312 1154 lens
335 1106 509 1157 tenet.
544 1101 799 1162 Circulus
828 1122 954 1180 ergo
984 1111 1033 1166 ei
1066 1112 1123 1167 in
1144 1115 1371 1172 naribus
1400 1118 1646 1190 ponitur,
1664 1120 1797 1176 dum

180 1187 569 1262 circumducta
596 1196 954 1264 protectionis
981 1216 1233 1272 supernae
1260 1187 1610 1278 fortitudine,
1633 1187 1659 1245 γι
1682 1209 1799 1282 ejus

82 1310 141 1341 es.
162 1288 457 1357 isagacitas
486 1290 777 1358 retinetur,
799 1311 868 1350 ne
887 1306 1077 1355 contra
1105 1299 1481 1360 infirmitatem
1506 1305 1796 1363 hominum

86 1398 109 1417 -ι
148 1383 405 1432 ﬂantum
439 1381 752 1451 praevaleat,
784 1394 1049 1456 quantum
1094 1392 1423 1463 perditionis
1471 1406 1798 1469 argumenta

80 1468 423 1538 --x:;datenter
449 1470 720 1543 eXplorat.
772 1475 958 1533 Potest
986 1480 1150 1537 etiam
1193 1483 1391 1541 circuli
1430 1468 1662 1544 nomine
1692 1506 1797 1546 oc-

102 1561 321 1617 Δέίιδιιιιί
362 1561 567 1633 judicii
620 1565 956 1639 adjutorium
1005 1571 1299 1645 designari,
1334 1575 1480 1649 quod
1528 1576 1587 1633 in
1629 1577 1796 1651 hujus

1913 1124 2023 1187 pat,
2062 1117 2191 1189 quia
2233 1118 2351 1191 ipsa
2398 1120 2503 1179 hoc
2546 1142 2762 1200 quoque
2817 1129 2914 1186 ubi
2959 1134 3186 1205 ponitur
3217 1138 3512 1197 ambiendo

1908 1207 2258 1279 constringit.
2292 1210 2398 1265 Sed
2426 1213 2556 1285 quia
2576 1216 2794 1273 armilla
2823 1219 2988 1277 latius
3016 1224 3284 1296 tenditur,
3314 1244 3412 1302 per
3431 1246 3512 1286 ar-

1908 1294 2119 1353 millam
2152 1300 2355 1355 occulti
2400 1300 2517 1373 ejus
2540 1301 2743 1375 judicii
2791 1324 2917 1383 erga
2944 1329 3045 1369 nos
3092 1294 3359 1388 protectio
3403 1319 3510 1376 im-

1908 1386 2131 1456 pensior
2157 1387 2495 1462 designatur.
2519 1394 2755 1454 Armilla
2773 1413 2901 1473 ergo
2920 1386 3193 1462 Dominus
3223 1407 3508 1467 maxillam

1906 1474 2216 1533 Leviathan
2247 1479 2409 1536 istius
2438 1483 2698 1555 perforat,
2730 1489 2859 1561 quia
2889 1491 3154 1550 ineffabili
3186 1496 3510 1555 misericor-

1905 1564 2011 1620 diae
2038 1583 2150 1623 sua:
2180 1571 2426 1640 potentia
2453 1572 2533 1629 sic
2579 1576 2805 1634 malitiae
2834 1579 3047 1654 antiqui
3078 1581 3254 1642 hostis
3296 1587 3507 1659 obviat,

76 1668 112 1695 -r
177 1649 489 1708 Bebemoth
518 1655 746 1713 naribus
775 1658 1020 1729 ponitur,
1048 1678 1174 1718 cum
1203 1680 1235 1718 a
1254 1664 1455 1721 callida
1479 1683 1578 1722 sua
1604 1649 1794 1726 crude-

177 1736 340 1796 litate
376 1742 705 1802 refrenatur.
743 1745 898 1802 Unde
952 1747 1091 1807 bene
1130 1768 1226 1823 per
1266 1753 1615 1826 prophetam,
1665 1775 1790 1816 cum

1902 1661 1966 1710 ut
1994 1656 2290 1729 aliquando
2320 1676 2413 1717 eos
2441 1662 2604 1719 etiam
2640 1680 2777 1738 quos
2799 1666 2913 1739 jam
2961 1672 3105 1745 cepit
3157 1674 3405 1745 amittat;
3455 1656 3510 1735 et

1905 1744 2062 1815 quasi
2079 1744 2160 1834 ab
2188 1764 2283 1804 ore
2312 1749 2467 1806 illius
2495 1752 2721 1823 cadunt,
2753 1757 2848 1828 qui
2879 1765 3002 1829 post
3030 1770 3366 1834 perpetratae
3393 1744 3506 1824 cul-

88 1864 102 1877 .
152 1827 250 1882 'ab
281 1828 656 1889 Israelitarum
686 1833 908 1892 laesione
938 1837 1283 1910 prohibetur,
1333 1842 1447 1914 regi
1476 1844 1794 1916 Babyloniae
1824 1849 1871 1911 B
1905 1848 2001 1905 P33
2024 1833 2095 1890 ad
2139 1834 2513 1897 innocentiam
2557 1827 2806 1901 ῒθάθιωί-
2857 1827 2992 1914 Quis
3031 1827 3187 1906 lini-In
3216 1869 3309 1909 Ofe
3356 1855 3509 1914 illius

174 1916 423 1977 dicitur:
448 1922 655 1978 Ponant
682 1924 939 1979 circulum
962 1926 1015 1980 in
1036 1928 1259 1985 naribus
1282 1929 1384 1985 tuis
1404 1932 1788 2005 (Isai.xxxvn,

175 2006 298 2081 29).
345 2008 427 2068 Ac
470 2011 519 2067 si
565 2021 749 2086 aperte
799 2013 1075 2073 diceretur
1125 2036 1137 2075 :
1198 2018 1507 2092 Cogitanda
1556 2023 1790 2082 insidias

172 2100 457 2173 suspiras;
509 2103 605 2160 sed
661 2106 879 2179 explere
934 2108 1082 2183 quod
1138 2112 1351 2184 appetis
1405 2129 1518 2169 non
1548 2114 1809 2179 valendo,

175 2191 595 2264 omnipotentiae
624 2210 759 2252 mea;
786 2198 1058 2255 circulum
1102 2201 1159 2256 in
1189 2203 1417 2259 naribus
1464 2211 1674 2276 portas,
1725 2212 1788 2262 ut

172 2297 301 2338 cum
340 2282 614 2340 bonorum
644 2294 876 2344 mortem
899 2288 1182 2347 ardentius
1201 2291 1449 2363 anhelas,
1486 2292 1555 2349 ab
1594 2310 1786 2351 eorum

172 2374 294 2429 vita
320 2391 531 2433 vacuus
576 2376 782 2434 redeas.
833 2377 990 2447 Quod
1021 2398 1152 2437 vero
1193 2381 1300 2439 hoc
1330 2383 1452 2440 loco
1484 2383 1779 2453 circulum,

170 2462 279 2520 hoc
315 2470 370 2519 et
399 2463 682 2538 Scriptura
707 2484 861 2524 sacra
908 2485 1005 2542 per
1036 2471 1303 2527 Joannem
1335 2472 1391 2528 in
1437 2474 1779 2548 Apocalypsi

86 2564 120 2579 ··
166 2552 368 2610 falcem
388 2562 566 2611 vocat.
602 2555 700 2611 Ait
726 2556 873 2612 enim
898 2575 911 2613 :
952 2559 1089 2625 Vidi,
1123 2560 1144 2594 ³
1175 2566 1222 2615 et
1243 2578 1351 2616 ecce
1378 2562 1565 2617 nubem
1586 2564 1786 2620 candi-

165 2647 316 2713 dum,
352 2652 402 2703 et
428 2665 588 2719 super
606 2648 793 2704 nubem
820 2649 1076 2705 sedentem
1104 2651 1327 2708 similem
1356 2653 1501 2709 Filio
1532 2654 1781 2723 hominis,

164 2735 437 2793 habentem
464 2737 521 2791 in
566 2738 733 2807 capite
770 2755 864 2794 suo
893 2757 1142 2796 coronam
1170 2758 1411 2811 auream,
1442 2750 1490 2798 et
1518 2744 1573 2798 in
1620 2762 1781 2802 manu

164 2844 268 2883 sua
303 2827 499 2897 falcem
539 2834 749 2884 acutam
792 2829 980 2902 (Apoc.
1025 2849 1143 2901 xw,
1182 2834 1294 2906 14).
1350 2835 1602 2891 Potestas
1632 2837 1779 2893 enim

162 2916 347 2974 divini
367 2916 590 2989 judicii,
612 2920 742 2992 quia
758 2920 1001 2994 undique
1018 2923 1259 2996 stringit,
1283 2923 1526 2980 circulus
1548 2924 1776 2993 dicitur;

163 3014 219 3063 et
250 3007 382 3079 quia
412 3006 554 3065 intra
584 3026 641 3064 se
669 3009 857 3066 omnia
886 3010 1185 3068 incidendo
1210 3014 1587 3086 amplectitur,
1622 3015 1783 3073 falcis

162 3096 537 3168 appellatione
566 3098 831 3169 signatur.
864 3102 926 3156 In
954 3099 1095 3157 falce
1120 3101 1267 3158 enim
1301 3102 1573 3176 quidquid
1624 3103 1784 3161 inci-
1819 3107 1822 3110 ’

1904 1922 2072 1978 semel
2097 1932 2284 1997 raptus
2306 1928 2589 1987 maxillam
2621 1932 2738 2005 ejus
2768 1936 3044 2008 evaderet,
3079 1945 3269 2006 1090
3299 1943 3345 1999 si
3374 1960 3509 2018 per-

1901 2024 2078 2081 forata
2107 2042 2219 2084 non
2249 2030 2428 2086 esset?
2456 2033 2544 2087 An
2574 2049 2686 2091 non
2716 2034 2774 2091 in
2801 2052 2893 2094 ore
2921 2038 3142 2096 Petrum
3175 2043 3506 2113 tenuit,cum

1901 2114 2124 2187 negavit
2154 2117 2365 2188 (Matth.
2392 2136 2555 2188 xxvr,
2588 2122 2678 2197 70)
2711 2126 2739 2181 Ῡ
2768 2125 2859 2182 An
2887 2143 2998 2185 non
3030 2129 3088 2186 in
3113 2147 3206 2188 ore
3224 2132 3403 2190 David
3415 2142 3506 2191 te—

1900 2205 2046 2273 nuit,
2076 2222 2202 2263 cum
2256 2207 2312 2264 in
2344 2216 2549 2268 tantam
2577 2230 2634 2270 se
2666 2215 2900 2274 luxuriae
2947 2221 3265 2293 voraginem
3317 2227 3506 2282 mersit

1898 2296 1994 2390 (II
2020 2299 2143 2390 Reg.
2177 2315 2260 2366 x1,
2292 2300 2357 2372 4)
2386 2302 2414 2358 ?
2440 2303 2541 2359 Sed
2575 2322 2702 2363 cum
2731 2306 2800 2364 ad
2828 2308 3003 2367 vitam
3025 2319 3256 2387 uterque
3285 2331 3383 2389 per
3396 2333 3503 2390 poe-

1897 2387 2191 2443 nitentiam
2237 2390 2426 2461 rediit,
2474 2393 2785 2454 Leviathan
2828 2398 2930 2457 iste
2972 2417 3063 2458 eos
3109 2387 3304 2478 aliquo
3339 2387 3505 2464 modo

1897 2475 2051 2549 quasi
2087 2492 2184 2549 per
2213 2480 2455 2538 maxillae
2488 2498 2598 2539 sum
2636 2484 2913 2544 foramina
2952 2491 3158 2549 amisit.
3195 2475 3299 2552 Per
3344 2496 3505 2554 fora-

1896 2580 2023 2620 men
2066 2582 2195 2638 ergo
2246 2568 2489 2626 maxillas
2537 2570 2604 2627 ab
2633 2571 2751 2644 ejus
2790 2591 2883 2631 ore
2917 2577 3183 2637 subtracti
3231 2590 3360 2638 sunt
3406 2586 3503 2658 qui

1894 2662 2017 2727 post
2057 2660 2528 2730 perpetrationem
2556 2668 2723 2719 tantae
2766 2666 3026 2738 nequitiae
3056 2670 3376 2740 paenitendo
3406 2690 3503 2731 re—

1894 2744 2138 2801 dierunt.
2172 2748 2307 2815 Quis
2335 2758 2518 2807 autem
2561 2751 2855 2810 hominum
2903 2756 3205 2816 Leviathan
3254 2762 3415 2820 istius
3440 2782 3503 2821 os

1894 2838 2109 2907 evadat,
2138 2846 2201 2895 ut
2229 2842 2383 2897 nulla
2412 2842 2610 2900 illicita
2638 2848 2948 2905 committat
2969 2850 2996 2905 7
3018 2850 3123 2919 Sed
3152 2852 3285 2911 hinc
3303 2873 3500 2928 cogno-

1893 2927 2098 2984 scimus
2127 2938 2393 3003 quantum
2424 2931 2757 3005 redemptori
2788 2935 3017 2993 humani
3049 2943 3261 3011 generis
3289 2927 3499 3004 debito-

1895 3032 1981 3072 res
2011 3034 2220 3088 sumus,
2254 3020 2349 3093 qui
2388 3036 2500 3077 non
2542 3023 2723 3078 solum
2754 3041 2856 3080 nos
2883 3026 2941 3081 in
2989 3044 3051 3083 os
3082 3030 3387 3088 Leviathan
3419 3035 3497 3093 ire

1891 3107 2203 3178 prohibuit,
2236 3109 2329 3165 sed
2359 3109 2427 3165 ab
2468 3127 2563 3167 ore
2604 3112 2771 3169 etiam
2815 3115 2995 3173 redire
3037 3121 3342 3189 concessit;
3400 3126 3496 3198 qui

165 3186 344 3256 ditur,
376 3203 812 3260 quaquaversum
862 3189 1121 3259 ﬂectitur,
1155 3192 1305 3248 intus
1343 3193 1511 3249 cedit.
1543 3194 1616 3249 Et
1647 3194 1777 3267 quia
1818 3201 1860 3265 ε
1892 3213 2043 3269 spem
2076 3199 2346 3270 peccatori
2368 3216 2480 3256 non
2513 3202 2766 3273 abstulit,
2799 3205 2929 3278 quia
2959 3210 3241 3266 maxillam
3274 3186 3497 3285 ejus,‘ut

161 3282 409 3349 potestas
448 3276 672 3347 superni
709 3276 909 3350 judicii
962 3281 1276 3337 nullatenus
1324 3282 1588 3351 evitatur,
1628 3282 1777 3340 intra

158 3365 341 3437 ipsam
363 3367 564 3438 quippe
591 3384 800 3437 sumus,
831 3387 940 3443 quo
972 3369 1106 3426 libet
1135 3370 1321 3443 fugere
1352 3390 1644 3443 conemur,
1676 3392 1777 3432 re-

154 3462 248 3513 cte
278 3472 404 3513 cum
453 3462 718 3513 venturus
754 3457 931 3530 judex
982 3460 1314 3531 ostenditur,
1347 3462 1545 3520 falcem
1583 3470 1775 3520 tenere

158 3545 501 3619 perhibetur,
534 3548 663 3621 quia
691 3562 817 3607 cum
853 3558 1106 3622 potenter
1134 3552 1202 3608 ad
1232 3553 1419 3609 omnia
1448 3553 1660 3623 obviat,
1693 3554 1776 3610 in-

154 3638 394 3697 cidendo
436 3639 762 3697 circumdat.
794 3642 927 3699 Esse
957 3659 1014 3700 se
1062 3644 1211 3700 intra
1256 3646 1277 3680 ³
1320 3643 1526 3717 judicii
1570 3645 1770 3703 falcem

152 3738 434 3810 Propheta
460 3739 622 3809 vidit,
659 3758 786 3799 cum
816 3742 1021 3801 diceret
1056 3762 1067 3800 :
1104 3745 1163 3800 Si
1190 3745 1473 3801 ascendero
1486 3744 1545 3801 in
1560 3747 1769 3815 cretum,

154 3833 214 3883 tu
244 3827 427 3885 illices
443 3847 464 3895 ;
493 3831 540 3886 si
568 3831 875 3889 descendere
904 3834 977 3890 ad
1001 3833 1293 3905 infernum.
1326 3835 1470 3891 ades.
1507 3836 1564 3894 Si
1592 3852 1768 3907 sump-

152 3934 275 3974 sero
295 3936 502 3990 pennas
529 3939 672 3978 meas
706 3923 728 3957 ⁴
757 3928 878 3978 ante
905 3924 1089 3993 lucem,
1119 3930 1169 3979 et
1198 3924 1506 3980 habitavere
1533 3926 1555 3960 ⁵
1581 3925 1640 3980 in
1668 3943 1771 3981 ex-

154 4010 340 4065 tremis
368 4011 557 4078 maris,
587 4014 771 4069 etenim
821 4014 952 4070 illuc
978 4032 1168 4071 manus
1217 4023 1310 4071 tua
1340 4017 1553 4072 deducet
1585 4034 1687 4083 me,
1722 4023 1769 4073 et

152 4099 435 4155 tenebitme
454 4100 671 4157 dextera
702 4108 794 4158 tua
811 4104 991 4175 (Psal.
1018 4120 1295 4173 cxxxvm,
1317 4105 1443 4175 8,9,
1472 4106 1584 4178 10).
1618 4108 1768 4164 Intra

151 4187 455 4261 quamdam
489 4189 687 4247 falcem
716 4209 773 4248 se
816 4192 981 4262 vidit,
1027 4208 1153 4249 cum
1197 4210 1267 4250 ex
1298 4194 1453 4249 nullo
1497 4193 1602 4249 sibi
1644 4194 1766 4251 loco

150 4286 338 4352 patere
367 4279 510 4352 fugae
539 4280 750 4337 aditum
768 4298 924 4354 posse
952 4283 1234 4355 cognovit,
1260 4282 1450 4340 dicens
1475 4302 1485 4339 :
1523 4283 1662 4351 Quia
1680 4300 1766 4339 ne-

146 4386 253 4442 que
291 4368 359 4424 ab
386 4370 606 4440 oriente,
634 4388 795 4442 neque
828 4373 893 4427 ab
948 4373 1224 4441 occidente,
1273 4390 1438 4445 neque
1473 4392 1505 4429 a
1548 4373 1765 4432 desertis

144 4459 417 4515 montibus
449 4461 623 4533 (Psal.
655 4478 851 4531 Lxxrv,
871 4462 952 4534 7);
986 4462 1252 4519 subaudis
1275 4470 1423 4536 patet
1443 4463 1535 4519 via
1553 4462 1764 4536 fugien-

1887 3285 2159 3342 evadendi
2190 3288 2337 3343 viam
2369 3289 2657 3356 tribueret,
2690 3294 3012 3367 perforavit,
3044 3307 3106 3354 ut
3152 3301 3343 3358 saltem
3375 3315 3497 3376 post

1887 3392 2133 3432 morsum
2163 3378 2357 3450 fugiat,
2391 3379 2487 3452 qui
2530 3380 2786 3461 incautus
2814 3386 2967 3455 prius
3010 3388 3249 3446 morderi
3281 3410 3498 3467 nequa—

1884 3481 2050 3538 quam
2090 3467 2390 3524 metuebat.
2418 3468 2631 3542 Ubique
2661 3488 2788 3544 ergo
2811 3474 2972 3531 nobis
2988 3481 3231 3537 occurrit
3261 3499 3496 3556 superna

1883 3555 2185 3625 medicina,
2219 3558 2351 3631 quia
2377 3566 2431 3614 et
2460 3558 2613 3615 dedit
2641 3560 2858 3619 homini
2888 3574 3157 3640 praecepta
3189 3587 3257 3627 ne
3284 3555 3490 3645 peccet,

1884 3653 1938 3701 et
1967 3652 2156 3702 tamen
2187 3648 2449 3719 peccandi
2483 3649 2635 3706 dedit
2664 3653 2926 3725 remedia,
2966 3673 3034 3712 ne
3063 3657 3495 3731 desperet.Unde

1878 3736 2191 3792 cavendum
2235 3754 2588 3812 summopere
2616 3749 2700 3797 est
2729 3760 2798 3799 ne
2825 3745 2948 3817 quis
2981 3745 3344 3806 delectatione
3372 3767 3491 3823 pec-

1880 3825 1986 3880 cati
2016 3826 2324 3884 Leviathau
2354 3828 2516 3885 istius
2544 3847 2637 3886 ore
2667 3833 2933 3903 rapiatur,
2965 3844 3018 3892 et
3047 3842 3250 3906 tamen,
3283 3838 3329 3895 si
3371 3857 3493 3914 rap-

1877 3920 1969 3970 tus
2001 3914 2190 3983 fuerit,
2229 3932 2341 3973 non
2386 3917 2659 3990 desperet,
2692 3921 2820 3993 quia
2847 3923 2893 3978 si
2927 3932 3209 3996 peccatum
3253 3927 3489 3999 perfecte

1878 4002 2083 4077 lugeat,
2115 4005 2299 4062 adhuc
2326 4007 2572 4065 foramen
2603 4010 2660 4065 in
2692 4011 2922 4068 maxilla
2959 4013 3078 4085 ejus
3107 4015 3340 4087 invenit,
3394 4034 3491 4092 per

1874 4097 2025 4170 quod
2063 4098 2278 4157 evadat.
2332 4100 2451 4157 Jam
2499 4100 2758 4159 dentibus
2805 4105 3023 4174 teritur,
3072 4106 3167 4163 sed
3210 4108 3393 4167 adhuc
3442 4111 3489 4166 si

1880 4187 2153 4245 evadendi
2184 4190 2275 4245 via
2304 4191 2594 4263 quaeritur,
2626 4193 2684 4248 in
2716 4193 2946 4250 maxilla
2974 4194 3095 4267 ejus
3122 4197 3369 4255 foramen
3409 4200 3490 4257 in-

1876 4278 2121 4336 venitur.
2147 4279 2323 4336 Habet
2368 4281 2532 4337 etiam
2566 4289 2758 4355 captus
2786 4300 2897 4357 quo
2942 4294 3120 4356 exeat,
3171 4288 3263 4361 qui
3296 4291 3487 4362 praevi-

1877 4368 2007 4426 dere
2065 4370 2246 4427 noluit
2300 4373 2370 4428 ne
2422 4381 2724 4445 caperetur.
2780 4376 3045 4450 Quisquis
3070 4394 3197 4451 ergo
3242 4380 3486 4439 nondum

1875 4467 2068 4531 captus
2088 4470 2189 4530 est,
2224 4462 2507 4520 maxillam
2537 4463 2656 4536 ejus
2684 4466 2894 4539 fugiat;
2929 4468 3181 4542 quisquis
3208 4486 3341 4527 vero
3370 4471 3487 4544 jam

146 4547 228 4617 di,
261 4555 425 4621 atque
454 4565 583 4605 mox
612 4548 785 4622 ipsam
816 4566 1066 4623 supernae
1094 4552 1355 4624 potentiae
1384 4550 1761 4608 omnimodam
1796 4576 1848 4637 D
1880 4558 2076 4621 captus
2104 4559 2206 4619 est,
2236 4551 2295 4608 in
2342 4553 2571 4609 maxilla
2600 4554 2850 4612 foramen
2898 4566 3129 4630 quaerat.
3181 4558 3312 4616 Pius
3339 4561 3484 4617 enim

145 4637 701 4709 comprehensionem
721 4639 1065 4708 subdens,ait
1089 4657 1100 4695 :
1127 4641 1391 4708 Quoniam
1419 4642 1563 4696 Deus
1581 4640 1767 4709 judea:

144 4735 241 4784 est.
276 4730 359 4785 Ac
385 4729 433 4785 si
460 4730 667 4789 diceret
700 4748 712 4787 :
746 4731 1015 4804 Fugiendi
1043 4731 1135 4786 via
1165 4731 1412 4806 undique
1442 4732 1614 4802 deest,
1636 4731 1764 4804 quia

144 4818 245 4874 ille
269 4818 507 4891 judiciat
536 4821 631 4892 qui
662 4821 866 4895 ubique
896 4829 994 4878 est.
1028 4822 1235 4878 Divina
1253 4823 1437 4895 itaque
1459 4822 1673 4895 judicia
1693 4824 1762 4882 si-

144 4913 247 4966 cut
280 4908 571 4981 signantur
597 4909 754 4979 falce,
787 4910 916 4984 quia
952 4912 1437 4969 circumvallantia
1470 4912 1746 4981 incidunt,

143 4998 230 5054 ita
255 4990 644 5070 exprimuntur
672 5001 902 5069 circulo,
938 5002 1069 5075 quia
1090 5000 1344 5075 undique
1364 5002 1662 5074 stringunt.
1696 5002 1760 5057 In

140 5089 455 5148 Leviathan
484 5093 668 5166 itaque
684 5094 953 5152 naribusa
971 5094 1211 5151 Domino
1227 5095 1472 5152 circulus
1492 5094 1740 5167 ponitur,

139 5180 285 5254 quia
305 5180 508 5253 judicii
528 5181 647 5254 ejus
666 5185 913 5256 potentia
943 5185 1001 5241 in
1020 5183 1240 5241 insidiis
1260 5184 1377 5241 suis
1395 5200 1464 5240 ne
1485 5189 1753 5257 quantum

139 5271 273 5328 vult
300 5273 597 5343 praevaleat
646 5282 974 5332 coarctatur.
1016 5275 1247 5333 Dicatur
1274 5290 1403 5348 ergo
1437 5292 1448 5330 :
1491 5272 1756 5344 Nunquid

131 5377 306 5433 pones
332 5362 593 5420 circulum
619 5363 677 5420 in
703 5364 926 5422 naribus
943 5364 1057 5436 ejus
1081 5367 1110 5423 ?
1139 5363 1413 5422 Subaudis
1442 5371 1504 5422 ut
1526 5363 1748 5438 ego,qui

218 5540 236 5579 ί
270 5541 393 5602 Duo
440 5544 650 5616 Germ.,
699 5543 873 5604 Laud.
913 5563 978 5605 ac
1020 5545 1145 5607 Val.
1187 5545 1296 5616 Cl.,
1340 5546 1456 5619 eius
1506 5545 1749 5619 sagacia.

135 5635 332 5710 Turon
344 5682 349 5688 .
361 5678 376 5704 ,
399 5635 734 5710 ejussagitta
760 5636 1035 5710 retinetur.

270 5706 470 5779 Laud.,
500 5706 619 5764 duo
640 5708 823 5765 Germ.
856 5725 920 5767 ac
947 5709 1073 5768 Val.
1105 5707 1216 5778 CL,
1244 5713 1295 5765 et
1317 5724 1423 5767 ecce
1449 5709 1609 5768 nubes
1636 5718 1763 5766 can-’

133 5777 537 5924 d“gallindocq
567 5848 821 5925 Ebroic.,
855 5852 1084 5925 Pratel.,
1105 5852 1328 5926 judicis.

1878 4656 1941 4697 ac
1962 4638 2147 4711 justus
2177 4651 2257 4698 est
2291 4642 2549 4699 conditor
2576 4654 2780 4704 noster.

1949 4730 2093 4804 [Vet.
2133 4733 2279 4807 Χν.]
2314 4734 2401 4791 23.
2434 4736 2571 4791 Ante
2602 4738 2809 4810 culpam
2841 4737 3058 4808 justitia
3099 4739 3199 4795 Dei
3246 4745 3484 4795 metuen-

1880 4823 1990 4888 da;
2012 4831 2134 4896 post
2162 4827 2372 4897 culpam
2402 4828 2670 4897 speranda
2698 4828 3086 4884 misericordia.
3113 4829 3293 4886 Ruina
3316 4831 3484 4901 majo-

1880 4930 2005 4968 rum
2033 4915 2105 4969 sit
2134 4917 2343 4971 cautela
2370 4916 2657 4973 minorum.
2698 4948 2770 4959 —
2798 4918 2904 4974 Sed
2934 4934 3096 4973 nemo
3125 4917 3270 4974 dicat
3298 4936 3310 4972 :
3343 4918 3483 4985 Quia

1872 5001 1999 5075 pius
2045 5012 2129 5059 est
2174 5005 2466 5061 venialiter
2507 5023 2693 5079 pecco.
2743 5008 2813 5063 Et
2842 5023 3004 5063 nemo
3033 5006 3127 5079 qui
3174 5008 3481 5077 peccaverit

1874 5093 2024 5150 dicat
2052 5111 2063 5151 :
2098 5094 2239 5161 Quia
2254 5094 2438 5167 justus
2465 5104 2567 5167 est,
2601 5100 2622 5134 δ
2652 5097 2719 5154 de
2743 5097 2951 5169 peccati
2978 5096 3304 5153 remissione
3346 5096 3482 5154 des—

1863 5198 2016 5260 perO.
2049 5189 2281 5247 Relaxat
2318 5190 2468 5247 enim
2497 5190 2643 5245 Deus
2676 5186 2893 5244 facinus
2923 5187 3071 5258 quod
3098 5186 3354 5255 deﬂetur,
3383 5187 3480 5245 sed

1863 5291 2182 5359 perpetrare
2210 5282 2449 5355 quisque
2477 5280 2671 5336 timeat
2691 5277 2837 5351 quod
2857 5275 2904 5333 si
2934 5276 3098 5349 digne
3125 5277 3324 5334 deﬂere
3356 5293 3477 5350 pos.

1868 5375 1941 5434 sit
1969 5376 2206 5448 ignorat.
2236 5376 2383 5430 Ante
2408 5372 2628 5445 culpam
2657 5386 2785 5444 ergo
2794 5368 3071 5443 justitiam
3099 5375 3329 5439 metuat,
3355 5377 3480 5442 post

1935 5555 1957 5591 ‘
1987 5548 2268 5620 Laudun.,
2316 5547 2583 5618 Vindoc.,
2613 5547 2842 5616 Pratel.,
2891 5546 3148 5606 diluculo.
3190 5547 3314 5608 Val.
3365 5547 3475 5618 CL,

1865 5624 2183 5704 ante
2215 5622 2518 5704 diluculo“
2625 5689 2643 5704 ῃ
2744 5699 2755 5704 _
2819 5693 2851 5704 η
2987 5697 2997 5704 ι
3117 5692 3128 5704 ,

1942 5702 1964 5736 ⁸
1994 5698 2160 5758 Corb.
2218 5695 2433 5765 Germ.,
2491 5687 2668 5751 Laud.
2708 5699 2763 5749 et
2812 5693 3047 5763 Gemet.,
3105 5692 3183 5749 in-
3209 5697 3476 5765 postremo

1868 5790 2170 5907 maniam.
2202 5853 2257 5903 et
2288 5843 2409 5903 Val.
2442 5842 2549 5912 CL,
2580 5841 2941 5918 remissionem
2960 5839 3195 5911 despero.
