  <div class='ocr_page' id='page_1' title='image "/cluster/home/n/w/nwhite01/storage/ocr_20150623/76/umn.31951002477369g/351.png"; bbox 0 0 3936 6382; ppageno 0'>
   <div class='ocr_carea' id='block_1_1' title="bbox 479 353 584 410">
    <p class='ocr_par' dir='ltr' id='par_1_1' title="bbox 479 353 584 410">
     <span class='ocr_line' id='line_1_1' title="bbox 479 353 584 410; baseline -0.01 0"><span class='ocrx_word' id='word_1_1' title='bbox 479 353 584 410; x_wconf 86' lang='grc'>687</span> 
     </span>
    </p>
   </div>
   <div class='ocr_carea' id='block_1_2' title="bbox 1677 343 2572 404">
    <p class='ocr_par' dir='ltr' id='par_1_2' title="bbox 1677 343 2572 404">
     <span class='ocr_line' id='line_1_2' title="bbox 1677 343 2572 404; baseline 0.001 -3"><span class='ocrx_word' id='word_1_2' title='bbox 1677 343 1925 402; x_wconf 85' lang='lat' dir='ltr'>SANCTI</span> <span class='ocrx_word' id='word_1_3' title='bbox 1969 343 2310 403; x_wconf 85' lang='lat' dir='ltr'>GREGORII</span> <span class='ocrx_word' id='word_1_4' title='bbox 2347 343 2572 404; x_wconf 83' lang='lat' dir='ltr'><strong>MAGNI</strong></span> 
     </span>
    </p>
   </div>
   <div class='ocr_carea' id='block_1_3' title="bbox 3689 337 3814 397">
    <p class='ocr_par' dir='ltr' id='par_1_3' title="bbox 3689 337 3814 397">
     <span class='ocr_line' id='line_1_3' title="bbox 3689 337 3814 397; baseline -0.024 0"><span class='ocrx_word' id='word_1_5' title='bbox 3689 337 3814 397; x_wconf 87' lang='lat'>688</span> 
     </span>
    </p>
   </div>
   <div class='ocr_carea' id='block_1_4' title="bbox 479 463 3813 548">
    <p class='ocr_par' dir='ltr' id='par_1_4' title="bbox 479 463 3813 548">
     <span class='ocr_line' id='line_1_4' title="bbox 479 463 3813 548; baseline -0.003 -16"><span class='ocrx_word' id='word_1_6' title='bbox 479 476 697 548; x_wconf 88' lang='lat' dir='ltr'>culpam</span> <span class='ocrx_word' id='word_1_7' title='bbox 729 481 911 529; x_wconf 90' lang='lat' dir='ltr'>tamen</span> <span class='ocrx_word' id='word_1_8' title='bbox 939 471 1006 528; x_wconf 92' lang='lat' dir='ltr'>de</span> <span class='ocrx_word' id='word_1_9' title='bbox 1035 471 1237 545; x_wconf 88' lang='lat' dir='ltr'>pietate</span> <span class='ocrx_word' id='word_1_10' title='bbox 1267 477 1590 545; x_wconf 67' lang='lat' dir='ltr'>praesumat;</span> <span class='ocrx_word' id='word_1_11' title='bbox 1621 485 1796 544; x_wconf 90' lang='lat' dir='ltr'>neque</span> <span class='ocrx_word' id='word_1_12' title='bbox 1827 469 1902 525; x_wconf 90' lang='lat' dir='ltr'>ita</span> <span class='ocrx_word' id='word_1_13' title='bbox 1924 469 2086 540; x_wconf 87' lang='lat' dir='ltr'>justi-</span> <span class='ocrx_word' id='word_1_14' title='bbox 2113 473 2162 534; x_wconf 84' lang='grc' dir='ltr'><strong>Α</strong></span> <span class='ocrx_word' id='word_1_15' title='bbox 2194 469 2487 526; x_wconf 88' lang='lat' dir='ltr'>ricordiam</span> <span class='ocrx_word' id='word_1_16' title='bbox 2519 474 2716 541; x_wconf 85' lang='lat' dir='ltr'>sperat,</span> <span class='ocrx_word' id='word_1_17' title='bbox 2748 465 2794 524; x_wconf 98' lang='lat' dir='ltr'>si</span> <span class='ocrx_word' id='word_1_18' title='bbox 2824 484 2933 524; x_wconf 90' lang='lat' dir='ltr'>non</span> <span class='ocrx_word' id='word_1_19' title='bbox 2963 465 3128 523; x_wconf 87' lang='lat' dir='ltr'>etiam</span> <span class='ocrx_word' id='word_1_20' title='bbox 3143 463 3419 539; x_wconf 76' lang='lat' dir='ltr'>justitiam</span> <span class='ocrx_word' id='word_1_21' title='bbox 3447 466 3683 534; x_wconf 80' lang='lat' dir='ltr'>timeat;</span> <span class='ocrx_word' id='word_1_22' title='bbox 3719 465 3813 522; x_wconf 85' lang='lat' dir='ltr'>in-</span> 
     </span>
    </p>
   </div>
   <div class='ocr_carea' id='block_1_5' title="bbox 479 558 2088 634">
    <p class='ocr_par' dir='ltr' id='par_1_5' title="bbox 479 558 2088 634">
     <span class='ocr_line' id='line_1_5' title="bbox 479 558 2088 634; baseline -0.002 -14"><span class='ocrx_word' id='word_1_23' title='bbox 479 566 612 622; x_wconf 91' lang='lat' dir='ltr'>tiam</span> <span class='ocrx_word' id='word_1_24' title='bbox 636 564 845 632; x_wconf 89' lang='lat' dir='ltr'>timeat,</span> <span class='ocrx_word' id='word_1_25' title='bbox 877 569 940 619; x_wconf 91' lang='lat' dir='ltr'>ut</span> <span class='ocrx_word' id='word_1_26' title='bbox 965 561 1119 618; x_wconf 91' lang='lat' dir='ltr'>nulla</span> <span class='ocrx_word' id='word_1_27' title='bbox 1145 561 1261 634; x_wconf 89' lang='lat' dir='ltr'>spei</span> <span class='ocrx_word' id='word_1_28' title='bbox 1290 560 1667 618; x_wconf 82' lang='lat' dir='ltr'>consolatione</span> <span class='ocrx_word' id='word_1_29' title='bbox 1691 559 2044 617; x_wconf 82' lang='lat' dir='ltr'>convalescat</span> <span class='ocrx_word' id='word_1_30' title='bbox 2073 558 2088 608; x_wconf 72' lang='grc' dir='ltr'><strong>ἱ</strong></span> 
     </span>
    </p>
   </div>
   <div class='ocr_carea' id='block_1_6' title="bbox 479 647 2084 726">
    <p class='ocr_par' dir='ltr' id='par_1_6' title="bbox 479 647 2084 726">
     <span class='ocr_line' id='line_1_6' title="bbox 479 647 2084 726; baseline -0.004 -18"><span class='ocrx_word' id='word_1_31' title='bbox 479 668 656 726; x_wconf 86' lang='lat' dir='ltr'>neque</span> <span class='ocrx_word' id='word_1_32' title='bbox 686 652 762 707; x_wconf 92' lang='lat' dir='ltr'>ita</span> <span class='ocrx_word' id='word_1_33' title='bbox 790 649 1032 706; x_wconf 86' lang='lat' dir='ltr'>conﬁdat</span> <span class='ocrx_word' id='word_1_34' title='bbox 1051 648 1118 707; x_wconf 90' lang='lat' dir='ltr'>de</span> <span class='ocrx_word' id='word_1_35' title='bbox 1147 649 1544 717; x_wconf 81' lang='lat' dir='ltr'>misericordia,</span> <span class='ocrx_word' id='word_1_36' title='bbox 1576 658 1637 705; x_wconf 91' lang='lat' dir='ltr'>ut</span> <span class='ocrx_word' id='word_1_37' title='bbox 1665 647 1928 704; x_wconf 90' lang='lat' dir='ltr'>adhibere</span> <span class='ocrx_word' id='word_1_38' title='bbox 1969 648 2084 703; x_wconf 89' lang='lat' dir='ltr'>vul-</span> 
     </span>
    </p>
   </div>
   <div class='ocr_carea' id='block_1_7' title="bbox 481 738 2079 814">
    <p class='ocr_par' dir='ltr' id='par_1_7' title="bbox 481 738 2079 814">
     <span class='ocr_line' id='line_1_7' title="bbox 481 738 2079 814; baseline -0.001 -14"><span class='ocrx_word' id='word_1_39' title='bbox 481 743 706 800; x_wconf 88' lang='lat' dir='ltr'>neribus</span> <span class='ocrx_word' id='word_1_40' title='bbox 735 742 851 799; x_wconf 88' lang='lat' dir='ltr'>suis</span> <span class='ocrx_word' id='word_1_41' title='bbox 880 741 1058 814; x_wconf 84' lang='lat' dir='ltr'>dignae</span> <span class='ocrx_word' id='word_1_42' title='bbox 1088 740 1424 812; x_wconf 85' lang='lat' dir='ltr'>poenitentiae</span> <span class='ocrx_word' id='word_1_43' title='bbox 1444 740 1689 812; x_wconf 83' lang='lat' dir='ltr'>negligat</span> <span class='ocrx_word' id='word_1_44' title='bbox 1718 738 2079 798; x_wconf 86' lang='lat' dir='ltr'>medicinam;</span> 
     </span>
    </p>
   </div>
   <div class='ocr_carea' id='block_1_8' title="bbox 481 829 2087 908">
    <p class='ocr_par' dir='ltr' id='par_1_8' title="bbox 481 829 2087 908">
     <span class='ocr_line' id='line_1_8' title="bbox 481 829 2087 908; baseline -0.004 -18"><span class='ocrx_word' id='word_1_45' title='bbox 481 833 576 890; x_wconf 91' lang='lat' dir='ltr'>sed</span> <span class='ocrx_word' id='word_1_46' title='bbox 605 851 768 908; x_wconf 85' lang='lat' dir='ltr'>quem</span> <span class='ocrx_word' id='word_1_47' title='bbox 799 833 1082 906; x_wconf 74' lang='lat' dir='ltr'>praesumit</span> <span class='ocrx_word' id='word_1_48' title='bbox 1128 832 1233 888; x_wconf 87' lang='lat' dir='ltr'>sibi</span> <span class='ocrx_word' id='word_1_49' title='bbox 1265 832 1368 902; x_wconf 88' lang='lat' dir='ltr'>pie‘</span> <span class='ocrx_word' id='word_1_50' title='bbox 1396 846 1636 902; x_wconf 85' lang='lat' dir='ltr'>parcere,</span> <span class='ocrx_word' id='word_1_51' title='bbox 1678 847 1892 902; x_wconf 85' lang='lat' dir='ltr'>semper</span> <span class='ocrx_word' id='word_1_52' title='bbox 1920 829 2087 885; x_wconf 86' lang='lat' dir='ltr'>etiam</span> 
     </span>
    </p>
   </div>
   <div class='ocr_carea' id='block_1_9' title="bbox 483 917 2090 998">
    <p class='ocr_par' dir='ltr' id='par_1_9' title="bbox 483 917 2090 998">
     <span class='ocr_line' id='line_1_9' title="bbox 483 917 2090 998; baseline -0.004 -18"><span class='ocrx_word' id='word_1_53' title='bbox 483 925 686 998; x_wconf 82' lang='lat' dir='ltr'>cogitet</span> <span class='ocrx_word' id='word_1_54' title='bbox 713 932 770 981; x_wconf 91' lang='lat' dir='ltr'>et</span> <span class='ocrx_word' id='word_1_55' title='bbox 800 923 1048 981; x_wconf 79' lang='lat' dir='ltr'>districto</span> <span class='ocrx_word' id='word_1_56' title='bbox 1069 922 1337 994; x_wconf 83' lang='lat' dir='ltr'>judicare.</span> <span class='ocrx_word' id='word_1_57' title='bbox 1376 919 1489 975; x_wconf 89' lang='lat' dir='ltr'>Sub</span> <span class='ocrx_word' id='word_1_58' title='bbox 1521 922 1725 993; x_wconf 86' lang='lat' dir='ltr'>pietate</span> <span class='ocrx_word' id='word_1_59' title='bbox 1757 921 1941 992; x_wconf 88' lang='lat' dir='ltr'>itaque</span> <span class='ocrx_word' id='word_1_60' title='bbox 1971 917 2090 989; x_wconf 88' lang='lat' dir='ltr'>ejus</span> 
     </span>
    </p>
   </div>
   <div class='ocr_carea' id='block_1_10' title="bbox 483 1008 2088 1086">
    <p class='ocr_par' dir='ltr' id='par_1_10' title="bbox 483 1008 2088 1086">
     <span class='ocr_line' id='line_1_10' title="bbox 483 1008 2088 1086; baseline -0.003 -17"><span class='ocrx_word' id='word_1_61' title='bbox 483 1030 606 1086; x_wconf 87' lang='lat' dir='ltr'>spes</span> <span class='ocrx_word' id='word_1_62' title='bbox 644 1013 946 1086; x_wconf 87' lang='lat' dir='ltr'>peccatoris</span> <span class='ocrx_word' id='word_1_63' title='bbox 994 1010 1248 1084; x_wconf 83' lang='lat' dir='ltr'>gaudeat,</span> <span class='ocrx_word' id='word_1_64' title='bbox 1279 1008 1375 1066; x_wconf 91' lang='lat' dir='ltr'>sed</span> <span class='ocrx_word' id='word_1_65' title='bbox 1419 1009 1522 1066; x_wconf 91' lang='lat' dir='ltr'>sub</span> <span class='ocrx_word' id='word_1_66' title='bbox 1552 1009 1906 1066; x_wconf 87' lang='lat' dir='ltr'>districtione</span> <span class='ocrx_word' id='word_1_67' title='bbox 1937 1009 2088 1064; x_wconf 90' lang='lat' dir='ltr'>illius</span> 
     </span>
    </p>
   </div>
   <div class='ocr_carea' id='block_1_11' title="bbox 484 1098 2088 1176">
    <p class='ocr_par' dir='ltr' id='par_1_11' title="bbox 484 1098 2088 1176">
     <span class='ocr_line' id='line_1_11' title="bbox 484 1098 2088 1176; baseline -0.004 -17"><span class='ocrx_word' id='word_1_68' title='bbox 484 1103 807 1176; x_wconf 81' lang='lat' dir='ltr'>paenitentis</span> <span class='ocrx_word' id='word_1_69' title='bbox 836 1101 1102 1159; x_wconf 86' lang='lat' dir='ltr'>correctio</span> <span class='ocrx_word' id='word_1_70' title='bbox 1129 1099 1535 1156; x_wconf 82' lang='lat' dir='ltr'>contreiniscat.</span> <span class='ocrx_word' id='word_1_71' title='bbox 1569 1099 1704 1170; x_wconf 88' lang='lat' dir='ltr'>Spes</span> <span class='ocrx_word' id='word_1_72' title='bbox 1737 1098 1911 1169; x_wconf 81' lang='lat' dir='ltr'>igitur</span> <span class='ocrx_word' id='word_1_73' title='bbox 1939 1115 2088 1170; x_wconf 63' lang='lat' dir='ltr'>prm—</span> 
     </span>
    </p>
   </div>
   <div class='ocr_carea' id='block_1_12' title="bbox 483 1188 2087 1264">
    <p class='ocr_par' dir='ltr' id='par_1_12' title="bbox 483 1188 2087 1264">
     <span class='ocr_line' id='line_1_12' title="bbox 483 1188 2087 1264; baseline -0.002 -16"><span class='ocrx_word' id='word_1_74' title='bbox 483 1193 818 1264; x_wconf 90' lang='lat' dir='ltr'>sumptionis</span> <span class='ocrx_word' id='word_1_75' title='bbox 836 1199 1034 1248; x_wconf 62' lang='lat' dir='ltr'>nostra</span> <span class='ocrx_word' id='word_1_76' title='bbox 1055 1190 1251 1246; x_wconf 88' lang='lat' dir='ltr'>habeat</span> <span class='ocrx_word' id='word_1_77' title='bbox 1280 1190 1445 1245; x_wconf 88' lang='lat' dir='ltr'>etiam</span> <span class='ocrx_word' id='word_1_78' title='bbox 1476 1205 1720 1244; x_wconf 90' lang='lat' dir='ltr'>morsum</span> <span class='ocrx_word' id='word_1_79' title='bbox 1753 1188 1995 1256; x_wconf 89' lang='lat' dir='ltr'>timoris,</span> <span class='ocrx_word' id='word_1_80' title='bbox 2026 1196 2087 1244; x_wconf 94' lang='lat' dir='ltr'>ut</span> 
     </span>
    </p>
   </div>
   <div class='ocr_carea' id='block_1_13' title="bbox 485 1277 2085 1354">
    <p class='ocr_par' dir='ltr' id='par_1_13' title="bbox 485 1277 2085 1354">
     <span class='ocr_line' id='line_1_13' title="bbox 485 1277 2085 1354; baseline -0.002 -17"><span class='ocrx_word' id='word_1_81' title='bbox 485 1281 554 1338; x_wconf 89' lang='lat' dir='ltr'>ad</span> <span class='ocrx_word' id='word_1_82' title='bbox 597 1281 920 1354; x_wconf 89' lang='lat' dir='ltr'>corrigenda</span> <span class='ocrx_word' id='word_1_83' title='bbox 964 1287 1185 1354; x_wconf 90' lang='lat' dir='ltr'>peccata</span> <span class='ocrx_word' id='word_1_84' title='bbox 1240 1278 1463 1351; x_wconf 90' lang='lat' dir='ltr'>justitia</span> <span class='ocrx_word' id='word_1_85' title='bbox 1502 1277 1812 1350; x_wconf 89' lang='lat' dir='ltr'>judicantis</span> <span class='ocrx_word' id='word_1_86' title='bbox 1859 1285 2085 1348; x_wconf 89' lang='lat' dir='ltr'>terreat,</span> 
     </span>
    </p>
   </div>
   <div class='ocr_carea' id='block_1_14' title="bbox 485 1369 2082 1444">
    <p class='ocr_par' dir='ltr' id='par_1_14' title="bbox 485 1369 2082 1444">
     <span class='ocr_line' id='line_1_14' title="bbox 485 1369 2082 1444; baseline -0.002 -16"><span class='ocrx_word' id='word_1_87' title='bbox 485 1388 646 1444; x_wconf 88' lang='lat' dir='ltr'>quem</span> <span class='ocrx_word' id='word_1_88' title='bbox 678 1371 749 1428; x_wconf 92' lang='lat' dir='ltr'>ad</span> <span class='ocrx_word' id='word_1_89' title='bbox 775 1370 1032 1427; x_wconf 88' lang='lat' dir='ltr'>ﬁduciam</span> <span class='ocrx_word' id='word_1_90' title='bbox 1080 1370 1254 1426; x_wconf 83' lang='lat' dir='ltr'>veniae</span> <span class='ocrx_word' id='word_1_91' title='bbox 1311 1369 1480 1441; x_wconf 89' lang='lat' dir='ltr'>g.atia</span> <span class='ocrx_word' id='word_1_92' title='bbox 1531 1369 1806 1440; x_wconf 88' lang='lat' dir='ltr'>parcentis</span> <span class='ocrx_word' id='word_1_93' title='bbox 1862 1369 2082 1426; x_wconf 87' lang='lat' dir='ltr'>invitat.</span> 
     </span>
    </p>
   </div>
   <div class='ocr_carea' id='block_1_15' title="bbox 485 1457 2085 1532">
    <p class='ocr_par' dir='ltr' id='par_1_15' title="bbox 485 1457 2085 1532">
     <span class='ocr_line' id='line_1_15' title="bbox 485 1457 2085 1532; baseline -0.001 -16"><span class='ocrx_word' id='word_1_94' title='bbox 485 1461 626 1518; x_wconf 88' lang='lat' dir='ltr'>Hinc</span> <span class='ocrx_word' id='word_1_95' title='bbox 655 1461 802 1515; x_wconf 92' lang='lat' dir='ltr'>enim</span> <span class='ocrx_word' id='word_1_96' title='bbox 833 1477 928 1532; x_wconf 91' lang='lat' dir='ltr'>per</span> <span class='ocrx_word' id='word_1_97' title='bbox 957 1459 1249 1532; x_wconf 86' lang='lat' dir='ltr'>quemdam</span> <span class='ocrx_word' id='word_1_98' title='bbox 1279 1457 1582 1530; x_wconf 89' lang='lat' dir='ltr'>sapientem</span> <span class='ocrx_word' id='word_1_99' title='bbox 1610 1457 1817 1514; x_wconf 90' lang='lat' dir='ltr'>dicitur</span> <span class='ocrx_word' id='word_1_100' title='bbox 1851 1475 1862 1514; x_wconf 93' lang='lat'>:</span> <span class='ocrx_word' id='word_1_101' title='bbox 1895 1460 1974 1516; x_wconf 86' lang='lat' dir='ltr'>Ne</span> <span class='ocrx_word' id='word_1_102' title='bbox 2007 1459 2085 1516; x_wconf 80' lang='lat' dir='ltr'>di-</span> 
     </span>
    </p>
   </div>
   <div class='ocr_carea' id='block_1_16' title="bbox 481 1547 2085 1618">
    <p class='ocr_par' dir='ltr' id='par_1_16' title="bbox 481 1547 2085 1618">
     <span class='ocr_line' id='line_1_16' title="bbox 481 1547 2085 1618; baseline -0.001 -14"><span class='ocrx_word' id='word_1_103' title='bbox 481 1549 650 1616; x_wconf 72' lang='lat' dir='ltr'>xeris,</span> <span class='ocrx_word' id='word_1_104' title='bbox 691 1549 1054 1608; x_wconf 83' lang='lat' dir='ltr'>Miserationes</span> <span class='ocrx_word' id='word_1_105' title='bbox 1090 1548 1310 1605; x_wconf 81' lang='lat' dir='ltr'>Domini</span> <span class='ocrx_word' id='word_1_106' title='bbox 1355 1547 1534 1602; x_wconf 61' lang='lat' dir='ltr'>multa:</span> <span class='ocrx_word' id='word_1_107' title='bbox 1574 1553 1716 1615; x_wconf 89' lang='lat' dir='ltr'>sunt,</span> <span class='ocrx_word' id='word_1_108' title='bbox 1753 1555 2085 1618; x_wconf 73' lang='lat' dir='ltr'>peccatorum</span> 
     </span>
    </p>
   </div>
   <div class='ocr_carea' id='block_1_17' title="bbox 482 1636 2084 1708">
    <p class='ocr_par' dir='ltr' id='par_1_17' title="bbox 482 1636 2084 1708">
     <span class='ocr_line' id='line_1_17' title="bbox 482 1636 2084 1708; baseline 0.001 -15"><span class='ocrx_word' id='word_1_109' title='bbox 482 1655 718 1695; x_wconf 84' lang='lat' dir='ltr'>meorum</span> <span class='ocrx_word' id='word_1_110' title='bbox 771 1656 879 1694; x_wconf 83' lang='lat' dir='ltr'>non</span> <span class='ocrx_word' id='word_1_111' title='bbox 918 1638 1301 1694; x_wconf 79' lang='lat' dir='ltr'>memorabitur</span> <span class='ocrx_word' id='word_1_112' title='bbox 1347 1636 1537 1708; x_wconf 83' lang='lat' dir='ltr'>(Eccli.</span> <span class='ocrx_word' id='word_1_113' title='bbox 1589 1653 1643 1704; x_wconf 90' lang='lat' dir='ltr'>v,</span> <span class='ocrx_word' id='word_1_114' title='bbox 1697 1636 1779 1706; x_wconf 87' lang='grc'>6).</span> <span class='ocrx_word' id='word_1_115' title='bbox 1820 1637 2084 1694; x_wconf 87' lang='lat' dir='ltr'>Pietatem</span> 
     </span>
    </p>
   </div>
   <div class='ocr_carea' id='block_1_18' title="bbox 483 1725 2082 1802">
    <p class='ocr_par' dir='ltr' id='par_1_18' title="bbox 483 1725 2082 1802">
     <span class='ocr_line' id='line_1_18' title="bbox 483 1725 2082 1802; baseline 0 -18"><span class='ocrx_word' id='word_1_116' title='bbox 483 1745 718 1802; x_wconf 85' lang='lat' dir='ltr'>namque</span> <span class='ocrx_word' id='word_1_117' title='bbox 747 1727 865 1800; x_wconf 90' lang='lat' dir='ltr'>ejus</span> <span class='ocrx_word' id='word_1_118' title='bbox 893 1729 1166 1801; x_wconf 87' lang='lat' dir='ltr'>protinus,</span> <span class='ocrx_word' id='word_1_119' title='bbox 1211 1735 1264 1783; x_wconf 90' lang='lat' dir='ltr'>et</span> <span class='ocrx_word' id='word_1_120' title='bbox 1305 1725 1582 1798; x_wconf 87' lang='lat' dir='ltr'>justitiam</span> <span class='ocrx_word' id='word_1_121' title='bbox 1611 1725 1817 1794; x_wconf 88' lang='lat' dir='ltr'>subdit,</span> <span class='ocrx_word' id='word_1_122' title='bbox 1849 1727 2038 1784; x_wconf 92' lang='lat' dir='ltr'>dicens</span> <span class='ocrx_word' id='word_1_123' title='bbox 2071 1746 2082 1784; x_wconf 93' lang='lat'>:</span> 
     </span>
    </p>
   </div>
   <div class='ocr_carea' id='block_1_19' title="bbox 2199 553 3814 629">
    <p class='ocr_par' dir='ltr' id='par_1_19' title="bbox 2199 553 3814 629">
     <span class='ocr_line' id='line_1_19' title="bbox 2199 553 3814 629; baseline -0.002 -15"><span class='ocrx_word' id='word_1_124' title='bbox 2199 574 2413 614; x_wconf 90' lang='lat' dir='ltr'>cassum</span> <span class='ocrx_word' id='word_1_125' title='bbox 2437 556 2712 629; x_wconf 86' lang='lat' dir='ltr'>justitiam</span> <span class='ocrx_word' id='word_1_126' title='bbox 2741 555 2958 624; x_wconf 90' lang='lat' dir='ltr'>metuit,</span> <span class='ocrx_word' id='word_1_127' title='bbox 2981 555 3028 611; x_wconf 87' lang='lat' dir='ltr'>si</span> <span class='ocrx_word' id='word_1_128' title='bbox 3057 570 3171 611; x_wconf 94' lang='lat' dir='ltr'><strong>non</strong></span> <span class='ocrx_word' id='word_1_129' title='bbox 3198 553 3365 610; x_wconf 87' lang='lat' dir='ltr'>etiam</span> <span class='ocrx_word' id='word_1_130' title='bbox 3389 553 3458 610; x_wconf 88' lang='lat' dir='ltr'>de</span> <span class='ocrx_word' id='word_1_131' title='bbox 3486 553 3814 612; x_wconf 88' lang='lat' dir='ltr'>misericor-</span> 
     </span>
    </p>
   </div>
   <div class='ocr_carea' id='block_1_20' title="bbox 2199 644 3814 718">
    <p class='ocr_par' dir='ltr' id='par_1_20' title="bbox 2199 644 3814 718">
     <span class='ocr_line' id='line_1_20' title="bbox 2199 644 3814 718; baseline -0.002 -15"><span class='ocrx_word' id='word_1_132' title='bbox 2199 647 2292 703; x_wconf 91' lang='lat' dir='ltr'>dia</span> <span class='ocrx_word' id='word_1_133' title='bbox 2315 646 2574 704; x_wconf 88' lang='lat' dir='ltr'>conﬁdat.</span> <span class='ocrx_word' id='word_1_134' title='bbox 2607 646 2752 702; x_wconf 92' lang='lat' dir='ltr'>Loco</span> <span class='ocrx_word' id='word_1_135' title='bbox 2780 645 2948 717; x_wconf 87' lang='lat' dir='ltr'>igitur</span> <span class='ocrx_word' id='word_1_136' title='bbox 2977 646 3220 718; x_wconf 86' lang='lat' dir='ltr'>pignoris</span> <span class='ocrx_word' id='word_1_137' title='bbox 3251 644 3396 700; x_wconf 89' lang='lat' dir='ltr'>mola</span> <span class='ocrx_word' id='word_1_138' title='bbox 3423 645 3681 716; x_wconf 84' lang='lat' dir='ltr'>superior</span> <span class='ocrx_word' id='word_1_139' title='bbox 3710 653 3814 700; x_wconf 85' lang='lat' dir='ltr'>aut</span> 
     </span>
    </p>
   </div>
   <div class='ocr_carea' id='block_1_21' title="bbox 2199 735 3816 808">
    <p class='ocr_par' dir='ltr' id='par_1_21' title="bbox 2199 735 3816 808">
     <span class='ocr_line' id='line_1_21' title="bbox 2199 735 3816 808; baseline -0.001 -16"><span class='ocrx_word' id='word_1_140' title='bbox 2199 736 2430 792; x_wconf 87' lang='lat' dir='ltr'>inferior</span> <span class='ocrx_word' id='word_1_141' title='bbox 2461 735 2582 791; x_wconf 92' lang='lat' dir='ltr'>tolli</span> <span class='ocrx_word' id='word_1_142' title='bbox 2614 735 2959 807; x_wconf 84' lang='lat' dir='ltr'>prohibetur,</span> <span class='ocrx_word' id='word_1_143' title='bbox 2989 735 3120 808; x_wconf 89' lang='lat' dir='ltr'>quia</span> <span class='ocrx_word' id='word_1_144' title='bbox 3152 735 3247 808; x_wconf 90' lang='lat' dir='ltr'>qui</span> <span class='ocrx_word' id='word_1_145' title='bbox 3280 736 3554 807; x_wconf 82' lang='lat' dir='ltr'>peccatori</span> <span class='ocrx_word' id='word_1_146' title='bbox 3589 735 3816 807; x_wconf 77' lang='lat' dir='ltr'>praedi—</span> 
     </span>
    </p>
   </div>
   <div class='ocr_carea' id='block_1_22' title="bbox 2199 825 3811 898">
    <p class='ocr_par' dir='ltr' id='par_1_22' title="bbox 2199 825 3811 898">
     <span class='ocr_line' id='line_1_22' title="bbox 2199 825 3811 898; baseline 0 -16"><span class='ocrx_word' id='word_1_147' title='bbox 2199 834 2306 893; x_wconf 88' lang='lat' dir='ltr'>cat,</span> <span class='ocrx_word' id='word_1_148' title='bbox 2337 833 2486 882; x_wconf 87' lang='lat' dir='ltr'>tanta</span> <span class='ocrx_word' id='word_1_149' title='bbox 2533 825 2937 898; x_wconf 89' lang='lat' dir='ltr'>dispensatione</span> <span class='ocrx_word' id='word_1_150' title='bbox 2985 840 3314 896; x_wconf 89' lang='lat' dir='ltr'>componere</span> <span class='ocrx_word' id='word_1_151' title='bbox 3352 825 3811 897; x_wconf 71' lang='lat' dir='ltr'>praedicationem</span> 
     </span>
    </p>
   </div>
   <div class='ocr_carea' id='block_1_23' title="bbox 2198 913 3816 987">
    <p class='ocr_par' dir='ltr' id='par_1_23' title="bbox 2198 913 3816 987">
     <span class='ocr_line' id='line_1_23' title="bbox 2198 913 3816 987; baseline 0.001 -17"><span class='ocrx_word' id='word_1_152' title='bbox 2198 914 2378 984; x_wconf 86' lang='lat' dir='ltr'>debet,</span> <span class='ocrx_word' id='word_1_153' title='bbox 2412 923 2472 972; x_wconf 90' lang='lat' dir='ltr'>ut</span> <span class='ocrx_word' id='word_1_154' title='bbox 2501 931 2602 972; x_wconf 92' lang='lat' dir='ltr'>nec</span> <span class='ocrx_word' id='word_1_155' title='bbox 2641 914 2901 971; x_wconf 89' lang='lat' dir='ltr'>derelicta</span> <span class='ocrx_word' id='word_1_156' title='bbox 2941 931 3035 987; x_wconf 91' lang='lat' dir='ltr'>spe</span> <span class='ocrx_word' id='word_1_157' title='bbox 3063 915 3320 970; x_wconf 89' lang='lat' dir='ltr'>timorem</span> <span class='ocrx_word' id='word_1_158' title='bbox 3359 913 3668 982; x_wconf 85' lang='lat' dir='ltr'>subtrahat,</span> <span class='ocrx_word' id='word_1_159' title='bbox 3701 931 3816 972; x_wconf 84' lang='lat' dir='ltr'>nec</span> 
     </span>
    </p>
   </div>
   <div class='ocr_carea' id='block_1_24' title="bbox 2197 1005 3817 1081">
    <p class='ocr_par' dir='ltr' id='par_1_24' title="bbox 2197 1005 3817 1081">
     <span class='ocr_line' id='line_1_24' title="bbox 2197 1005 3817 1081; baseline -0.002 -17"><span class='ocrx_word' id='word_1_160' title='bbox 2197 1008 2475 1065; x_wconf 88' lang='lat' dir='ltr'>subtracta</span> <span class='ocrx_word' id='word_1_161' title='bbox 2496 1025 2608 1081; x_wconf 90' lang='lat' dir='ltr'>spe,</span> <span class='ocrx_word' id='word_1_162' title='bbox 2638 1007 2697 1064; x_wconf 88' lang='lat' dir='ltr'>in</span> <span class='ocrx_word' id='word_1_163' title='bbox 2728 1009 2844 1064; x_wconf 91' lang='lat' dir='ltr'>solo</span> <span class='ocrx_word' id='word_1_164' title='bbox 2873 1024 2998 1063; x_wconf 91' lang='lat' dir='ltr'>eum</span> <span class='ocrx_word' id='word_1_165' title='bbox 3029 1007 3228 1063; x_wconf 89' lang='lat' dir='ltr'>timore</span> <span class='ocrx_word' id='word_1_166' title='bbox 3257 1005 3627 1080; x_wconf 85' lang='lat' dir='ltr'>derelinquat.</span> <span class='ocrx_word' id='word_1_167' title='bbox 3659 1006 3817 1062; x_wconf 78' lang='lat' dir='ltr'>Mola</span> 
     </span>
    </p>
   </div>
   <div class='ocr_carea' id='block_1_25' title="bbox 2197 1097 3814 1173">
    <p class='ocr_par' dir='ltr' id='par_1_25' title="bbox 2197 1097 3814 1173">
     <span class='ocr_line' id='line_1_25' title="bbox 2197 1097 3814 1173; baseline -0.002 -17"><span class='ocrx_word' id='word_1_168' title='bbox 2197 1101 2346 1156; x_wconf 92' lang='lat' dir='ltr'>enim</span> <span class='ocrx_word' id='word_1_169' title='bbox 2376 1101 2626 1173; x_wconf 81' lang='lat' dir='ltr'>superior</span> <span class='ocrx_word' id='word_1_170' title='bbox 2649 1109 2745 1156; x_wconf 93' lang='lat' dir='ltr'>aut</span> <span class='ocrx_word' id='word_1_171' title='bbox 2774 1099 3008 1155; x_wconf 85' lang='lat' dir='ltr'>inferior</span> <span class='ocrx_word' id='word_1_172' title='bbox 3034 1098 3272 1167; x_wconf 91' lang='lat' dir='ltr'>tollitur,</span> <span class='ocrx_word' id='word_1_173' title='bbox 3303 1098 3350 1154; x_wconf 89' lang='lat' dir='ltr'>si</span> <span class='ocrx_word' id='word_1_174' title='bbox 3381 1114 3477 1170; x_wconf 88' lang='lat' dir='ltr'>per</span> <span class='ocrx_word' id='word_1_175' title='bbox 3503 1097 3814 1170; x_wconf 61' lang='lat' dir='ltr'>pradican-</span> 
     </span>
    </p>
   </div>
   <div class='ocr_carea' id='block_1_26' title="bbox 2202 1187 3813 1262">
    <p class='ocr_par' dir='ltr' id='par_1_26' title="bbox 2202 1187 3813 1262">
     <span class='ocr_line' id='line_1_26' title="bbox 2202 1187 3813 1262; baseline 0 -18"><span class='ocrx_word' id='word_1_176' title='bbox 2202 1188 2270 1245; x_wconf 90' lang='lat' dir='ltr'>tis</span> <span class='ocrx_word' id='word_1_177' title='bbox 2299 1189 2542 1262; x_wconf 89' lang='lat' dir='ltr'>linguam</span> <span class='ocrx_word' id='word_1_178' title='bbox 2592 1189 2652 1246; x_wconf 93' lang='lat' dir='ltr'>in</span> <span class='ocrx_word' id='word_1_179' title='bbox 2699 1188 3002 1261; x_wconf 88' lang='lat' dir='ltr'>peccatoris</span> <span class='ocrx_word' id='word_1_180' title='bbox 3041 1197 3258 1261; x_wconf 87' lang='lat' dir='ltr'>pectore</span> <span class='ocrx_word' id='word_1_181' title='bbox 3303 1195 3400 1244; x_wconf 88' lang='lat' dir='ltr'>aut</span> <span class='ocrx_word' id='word_1_182' title='bbox 3429 1187 3601 1244; x_wconf 87' lang='lat' dir='ltr'>timor</span> <span class='ocrx_word' id='word_1_183' title='bbox 3627 1203 3660 1243; x_wconf 92' lang='lat' dir='ltr'>a</span> <span class='ocrx_word' id='word_1_184' title='bbox 3689 1203 3813 1260; x_wconf 85' lang='lat' dir='ltr'>spe,</span> 
     </span>
    </p>
   </div>
   <div class='ocr_carea' id='block_1_27' title="bbox 2196 1277 3057 1350">
    <p class='ocr_par' dir='ltr' id='par_1_27' title="bbox 2196 1277 3057 1350">
     <span class='ocr_line' id='line_1_27' title="bbox 2196 1277 3057 1350; baseline 0 -16"><span class='ocrx_word' id='word_1_185' title='bbox 2196 1286 2291 1334; x_wconf 91' lang='lat' dir='ltr'>aut</span> <span class='ocrx_word' id='word_1_186' title='bbox 2315 1293 2436 1350; x_wconf 87' lang='lat' dir='ltr'>spes</span> <span class='ocrx_word' id='word_1_187' title='bbox 2464 1294 2495 1333; x_wconf 91' lang='lat' dir='ltr'>a</span> <span class='ocrx_word' id='word_1_188' title='bbox 2524 1278 2723 1334; x_wconf 86' lang='lat' dir='ltr'>timore</span> <span class='ocrx_word' id='word_1_189' title='bbox 2753 1277 3057 1334; x_wconf 88' lang='lat' dir='ltr'>dividatur.</span> 
     </span>
    </p>
   </div>
   <div class='ocr_carea' id='block_1_28' title="bbox 2267 1390 3820 1450">
    <p class='ocr_par' dir='ltr' id='par_1_28' title="bbox 2267 1390 3820 1450">
     <span class='ocr_line' id='line_1_28' title="bbox 2267 1390 3820 1450; baseline -0.001 -2"><span class='ocrx_word' id='word_1_190' title='bbox 2267 1392 2354 1448; x_wconf 83' lang='grc'>25.</span> <span class='ocrx_word' id='word_1_191' title='bbox 2392 1393 2505 1450; x_wconf 84' lang='lat' dir='ltr'>Cur</span> <span class='ocrx_word' id='word_1_192' title='bbox 2522 1395 2666 1450; x_wconf 83' lang='lat' dir='ltr'>Deus</span> <span class='ocrx_word' id='word_1_193' title='bbox 2690 1395 2871 1450; x_wconf 86' lang='lat' dir='ltr'>electos</span> <span class='ocrx_word' id='word_1_194' title='bbox 2902 1412 2936 1449; x_wconf 92' lang='lat' dir='ltr'>a</span> <span class='ocrx_word' id='word_1_195' title='bbox 2965 1392 3274 1448; x_wconf 81' lang='lat' dir='ltr'>carnalibus</span> <span class='ocrx_word' id='word_1_196' title='bbox 3303 1391 3445 1446; x_wconf 83' lang='lat' dir='ltr'>vitiis</span> <span class='ocrx_word' id='word_1_197' title='bbox 3473 1390 3674 1447; x_wconf 69' lang='lat' dir='ltr'>illaesos</span> <span class='ocrx_word' id='word_1_198' title='bbox 3702 1409 3820 1448; x_wconf 83' lang='lat' dir='ltr'>non</span> 
     </span>
    </p>
   </div>
   <div class='ocr_carea' id='block_1_29' title="bbox 2195 1481 3816 1554">
    <p class='ocr_par' dir='ltr' id='par_1_29' title="bbox 2195 1481 3816 1554">
     <span class='ocr_line' id='line_1_29' title="bbox 2195 1481 3816 1554; baseline 0.001 -20"><span class='ocrx_word' id='word_1_199' title='bbox 2195 1481 2438 1538; x_wconf 83' lang='lat' dir='ltr'>custodit.</span> <span class='ocrx_word' id='word_1_200' title='bbox 2500 1484 2759 1554; x_wconf 79' lang='lat' dir='ltr'>Superbia</span> <span class='ocrx_word' id='word_1_201' title='bbox 2799 1482 2972 1553; x_wconf 86' lang='lat' dir='ltr'>majus</span> <span class='ocrx_word' id='word_1_202' title='bbox 3021 1488 3289 1554; x_wconf 85' lang='lat' dir='ltr'>peccatum</span> <span class='ocrx_word' id='word_1_203' title='bbox 3343 1498 3503 1552; x_wconf 83' lang='lat' dir='ltr'>quam</span> <span class='ocrx_word' id='word_1_204' title='bbox 3559 1481 3816 1536; x_wconf 65' lang='lat' dir='ltr'>luxuria.</span> 
     </span>
    </p>
   </div>
   <div class='ocr_carea' id='block_1_30' title="bbox 2195 1572 3818 1644">
    <p class='ocr_par' dir='ltr' id='par_1_30' title="bbox 2195 1572 3818 1644">
     <span class='ocr_line' id='line_1_30' title="bbox 2195 1572 3818 1644; baseline -0.001 -17"><span class='ocrx_word' id='word_1_205' title='bbox 2195 1573 2362 1627; x_wconf 86' lang='lat' dir='ltr'>Homo</span> <span class='ocrx_word' id='word_1_206' title='bbox 2387 1573 2450 1627; x_wconf 88' lang='lat' dir='ltr'>de</span> <span class='ocrx_word' id='word_1_207' title='bbox 2476 1573 2851 1628; x_wconf 82' lang='lat' dir='ltr'>medicamento</span> <span class='ocrx_word' id='word_1_208' title='bbox 2881 1575 3074 1630; x_wconf 82' lang='lat' dir='ltr'>vulnus</span> <span class='ocrx_word' id='word_1_209' title='bbox 3121 1572 3278 1644; x_wconf 84' lang='lat' dir='ltr'>facit,</span> <span class='ocrx_word' id='word_1_210' title='bbox 3321 1572 3467 1628; x_wconf 82' lang='lat' dir='ltr'>Deus</span> <span class='ocrx_word' id='word_1_211' title='bbox 3494 1572 3560 1627; x_wconf 85' lang='lat' dir='ltr'>de</span> <span class='ocrx_word' id='word_1_212' title='bbox 3587 1573 3818 1626; x_wconf 82' lang='lat' dir='ltr'>vulnere</span> 
     </span>
    </p>
   </div>
   <div class='ocr_carea' id='block_1_31' title="bbox 2193 1659 3819 1736">
    <p class='ocr_par' dir='ltr' id='par_1_31' title="bbox 2193 1659 3819 1736">
     <span class='ocr_line' id='line_1_31' title="bbox 2193 1659 3819 1736; baseline 0.001 -21"><span class='ocrx_word' id='word_1_213' title='bbox 2193 1661 2644 1720; x_wconf 84' lang='lat' dir='ltr'>medicamentum.</span> <span class='ocrx_word' id='word_1_214' title='bbox 2675 1694 2745 1705; x_wconf 90' lang='lat'><strong><em>—</em></strong></span> <span class='ocrx_word' id='word_1_215' title='bbox 2773 1662 2878 1720; x_wconf 90' lang='lat' dir='ltr'>Sed</span> <span class='ocrx_word' id='word_1_216' title='bbox 2908 1663 3055 1736; x_wconf 89' lang='lat' dir='ltr'>quia,</span> <span class='ocrx_word' id='word_1_217' title='bbox 3101 1663 3355 1735; x_wconf 82' lang='lat' dir='ltr'>exigente</span> <span class='ocrx_word' id='word_1_218' title='bbox 3402 1678 3586 1730; x_wconf 85' lang='lat' dir='ltr'>causa,</span> <span class='ocrx_word' id='word_1_219' title='bbox 3627 1659 3819 1718; x_wconf 83' lang='lat' dir='ltr'>David</span> 
     </span>
    </p>
   </div>
   <div class='ocr_carea' id='block_1_32' title="bbox 2195 1749 3819 1820">
    <p class='ocr_par' dir='ltr' id='par_1_32' title="bbox 2195 1749 3819 1820">
     <span class='ocr_line' id='line_1_32' title="bbox 2195 1749 3819 1820; baseline -0.001 -14"><span class='ocrx_word' id='word_1_220' title='bbox 2195 1750 2264 1806; x_wconf 92' lang='lat' dir='ltr'>ad</span> <span class='ocrx_word' id='word_1_221' title='bbox 2288 1751 2533 1808; x_wconf 90' lang='lat' dir='ltr'>medium</span> <span class='ocrx_word' id='word_1_222' title='bbox 2564 1751 2826 1820; x_wconf 90' lang='lat' dir='ltr'>deducto,</span> <span class='ocrx_word' id='word_1_223' title='bbox 2853 1751 2996 1807; x_wconf 88' lang='lat' dir='ltr'>tanti</span> <span class='ocrx_word' id='word_1_224' title='bbox 3018 1750 3280 1808; x_wconf 86' lang='lat' dir='ltr'>facinoris</span> <span class='ocrx_word' id='word_1_225' title='bbox 3313 1750 3640 1807; x_wconf 88' lang='lat' dir='ltr'>memoriam</span> <span class='ocrx_word' id='word_1_226' title='bbox 3670 1749 3819 1806; x_wconf 84' lang='lat' dir='ltr'>feci-</span> 
     </span>
    </p>
   </div>
   <div class='ocr_carea' id='block_1_33' title="bbox 484 1817 2095 1910">
    <p class='ocr_par' dir='ltr' id='par_1_33' title="bbox 484 1817 2088 1888">
     <span class='ocr_line' id='line_1_33' title="bbox 484 1817 2088 1888; baseline 0.001 -16"><span class='ocrx_word' id='word_1_227' title='bbox 484 1818 857 1879; x_wconf 82' lang='lat' dir='ltr'>Misericordia</span> <span class='ocrx_word' id='word_1_228' title='bbox 894 1818 1032 1873; x_wconf 88' lang='lat' dir='ltr'>enim</span> <span class='ocrx_word' id='word_1_229' title='bbox 1076 1823 1124 1873; x_wconf 87' lang='lat' dir='ltr'>et</span> <span class='ocrx_word' id='word_1_230' title='bbox 1166 1817 1255 1872; x_wconf 84' lang='lat' dir='ltr'>ira</span> <span class='ocrx_word' id='word_1_231' title='bbox 1297 1817 1364 1872; x_wconf 89' lang='lat' dir='ltr'>ab</span> <span class='ocrx_word' id='word_1_232' title='bbox 1410 1817 1506 1873; x_wconf 81' lang='lat' dir='ltr'>illo</span> <span class='ocrx_word' id='word_1_233' title='bbox 1548 1817 1736 1888; x_wconf 84' lang='lat' dir='ltr'>(Ibid.,</span> <span class='ocrx_word' id='word_1_234' title='bbox 1769 1817 1851 1888; x_wconf 91' lang='lat'>7).</span> <span class='ocrx_word' id='word_1_235' title='bbox 1885 1817 2088 1874; x_wconf 89' lang='lat' dir='ltr'>Divina</span> 
     </span>
    </p>
   </div>
   <div class='ocr_carea' id='block_1_34' title="bbox 2208 1817 3819 1910">
    <p class='ocr_par' dir='ltr' id='par_1_34' title="bbox 2208 1840 3819 1910">
     <span class='ocr_line' id='line_1_34' title="bbox 2208 1840 3819 1910; baseline -0.001 -15"><span class='ocrx_word' id='word_1_236' title='bbox 2208 1856 2337 1910; x_wconf 89' lang='lat' dir='ltr'>nus,</span> <span class='ocrx_word' id='word_1_237' title='bbox 2365 1840 2587 1900; x_wconf 88' lang='lat' dir='ltr'>lectoris</span> <span class='ocrx_word' id='word_1_238' title='bbox 2619 1841 2850 1898; x_wconf 83' lang='lat' dir='ltr'>fortasse</span> <span class='ocrx_word' id='word_1_239' title='bbox 2880 1841 3100 1897; x_wconf 91' lang='lat' dir='ltr'>animus</span> <span class='ocrx_word' id='word_1_240' title='bbox 3129 1847 3408 1909; x_wconf 84' lang='lat' dir='ltr'>movetur,</span> <span class='ocrx_word' id='word_1_241' title='bbox 3443 1855 3544 1896; x_wconf 93' lang='lat' dir='ltr'>cur</span> <span class='ocrx_word' id='word_1_242' title='bbox 3572 1855 3667 1895; x_wconf 90' lang='lat' dir='ltr'>eos</span> <span class='ocrx_word' id='word_1_243' title='bbox 3695 1856 3819 1895; x_wconf 89' lang='lat' dir='ltr'>om-</span> 
     </span>
    </p>
   </div>
   <div class='ocr_carea' id='block_1_35' title="bbox 486 1905 2084 1981">
    <p class='ocr_par' dir='ltr' id='par_1_35' title="bbox 486 1905 2084 1981">
     <span class='ocr_line' id='line_1_35' title="bbox 486 1905 2084 1981; baseline 0.001 -17"><span class='ocrx_word' id='word_1_244' title='bbox 486 1907 670 1981; x_wconf 88' lang='lat' dir='ltr'>itaque</span> <span class='ocrx_word' id='word_1_245' title='bbox 701 1907 994 1964; x_wconf 90' lang='lat' dir='ltr'>clementia</span> <span class='ocrx_word' id='word_1_246' title='bbox 1040 1905 1323 1962; x_wconf 81' lang='lat' dir='ltr'>maxillam</span> <span class='ocrx_word' id='word_1_247' title='bbox 1371 1905 1677 1962; x_wconf 87' lang='lat' dir='ltr'>Behemoth</span> <span class='ocrx_word' id='word_1_248' title='bbox 1718 1907 1880 1963; x_wconf 89' lang='lat' dir='ltr'>istius</span> <span class='ocrx_word' id='word_1_249' title='bbox 1909 1907 2084 1980; x_wconf 87' lang='lat' dir='ltr'>perfo-</span> 
     </span>
    </p>
   </div>
   <div class='ocr_carea' id='block_1_36' title="bbox 485 1994 2088 2068">
    <p class='ocr_par' dir='ltr' id='par_1_36' title="bbox 485 1994 2088 2068">
     <span class='ocr_line' id='line_1_36' title="bbox 485 1994 2088 2068; baseline 0.001 -15"><span class='ocrx_word' id='word_1_250' title='bbox 485 2011 632 2064; x_wconf 90' lang='lat' dir='ltr'>rans,</span> <span class='ocrx_word' id='word_1_251' title='bbox 677 1994 884 2068; x_wconf 90' lang='lat' dir='ltr'>ubique</span> <span class='ocrx_word' id='word_1_252' title='bbox 927 1995 1172 2052; x_wconf 90' lang='lat' dir='ltr'>humano</span> <span class='ocrx_word' id='word_1_253' title='bbox 1220 1995 1404 2068; x_wconf 85' lang='lat' dir='ltr'>generi</span> <span class='ocrx_word' id='word_1_254' title='bbox 1451 2002 1506 2052; x_wconf 92' lang='lat' dir='ltr'>et</span> <span class='ocrx_word' id='word_1_255' title='bbox 1553 1995 1986 2053; x_wconf 85' lang='lat' dir='ltr'>misericorditer</span> <span class='ocrx_word' id='word_1_256' title='bbox 2033 2006 2088 2054; x_wconf 92' lang='lat' dir='ltr'>et</span> 
     </span>
    </p>
   </div>
   <div class='ocr_carea' id='block_1_37' title="bbox 486 2087 2086 2168">
    <p class='ocr_par' dir='ltr' id='par_1_37' title="bbox 486 2087 2086 2168">
     <span class='ocr_line' id='line_1_37' title="bbox 486 2087 2086 2168; baseline -0.001 -22"><span class='ocrx_word' id='word_1_257' title='bbox 486 2095 740 2163; x_wconf 85' lang='lat' dir='ltr'>potenter</span> <span class='ocrx_word' id='word_1_258' title='bbox 785 2088 1048 2158; x_wconf 90' lang='lat' dir='ltr'>occurrit,</span> <span class='ocrx_word' id='word_1_259' title='bbox 1107 2088 1238 2162; x_wconf 86' lang='lat' dir='ltr'>quia</span> <span class='ocrx_word' id='word_1_260' title='bbox 1281 2105 1382 2146; x_wconf 92' lang='lat' dir='ltr'>nec</span> <span class='ocrx_word' id='word_1_261' title='bbox 1434 2087 1608 2145; x_wconf 89' lang='lat' dir='ltr'>libero</span> <span class='ocrx_word' id='word_1_262' title='bbox 1652 2087 2086 2168; x_wconf 85' lang='lat' dir='ltr'>admonitionem</span> 
     </span>
    </p>
   </div>
   <div class='ocr_carea' id='block_1_38' title="bbox 488 2178 2087 2252">
    <p class='ocr_par' dir='ltr' id='par_1_38' title="bbox 488 2178 2087 2252">
     <span class='ocr_line' id='line_1_38' title="bbox 488 2178 2087 2252; baseline 0 -16"><span class='ocrx_word' id='word_1_263' title='bbox 488 2178 835 2252; x_wconf 63' lang='lat' dir='ltr'>praecavendi</span> <span class='ocrx_word' id='word_1_264' title='bbox 879 2179 1076 2249; x_wconf 87' lang='lat' dir='ltr'>tacuit,</span> <span class='ocrx_word' id='word_1_265' title='bbox 1120 2196 1222 2238; x_wconf 91' lang='lat' dir='ltr'>nec</span> <span class='ocrx_word' id='word_1_266' title='bbox 1270 2187 1429 2252; x_wconf 89' lang='lat' dir='ltr'>capto</span> <span class='ocrx_word' id='word_1_267' title='bbox 1479 2178 1786 2236; x_wconf 90' lang='lat' dir='ltr'>remedium</span> <span class='ocrx_word' id='word_1_268' title='bbox 1837 2179 2087 2252; x_wconf 87' lang='lat' dir='ltr'>fugiendi</span> 
     </span>
    </p>
   </div>
   <div class='ocr_carea' id='block_1_39' title="bbox 487 2266 2088 2341">
    <p class='ocr_par' dir='ltr' id='par_1_39' title="bbox 487 2266 2088 2341">
     <span class='ocr_line' id='line_1_39' title="bbox 487 2266 2088 2341; baseline 0.001 -17"><span class='ocrx_word' id='word_1_269' title='bbox 487 2267 782 2324; x_wconf 83' lang='lat' dir='ltr'>subtraxit.</span> <span class='ocrx_word' id='word_1_270' title='bbox 815 2266 902 2324; x_wconf 84' lang='lat' dir='ltr'>Ad</span> <span class='ocrx_word' id='word_1_271' title='bbox 923 2267 1030 2324; x_wconf 91' lang='lat' dir='ltr'>hoc</span> <span class='ocrx_word' id='word_1_272' title='bbox 1050 2266 1250 2341; x_wconf 89' lang='lat' dir='ltr'>quippe</span> <span class='ocrx_word' id='word_1_273' title='bbox 1270 2268 1329 2324; x_wconf 93' lang='lat' dir='ltr'>in</span> <span class='ocrx_word' id='word_1_274' title='bbox 1359 2267 1642 2340; x_wconf 89' lang='lat' dir='ltr'>Scriptura</span> <span class='ocrx_word' id='word_1_275' title='bbox 1660 2283 1813 2325; x_wconf 89' lang='lat' dir='ltr'>sacra</span> <span class='ocrx_word' id='word_1_276' title='bbox 1842 2268 2088 2326; x_wconf 89' lang='lat' dir='ltr'>virorum</span> 
     </span>
    </p>
   </div>
   <div class='ocr_carea' id='block_1_40' title="bbox 488 2355 2091 2430">
    <p class='ocr_par' dir='ltr' id='par_1_40' title="bbox 488 2355 2091 2430">
     <span class='ocr_line' id='line_1_40' title="bbox 488 2355 2091 2430; baseline 0.002 -18"><span class='ocrx_word' id='word_1_277' title='bbox 488 2356 705 2426; x_wconf 90' lang='lat' dir='ltr'>talium,</span> <span class='ocrx_word' id='word_1_278' title='bbox 737 2355 795 2413; x_wconf 91' lang='lat' dir='ltr'>id</span> <span class='ocrx_word' id='word_1_279' title='bbox 823 2365 906 2413; x_wconf 91' lang='lat' dir='ltr'>est</span> <span class='ocrx_word' id='word_1_280' title='bbox 933 2357 1113 2414; x_wconf 89' lang='lat' dir='ltr'>David</span> <span class='ocrx_word' id='word_1_281' title='bbox 1132 2366 1186 2414; x_wconf 93' lang='lat' dir='ltr'>et</span> <span class='ocrx_word' id='word_1_282' title='bbox 1213 2357 1383 2426; x_wconf 91' lang='lat' dir='ltr'>Petri,</span> <span class='ocrx_word' id='word_1_283' title='bbox 1406 2364 1627 2430; x_wconf 90' lang='lat' dir='ltr'>peccata</span> <span class='ocrx_word' id='word_1_284' title='bbox 1653 2365 1784 2413; x_wconf 92' lang='lat' dir='ltr'>sunt</span> <span class='ocrx_word' id='word_1_285' title='bbox 1812 2357 2010 2427; x_wconf 92' lang='lat' dir='ltr'>indita,</span> <span class='ocrx_word' id='word_1_286' title='bbox 2029 2366 2091 2415; x_wconf 90' lang='lat' dir='ltr'>ut</span> 
     </span>
    </p>
   </div>
   <div class='ocr_carea' id='block_1_41' title="bbox 487 2445 2091 2519">
    <p class='ocr_par' dir='ltr' id='par_1_41' title="bbox 487 2445 2091 2519">
     <span class='ocr_line' id='line_1_41' title="bbox 487 2445 2091 2519; baseline 0.002 -17"><span class='ocrx_word' id='word_1_287' title='bbox 487 2446 702 2502; x_wconf 89' lang='lat' dir='ltr'>cautela</span> <span class='ocrx_word' id='word_1_288' title='bbox 747 2447 1028 2504; x_wconf 90' lang='lat' dir='ltr'>minorum</span> <span class='ocrx_word' id='word_1_289' title='bbox 1070 2445 1142 2503; x_wconf 90' lang='lat' dir='ltr'>sit</span> <span class='ocrx_word' id='word_1_290' title='bbox 1189 2446 1352 2503; x_wconf 91' lang='lat' dir='ltr'>ruina</span> <span class='ocrx_word' id='word_1_291' title='bbox 1381 2446 1675 2519; x_wconf 90' lang='lat' dir='ltr'>majorum.</span> <span class='ocrx_word' id='word_1_292' title='bbox 1707 2446 1795 2502; x_wconf 80' lang='lat' dir='ltr'>Ad</span> <span class='ocrx_word' id='word_1_293' title='bbox 1825 2446 1932 2504; x_wconf 91' lang='lat' dir='ltr'>hoc</span> <span class='ocrx_word' id='word_1_294' title='bbox 1960 2465 2091 2506; x_wconf 85' lang='lat' dir='ltr'>vero</span> 
     </span>
    </p>
   </div>
   <div class='ocr_carea' id='block_1_42' title="bbox 494 2537 2088 2610">
    <p class='ocr_par' dir='ltr' id='par_1_42' title="bbox 494 2537 2088 2610">
     <span class='ocr_line' id='line_1_42' title="bbox 494 2537 2088 2610; baseline 0.003 -19"><span class='ocrx_word' id='word_1_295' title='bbox 494 2538 508 2570; x_wconf 88' lang='grc'>¹</span> <span class='ocrx_word' id='word_1_296' title='bbox 546 2543 908 2610; x_wconf 88' lang='lat' dir='ltr'>utrorumque</span> <span class='ocrx_word' id='word_1_297' title='bbox 925 2537 1043 2594; x_wconf 86' lang='lat' dir='ltr'>illic</span> <span class='ocrx_word' id='word_1_298' title='bbox 1071 2545 1124 2593; x_wconf 90' lang='lat' dir='ltr'>et</span> <span class='ocrx_word' id='word_1_299' title='bbox 1145 2537 1469 2610; x_wconf 80' lang='lat' dir='ltr'>poenitentia</span> <span class='ocrx_word' id='word_1_300' title='bbox 1495 2538 1808 2594; x_wconf 88' lang='lat' dir='ltr'>insinuatur</span> <span class='ocrx_word' id='word_1_301' title='bbox 1835 2547 1887 2594; x_wconf 92' lang='lat' dir='ltr'>et</span> <span class='ocrx_word' id='word_1_302' title='bbox 1907 2539 2088 2609; x_wconf 89' lang='lat' dir='ltr'>venia,</span> 
     </span>
    </p>
   </div>
   <div class='ocr_carea' id='block_1_43' title="bbox 489 2625 2092 2699">
    <p class='ocr_par' dir='ltr' id='par_1_43' title="bbox 489 2625 2092 2699">
     <span class='ocr_line' id='line_1_43' title="bbox 489 2625 2092 2699; baseline 0.002 -19"><span class='ocrx_word' id='word_1_303' title='bbox 489 2633 554 2681; x_wconf 88' lang='lat' dir='ltr'>ut</span> <span class='ocrx_word' id='word_1_304' title='bbox 579 2641 700 2698; x_wconf 91' lang='lat' dir='ltr'>spes</span> <span class='ocrx_word' id='word_1_305' title='bbox 731 2625 1079 2698; x_wconf 90' lang='lat' dir='ltr'>pereuntium</span> <span class='ocrx_word' id='word_1_306' title='bbox 1129 2627 1200 2682; x_wconf 92' lang='lat' dir='ltr'>sit</span> <span class='ocrx_word' id='word_1_307' title='bbox 1241 2628 1581 2698; x_wconf 86' lang='lat' dir='ltr'>recuperatio</span> <span class='ocrx_word' id='word_1_308' title='bbox 1623 2627 1983 2699; x_wconf 90' lang='lat' dir='ltr'>perditorum.</span> <span class='ocrx_word' id='word_1_309' title='bbox 2013 2630 2092 2684; x_wconf 92' lang='lat' dir='ltr'>De</span> 
     </span>
    </p>
   </div>
   <div class='ocr_carea' id='block_1_44' title="bbox 491 2711 2092 2789">
    <p class='ocr_par' dir='ltr' id='par_1_44' title="bbox 491 2711 2092 2789">
     <span class='ocr_line' id='line_1_44' title="bbox 491 2711 2092 2789; baseline 0.003 -20"><span class='ocrx_word' id='word_1_310' title='bbox 491 2719 638 2769; x_wconf 90' lang='lat' dir='ltr'>statu</span> <span class='ocrx_word' id='word_1_311' title='bbox 678 2730 805 2786; x_wconf 86' lang='lat' dir='ltr'>ergo</span> <span class='ocrx_word' id='word_1_312' title='bbox 835 2729 934 2770; x_wconf 89' lang='lat' dir='ltr'>suo</span> <span class='ocrx_word' id='word_1_313' title='bbox 962 2711 1140 2768; x_wconf 83' lang='lat' dir='ltr'>David</span> <span class='ocrx_word' id='word_1_314' title='bbox 1180 2713 1427 2782; x_wconf 90' lang='lat' dir='ltr'>cadente,</span> <span class='ocrx_word' id='word_1_315' title='bbox 1462 2731 1624 2772; x_wconf 89' lang='lat' dir='ltr'>nemo</span> <span class='ocrx_word' id='word_1_316' title='bbox 1663 2716 1964 2789; x_wconf 87' lang='lat' dir='ltr'>superbiat.</span> <span class='ocrx_word' id='word_1_317' title='bbox 2013 2719 2092 2773; x_wconf 88' lang='lat' dir='ltr'>De</span> 
     </span>
    </p>
   </div>
   <div class='ocr_carea' id='block_1_45' title="bbox 491 2807 2092 2883">
    <p class='ocr_par' dir='ltr' id='par_1_45' title="bbox 491 2807 2092 2883">
     <span class='ocr_line' id='line_1_45' title="bbox 491 2807 2092 2883; baseline -0.001 -19"><span class='ocrx_word' id='word_1_318' title='bbox 491 2807 649 2881; x_wconf 88' lang='lat' dir='ltr'>lapsu</span> <span class='ocrx_word' id='word_1_319' title='bbox 678 2809 845 2865; x_wconf 91' lang='lat' dir='ltr'>etiam</span> <span class='ocrx_word' id='word_1_320' title='bbox 883 2827 983 2866; x_wconf 91' lang='lat' dir='ltr'>suo</span> <span class='ocrx_word' id='word_1_321' title='bbox 1018 2809 1198 2866; x_wconf 88' lang='lat' dir='ltr'>David</span> <span class='ocrx_word' id='word_1_322' title='bbox 1239 2819 1514 2883; x_wconf 85' lang='lat' dir='ltr'>surgente,</span> <span class='ocrx_word' id='word_1_323' title='bbox 1556 2809 1740 2866; x_wconf 87' lang='lat'><strong>1091</strong></span> <span class='ocrx_word' id='word_1_324' title='bbox 1793 2826 1955 2866; x_wconf 91' lang='lat' dir='ltr'>nemo</span> <span class='ocrx_word' id='word_1_325' title='bbox 1985 2807 2092 2864; x_wconf 92' lang='lat' dir='ltr'>de—</span> 
     </span>
    </p>
   </div>
   <div class='ocr_carea' id='block_1_46' title="bbox 491 2899 2095 2972">
    <p class='ocr_par' dir='ltr' id='par_1_46' title="bbox 491 2899 2095 2972">
     <span class='ocr_line' id='line_1_46' title="bbox 491 2899 2095 2972; baseline -0.001 -18"><span class='ocrx_word' id='word_1_326' title='bbox 491 2905 690 2970; x_wconf 89' lang='lat' dir='ltr'>speret.</span> <span class='ocrx_word' id='word_1_327' title='bbox 725 2899 869 2956; x_wconf 86' lang='lat' dir='ltr'>Ecce</span> <span class='ocrx_word' id='word_1_328' title='bbox 899 2915 1062 2972; x_wconf 90' lang='lat' dir='ltr'>quam</span> <span class='ocrx_word' id='word_1_329' title='bbox 1096 2899 1117 2933; x_wconf 78' lang='grc'>²</span> <span class='ocrx_word' id='word_1_330' title='bbox 1137 2899 1468 2955; x_wconf 90' lang='lat' dir='ltr'>mirabiliter</span> <span class='ocrx_word' id='word_1_331' title='bbox 1495 2900 1778 2972; x_wconf 88' lang='lat' dir='ltr'>Scriptura</span> <span class='ocrx_word' id='word_1_332' title='bbox 1807 2914 1962 2956; x_wconf 89' lang='lat' dir='ltr'>sacra</span> <span class='ocrx_word' id='word_1_333' title='bbox 1989 2913 2095 2953; x_wconf 92' lang='lat' dir='ltr'>eo-</span> 
     </span>
    </p>
   </div>
   <div class='ocr_carea' id='block_1_47' title="bbox 490 2986 2089 3061">
    <p class='ocr_par' dir='ltr' id='par_1_47' title="bbox 490 2986 2089 3061">
     <span class='ocr_line' id='line_1_47' title="bbox 490 2986 2089 3061; baseline 0.001 -19"><span class='ocrx_word' id='word_1_334' title='bbox 490 2986 614 3042; x_wconf 91' lang='lat' dir='ltr'>dem</span> <span class='ocrx_word' id='word_1_335' title='bbox 671 2986 839 3044; x_wconf 87' lang='lat' dir='ltr'>verbo</span> <span class='ocrx_word' id='word_1_336' title='bbox 895 2986 1158 3058; x_wconf 88' lang='lat' dir='ltr'>superbos</span> <span class='ocrx_word' id='word_1_337' title='bbox 1203 2987 1424 3060; x_wconf 90' lang='lat' dir='ltr'>premit,</span> <span class='ocrx_word' id='word_1_338' title='bbox 1480 3004 1588 3061; x_wconf 89' lang='lat' dir='ltr'>quo</span> <span class='ocrx_word' id='word_1_339' title='bbox 1640 2988 1880 3044; x_wconf 89' lang='lat' dir='ltr'>humiles</span> <span class='ocrx_word' id='word_1_340' title='bbox 1924 2987 2089 3043; x_wconf 87' lang='lat' dir='ltr'>levat.</span> 
     </span>
    </p>
   </div>
   <div class='ocr_carea' id='block_1_48' title="bbox 491 3075 2093 3150">
    <p class='ocr_par' dir='ltr' id='par_1_48' title="bbox 491 3075 2093 3150">
     <span class='ocr_line' id='line_1_48' title="bbox 491 3075 2093 3150; baseline 0.001 -18"><span class='ocrx_word' id='word_1_341' title='bbox 491 3075 664 3133; x_wconf 90' lang='lat' dir='ltr'>Unam</span> <span class='ocrx_word' id='word_1_342' title='bbox 695 3093 933 3150; x_wconf 89' lang='lat' dir='ltr'>namque</span> <span class='ocrx_word' id='word_1_343' title='bbox 961 3093 1076 3133; x_wconf 89' lang='lat' dir='ltr'>rem</span> <span class='ocrx_word' id='word_1_344' title='bbox 1109 3085 1316 3150; x_wconf 87' lang='lat' dir='ltr'>gestam</span> <span class='ocrx_word' id='word_1_345' title='bbox 1351 3079 1562 3148; x_wconf 88' lang='lat' dir='ltr'>retulit,</span> <span class='ocrx_word' id='word_1_346' title='bbox 1595 3087 1649 3134; x_wconf 92' lang='lat' dir='ltr'>et</span> <span class='ocrx_word' id='word_1_347' title='bbox 1675 3079 1901 3136; x_wconf 89' lang='lat' dir='ltr'>diverso</span> <span class='ocrx_word' id='word_1_348' title='bbox 1928 3077 2093 3134; x_wconf 89' lang='lat' dir='ltr'>modo</span> 
     </span>
    </p>
   </div>
   <div class='ocr_carea' id='block_1_49' title="bbox 2196 1928 3818 2006">
    <p class='ocr_par' dir='ltr' id='par_1_49' title="bbox 2196 1928 3818 2006">
     <span class='ocr_line' id='line_1_49' title="bbox 2196 1928 3818 2006; baseline 0 -20"><span class='ocrx_word' id='word_1_349' title='bbox 2196 1931 2452 2003; x_wconf 91' lang='lat' dir='ltr'>nipotens</span> <span class='ocrx_word' id='word_1_350' title='bbox 2496 1933 2663 2001; x_wconf 90' lang='lat' dir='ltr'>Deus,</span> <span class='ocrx_word' id='word_1_351' title='bbox 2714 1948 2850 2006; x_wconf 90' lang='lat' dir='ltr'>quos</span> <span class='ocrx_word' id='word_1_352' title='bbox 2889 1932 2946 1988; x_wconf 93' lang='lat' dir='ltr'>in</span> <span class='ocrx_word' id='word_1_353' title='bbox 2989 1939 3314 2005; x_wconf 91' lang='lat' dir='ltr'>perpetuum</span> <span class='ocrx_word' id='word_1_354' title='bbox 3344 1929 3531 2002; x_wconf 85' lang='lat' dir='ltr'>elegit,</span> <span class='ocrx_word' id='word_1_355' title='bbox 3563 1945 3704 2002; x_wconf 88' lang='lat' dir='ltr'>quos</span> <span class='ocrx_word' id='word_1_356' title='bbox 3745 1928 3818 1986; x_wconf 90' lang='lat' dir='ltr'>ad</span> 
     </span>
    </p>
   </div>
   <div class='ocr_carea' id='block_1_50' title="bbox 2197 2019 3820 2096">
    <p class='ocr_par' dir='ltr' id='par_1_50' title="bbox 2197 2019 3820 2096">
     <span class='ocr_line' id='line_1_50' title="bbox 2197 2019 3820 2096; baseline -0.002 -18"><span class='ocrx_word' id='word_1_357' title='bbox 2197 2021 2470 2078; x_wconf 90' lang='lat' dir='ltr'>donorum</span> <span class='ocrx_word' id='word_1_358' title='bbox 2501 2038 2720 2096; x_wconf 89' lang='lat' dir='ltr'>quoque</span> <span class='ocrx_word' id='word_1_359' title='bbox 2756 2021 3090 2094; x_wconf 90' lang='lat' dir='ltr'>spiritalium</span> <span class='ocrx_word' id='word_1_360' title='bbox 3117 2023 3340 2079; x_wconf 89' lang='lat' dir='ltr'>culmen</span> <span class='ocrx_word' id='word_1_361' title='bbox 3371 2019 3703 2092; x_wconf 89' lang='lat' dir='ltr'>assumpsit,</span> <span class='ocrx_word' id='word_1_362' title='bbox 3733 2019 3820 2075; x_wconf 93' lang='lat' dir='ltr'>il-</span> 
     </span>
    </p>
   </div>
   <div class='ocr_carea' id='block_1_51' title="bbox 2136 2109 3818 2184">
    <p class='ocr_par' dir='ltr' id='par_1_51' title="bbox 2136 2109 3818 2184">
     <span class='ocr_line' id='line_1_51' title="bbox 2136 2109 3818 2184; baseline -0.001 -16"><span class='ocrx_word' id='word_1_363' title='bbox 2136 2158 2144 2168; x_wconf 92' lang='lat'>.</span> <span class='ocrx_word' id='word_1_364' title='bbox 2197 2111 2356 2167; x_wconf 60' lang='lat' dir='ltr'>laesos</span> <span class='ocrx_word' id='word_1_365' title='bbox 2385 2128 2416 2167; x_wconf 91' lang='lat' dir='ltr'>a</span> <span class='ocrx_word' id='word_1_366' title='bbox 2447 2112 2826 2184; x_wconf 90' lang='lat' dir='ltr'>corporalibus</span> <span class='ocrx_word' id='word_1_367' title='bbox 2856 2111 3010 2168; x_wconf 88' lang='lat' dir='ltr'>vitiis</span> <span class='ocrx_word' id='word_1_368' title='bbox 3050 2127 3161 2168; x_wconf 92' lang='lat' dir='ltr'><strong>non</strong></span> <span class='ocrx_word' id='word_1_369' title='bbox 3189 2110 3456 2168; x_wconf 89' lang='lat' dir='ltr'>custodit.</span> <span class='ocrx_word' id='word_1_370' title='bbox 3493 2109 3653 2166; x_wconf 91' lang='lat' dir='ltr'>Unde</span> <span class='ocrx_word' id='word_1_371' title='bbox 3681 2110 3818 2184; x_wconf 89' lang='lat' dir='ltr'>quia</span> 
     </span>
    </p>
   </div>
   <div class='ocr_carea' id='block_1_52' title="bbox 2199 2199 3812 2274">
    <p class='ocr_par' dir='ltr' id='par_1_52' title="bbox 2199 2199 3812 2274">
     <span class='ocr_line' id='line_1_52' title="bbox 2199 2199 3812 2274; baseline 0.001 -18"><span class='ocrx_word' id='word_1_372' title='bbox 2199 2201 2454 2257; x_wconf 86' lang='lat' dir='ltr'>satisﬁeri</span> <span class='ocrx_word' id='word_1_373' title='bbox 2501 2201 2670 2258; x_wconf 87' lang='lat' dir='ltr'>citius</span> <span class='ocrx_word' id='word_1_374' title='bbox 2729 2201 3028 2270; x_wconf 88' lang='lat' dir='ltr'>credimus,</span> <span class='ocrx_word' id='word_1_375' title='bbox 3094 2201 3338 2258; x_wconf 87' lang='lat' dir='ltr'>breviter</span> <span class='ocrx_word' id='word_1_376' title='bbox 3385 2199 3812 2274; x_wconf 89' lang='lat' dir='ltr'>respondemus.</span> 
     </span>
    </p>
   </div>
   <div class='ocr_carea' id='block_1_53' title="bbox 2198 2289 3821 2364">
    <p class='ocr_par' dir='ltr' id='par_1_53' title="bbox 2198 2289 3821 2364">
     <span class='ocr_line' id='line_1_53' title="bbox 2198 2289 3821 2364; baseline 0 -18"><span class='ocrx_word' id='word_1_377' title='bbox 2198 2290 2464 2347; x_wconf 88' lang='lat' dir='ltr'>Nonnulli</span> <span class='ocrx_word' id='word_1_378' title='bbox 2495 2291 2646 2347; x_wconf 91' lang='lat' dir='ltr'>enim</span> <span class='ocrx_word' id='word_1_379' title='bbox 2687 2306 2782 2364; x_wconf 92' lang='lat' dir='ltr'>per</span> <span class='ocrx_word' id='word_1_380' title='bbox 2815 2298 3034 2362; x_wconf 88' lang='lat' dir='ltr'>accepta</span> <span class='ocrx_word' id='word_1_381' title='bbox 3063 2289 3206 2346; x_wconf 92' lang='lat' dir='ltr'>dona</span> <span class='ocrx_word' id='word_1_382' title='bbox 3235 2291 3532 2358; x_wconf 87' lang='lat' dir='ltr'>virtutum,</span> <span class='ocrx_word' id='word_1_383' title='bbox 3564 2306 3668 2362; x_wconf 90' lang='lat' dir='ltr'>per</span> <span class='ocrx_word' id='word_1_384' title='bbox 3695 2289 3821 2346; x_wconf 88' lang='lat' dir='ltr'>im-</span> 
     </span>
    </p>
   </div>
   <div class='ocr_carea' id='block_1_54' title="bbox 2201 2379 3821 2457">
    <p class='ocr_par' dir='ltr' id='par_1_54' title="bbox 2201 2379 3821 2457">
     <span class='ocr_line' id='line_1_54' title="bbox 2201 2379 3821 2457; baseline -0.002 -19"><span class='ocrx_word' id='word_1_385' title='bbox 2201 2398 2422 2457; x_wconf 89' lang='lat' dir='ltr'>pensam</span> <span class='ocrx_word' id='word_1_386' title='bbox 2455 2383 2682 2456; x_wconf 87' lang='lat' dir='ltr'>gratiam</span> <span class='ocrx_word' id='word_1_387' title='bbox 2717 2382 2990 2438; x_wconf 90' lang='lat' dir='ltr'>bonorum</span> <span class='ocrx_word' id='word_1_388' title='bbox 3036 2398 3266 2455; x_wconf 91' lang='lat' dir='ltr'>operum</span> <span class='ocrx_word' id='word_1_389' title='bbox 3310 2382 3368 2438; x_wconf 92' lang='lat' dir='ltr'>in</span> <span class='ocrx_word' id='word_1_390' title='bbox 3413 2380 3688 2453; x_wconf 65' lang='lat' dir='ltr'>superbiae</span> <span class='ocrx_word' id='word_1_391' title='bbox 3717 2379 3821 2436; x_wconf 85' lang='lat' dir='ltr'>vi-</span> 
     </span>
    </p>
   </div>
   <div class='ocr_carea' id='block_1_55' title="bbox 2205 2471 3822 2546">
    <p class='ocr_par' dir='ltr' id='par_1_55' title="bbox 2205 2471 3822 2546">
     <span class='ocr_line' id='line_1_55' title="bbox 2205 2471 3822 2546; baseline 0 -19"><span class='ocrx_word' id='word_1_392' title='bbox 2205 2471 2342 2528; x_wconf 91' lang='lat' dir='ltr'>tium</span> <span class='ocrx_word' id='word_1_393' title='bbox 2367 2472 2590 2542; x_wconf 90' lang='lat' dir='ltr'>cadunt,</span> <span class='ocrx_word' id='word_1_394' title='bbox 2623 2471 2716 2528; x_wconf 91' lang='lat' dir='ltr'>sed</span> <span class='ocrx_word' id='word_1_395' title='bbox 2747 2481 2929 2529; x_wconf 89' lang='lat' dir='ltr'>tamen</span> <span class='ocrx_word' id='word_1_396' title='bbox 2955 2489 3064 2546; x_wconf 91' lang='lat' dir='ltr'>quo</span> <span class='ocrx_word' id='word_1_397' title='bbox 3090 2471 3419 2538; x_wconf 88' lang='lat' dir='ltr'>ceciderint,</span> <span class='ocrx_word' id='word_1_398' title='bbox 3448 2486 3565 2528; x_wconf 92' lang='lat' dir='ltr'><strong>non</strong></span> <span class='ocrx_word' id='word_1_399' title='bbox 3596 2487 3822 2543; x_wconf 87' lang='lat' dir='ltr'>cogno-</span> 
     </span>
    </p>
   </div>
   <div class='ocr_carea' id='block_1_56' title="bbox 2201 2559 3819 2638">
    <p class='ocr_par' dir='ltr' id='par_1_56' title="bbox 2201 2559 3819 2638">
     <span class='ocr_line' id='line_1_56' title="bbox 2201 2559 3819 2638; baseline -0.001 -20"><span class='ocrx_word' id='word_1_400' title='bbox 2201 2569 2382 2620; x_wconf 88' lang='lat' dir='ltr'>scunt.</span> <span class='ocrx_word' id='word_1_401' title='bbox 2414 2563 2650 2620; x_wconf 89' lang='lat' dir='ltr'>Proinde</span> <span class='ocrx_word' id='word_1_402' title='bbox 2678 2571 2870 2620; x_wconf 89' lang='lat' dir='ltr'>contra</span> <span class='ocrx_word' id='word_1_403' title='bbox 2899 2579 2990 2620; x_wconf 90' lang='lat' dir='ltr'>eos</span> <span class='ocrx_word' id='word_1_404' title='bbox 3019 2563 3195 2620; x_wconf 88' lang='lat' dir='ltr'>hostis</span> <span class='ocrx_word' id='word_1_405' title='bbox 3225 2563 3510 2638; x_wconf 89' lang='lat' dir='ltr'>antiquus,</span> <span class='ocrx_word' id='word_1_406' title='bbox 3549 2561 3682 2636; x_wconf 89' lang='lat' dir='ltr'>quia</span> <span class='ocrx_word' id='word_1_407' title='bbox 3698 2559 3819 2634; x_wconf 90' lang='lat' dir='ltr'>jam</span> 
     </span>
    </p>
   </div>
   <div class='ocr_carea' id='block_1_57' title="bbox 2202 2651 3822 2724">
    <p class='ocr_par' dir='ltr' id='par_1_57' title="bbox 2202 2651 3822 2724">
     <span class='ocr_line' id='line_1_57' title="bbox 2202 2651 3822 2724; baseline 0 -18"><span class='ocrx_word' id='word_1_408' title='bbox 2202 2651 2435 2708; x_wconf 89' lang='lat' dir='ltr'>interius</span> <span class='ocrx_word' id='word_1_409' title='bbox 2473 2651 2811 2722; x_wconf 90' lang='lat' dir='ltr'>dominatur,</span> <span class='ocrx_word' id='word_1_410' title='bbox 2845 2653 3010 2708; x_wconf 90' lang='lat' dir='ltr'>etiam</span> <span class='ocrx_word' id='word_1_411' title='bbox 3040 2651 3283 2708; x_wconf 83' lang='lat' dir='ltr'>exterius</span> <span class='ocrx_word' id='word_1_412' title='bbox 3313 2653 3506 2708; x_wconf 65' lang='lat' dir='ltr'>saevire</span> <span class='ocrx_word' id='word_1_413' title='bbox 3542 2651 3822 2724; x_wconf 88' lang='lat' dir='ltr'>permitti-</span> 
     </span>
    </p>
   </div>
   <div class='ocr_carea' id='block_1_58' title="bbox 2200 2742 3824 2817">
    <p class='ocr_par' dir='ltr' id='par_1_58' title="bbox 2200 2742 3824 2817">
     <span class='ocr_line' id='line_1_58' title="bbox 2200 2742 3824 2817; baseline 0 -19"><span class='ocrx_word' id='word_1_414' title='bbox 2200 2747 2312 2810; x_wconf 84' lang='lat' dir='ltr'>tur,</span> <span class='ocrx_word' id='word_1_415' title='bbox 2343 2750 2405 2798; x_wconf 93' lang='lat' dir='ltr'>ut</span> <span class='ocrx_word' id='word_1_416' title='bbox 2425 2742 2521 2817; x_wconf 89' lang='lat' dir='ltr'>qui</span> <span class='ocrx_word' id='word_1_417' title='bbox 2551 2743 2608 2798; x_wconf 92' lang='lat' dir='ltr'>in</span> <span class='ocrx_word' id='word_1_418' title='bbox 2641 2743 2970 2816; x_wconf 85' lang='lat' dir='ltr'>cogitatione</span> <span class='ocrx_word' id='word_1_419' title='bbox 2990 2743 3121 2799; x_wconf 91' lang='lat' dir='ltr'>elati</span> <span class='ocrx_word' id='word_1_420' title='bbox 3150 2749 3302 2812; x_wconf 90' lang='lat' dir='ltr'>sunt,</span> <span class='ocrx_word' id='word_1_421' title='bbox 3322 2757 3420 2816; x_wconf 87' lang='lat' dir='ltr'>per</span> <span class='ocrx_word' id='word_1_422' title='bbox 3447 2743 3634 2800; x_wconf 84' lang='lat' dir='ltr'>carnis</span> <span class='ocrx_word' id='word_1_423' title='bbox 3656 2742 3824 2798; x_wconf 83' lang='lat' dir='ltr'>luxu-</span> 
     </span>
    </p>
   </div>
   <div class='ocr_carea' id='block_1_59' title="bbox 2203 2833 3824 2908">
    <p class='ocr_par' dir='ltr' id='par_1_59' title="bbox 2203 2833 3824 2908">
     <span class='ocr_line' id='line_1_59' title="bbox 2203 2833 3824 2908; baseline 0.001 -18"><span class='ocrx_word' id='word_1_424' title='bbox 2203 2833 2342 2891; x_wconf 89' lang='lat' dir='ltr'>riam</span> <span class='ocrx_word' id='word_1_425' title='bbox 2373 2843 2807 2908; x_wconf 88' lang='lat' dir='ltr'>prosternantur.</span> <span class='ocrx_word' id='word_1_426' title='bbox 2857 2835 3073 2892; x_wconf 91' lang='lat' dir='ltr'>Scimus</span> <span class='ocrx_word' id='word_1_427' title='bbox 3120 2841 3302 2892; x_wconf 89' lang='lat' dir='ltr'>autem</span> <span class='ocrx_word' id='word_1_428' title='bbox 3353 2835 3486 2908; x_wconf 88' lang='lat' dir='ltr'>quia</span> <span class='ocrx_word' id='word_1_429' title='bbox 3512 2833 3824 2908; x_wconf 88' lang='lat' dir='ltr'>aliquando</span> 
     </span>
    </p>
   </div>
   <div class='ocr_carea' id='block_1_60' title="bbox 2203 2925 3824 3001">
    <p class='ocr_par' dir='ltr' id='par_1_60' title="bbox 2203 2925 3824 3001">
     <span class='ocr_line' id='line_1_60' title="bbox 2203 2925 3824 3001; baseline 0.002 -20"><span class='ocrx_word' id='word_1_430' title='bbox 2203 2925 2390 2982; x_wconf 93' lang='lat' dir='ltr'>minus</span> <span class='ocrx_word' id='word_1_431' title='bbox 2435 2936 2515 2984; x_wconf 91' lang='lat' dir='ltr'>est</span> <span class='ocrx_word' id='word_1_432' title='bbox 2559 2929 2620 2983; x_wconf 91' lang='lat' dir='ltr'>in</span> <span class='ocrx_word' id='word_1_433' title='bbox 2667 2929 2916 3001; x_wconf 90' lang='lat' dir='ltr'>corporis</span> <span class='ocrx_word' id='word_1_434' title='bbox 2953 2927 3365 3000; x_wconf 91' lang='lat' dir='ltr'>corruptionem</span> <span class='ocrx_word' id='word_1_435' title='bbox 3410 2927 3610 2984; x_wconf 90' lang='lat' dir='ltr'>cadere</span> <span class='ocrx_word' id='word_1_436' title='bbox 3648 2943 3824 3000; x_wconf 86' lang='lat' dir='ltr'>quam</span> 
     </span>
    </p>
   </div>
   <div class='ocr_carea' id='block_1_61' title="bbox 2203 3016 3824 3090">
    <p class='ocr_par' dir='ltr' id='par_1_61' title="bbox 2203 3016 3824 3090">
     <span class='ocr_line' id='line_1_61' title="bbox 2203 3016 3824 3090; baseline 0.001 -18"><span class='ocrx_word' id='word_1_437' title='bbox 2203 3017 2532 3089; x_wconf 87' lang='lat' dir='ltr'>cogitatione</span> <span class='ocrx_word' id='word_1_438' title='bbox 2561 3019 2728 3075; x_wconf 90' lang='lat' dir='ltr'>tacita</span> <span class='ocrx_word' id='word_1_439' title='bbox 2747 3034 2817 3074; x_wconf 87' lang='lat' dir='ltr'>ex</span> <span class='ocrx_word' id='word_1_440' title='bbox 2837 3017 3138 3074; x_wconf 87' lang='lat' dir='ltr'>deliberata</span> <span class='ocrx_word' id='word_1_441' title='bbox 3162 3017 3403 3076; x_wconf 90' lang='lat' dir='ltr'>elatione</span> <span class='ocrx_word' id='word_1_442' title='bbox 3423 3033 3650 3090; x_wconf 85' lang='lat' dir='ltr'>peccare</span> <span class='ocrx_word' id='word_1_443' title='bbox 3672 3035 3688 3086; x_wconf 87' lang='lat'>;</span> <span class='ocrx_word' id='word_1_444' title='bbox 3720 3016 3824 3074; x_wconf 86' lang='lat' dir='ltr'>sed</span> 
     </span>
    </p>
   </div>
   <div class='ocr_carea' id='block_1_62' title="bbox 2203 3107 3820 3181">
    <p class='ocr_par' dir='ltr' id='par_1_62' title="bbox 2203 3107 3820 3181">
     <span class='ocr_line' id='line_1_62' title="bbox 2203 3107 3820 3181; baseline 0.001 -17"><span class='ocrx_word' id='word_1_445' title='bbox 2203 3123 2327 3164; x_wconf 89' lang='lat' dir='ltr'>cum</span> <span class='ocrx_word' id='word_1_446' title='bbox 2362 3109 2545 3166; x_wconf 90' lang='lat' dir='ltr'>minus</span> <span class='ocrx_word' id='word_1_447' title='bbox 2573 3109 2752 3180; x_wconf 90' lang='lat' dir='ltr'>turpis</span> <span class='ocrx_word' id='word_1_448' title='bbox 2775 3107 3033 3181; x_wconf 88' lang='lat' dir='ltr'>superbia</span> <span class='ocrx_word' id='word_1_449' title='bbox 3061 3107 3325 3178; x_wconf 90' lang='lat' dir='ltr'>creditur,</span> <span class='ocrx_word' id='word_1_450' title='bbox 3359 3107 3550 3165; x_wconf 90' lang='lat' dir='ltr'>minus</span> <span class='ocrx_word' id='word_1_451' title='bbox 3580 3108 3820 3165; x_wconf 83' lang='lat' dir='ltr'>vitatur.</span> 
     </span>
    </p>
   </div>
   <div class='ocr_carea' id='block_1_63' title="bbox 491 3166 3824 3271">
    <p class='ocr_par' dir='ltr' id='par_1_63' title="bbox 491 3166 3824 3271">
     <span class='ocr_line' id='line_1_63' title="bbox 491 3166 3824 3271; baseline 0 -47"><span class='ocrx_word' id='word_1_452' title='bbox 491 3167 752 3239; x_wconf 88' lang='lat' dir='ltr'>superbos</span> <span class='ocrx_word' id='word_1_453' title='bbox 786 3166 1008 3240; x_wconf 89' lang='lat' dir='ltr'>quidem</span> <span class='ocrx_word' id='word_1_454' title='bbox 1039 3166 1108 3222; x_wconf 88' lang='lat' dir='ltr'>ad</span> <span class='ocrx_word' id='word_1_455' title='bbox 1137 3166 1472 3223; x_wconf 89' lang='lat' dir='ltr'>humilitatis</span> <span class='ocrx_word' id='word_1_456' title='bbox 1503 3168 1882 3238; x_wconf 84' lang='lat' dir='ltr'>formidinem,</span> <span class='ocrx_word' id='word_1_457' title='bbox 1912 3168 2092 3224; x_wconf 87' lang='lat' dir='ltr'>bumi-</span> <span class='ocrx_word' id='word_1_458' title='bbox 2129 3201 2173 3263; x_wconf 67' lang='grc' dir='ltr'>ο</span> <span class='ocrx_word' id='word_1_459' title='bbox 2211 3199 2513 3255; x_wconf 62' lang='lat' dir='ltr'>Luxuriam</span> <span class='ocrx_word' id='word_1_460' title='bbox 2570 3166 2702 3256; x_wconf 43' lang='lat' dir='ltr'>verb</span> <span class='ocrx_word' id='word_1_461' title='bbox 2773 3166 2861 3256; x_wconf 68' lang='lat' dir='ltr'>eo‘</span> <span class='ocrx_word' id='word_1_462' title='bbox 2905 3199 3078 3271; x_wconf 66' lang='lat' dir='ltr'>magis</span> <span class='ocrx_word' id='word_1_463' title='bbox 3125 3166 3459 3256; x_wconf 60' lang='lat' dir='ltr'>erubes&#39;cum</span> <span class='ocrx_word' id='word_1_464' title='bbox 3509 3197 3774 3254; x_wconf 63' lang='lat' dir='ltr'>homines</span> <span class='ocrx_word' id='word_1_465' title='bbox 3808 3243 3824 3267; x_wconf 58' lang='lat'><strong><em>’</em></strong></span> 
     </span>
    </p>
   </div>
   <div class='ocr_carea' id='block_1_64' title="bbox 493 3255 2097 3329">
    <p class='ocr_par' dir='ltr' id='par_1_64' title="bbox 493 3255 2097 3329">
     <span class='ocr_line' id='line_1_64' title="bbox 493 3255 2097 3329; baseline 0.004 -19"><span class='ocrx_word' id='word_1_466' title='bbox 493 3255 570 3312; x_wconf 92' lang='lat' dir='ltr'>les</span> <span class='ocrx_word' id='word_1_467' title='bbox 602 3273 734 3312; x_wconf 89' lang='lat' dir='ltr'>vero</span> <span class='ocrx_word' id='word_1_468' title='bbox 761 3257 830 3313; x_wconf 92' lang='lat' dir='ltr'>ad</span> <span class='ocrx_word' id='word_1_469' title='bbox 859 3259 975 3329; x_wconf 88' lang='lat' dir='ltr'>spei</span> <span class='ocrx_word' id='word_1_470' title='bbox 1006 3257 1266 3315; x_wconf 88' lang='lat' dir='ltr'>ﬁduciam</span> <span class='ocrx_word' id='word_1_471' title='bbox 1294 3259 1598 3314; x_wconf 86' lang='lat' dir='ltr'>revocavit.</span> <span class='ocrx_word' id='word_1_472' title='bbox 1635 3261 1680 3317; x_wconf 93' lang='grc' dir='ltr'>Ο</span> <span class='ocrx_word' id='word_1_473' title='bbox 1709 3258 2097 3317; x_wconf 77' lang='lat' dir='ltr'>inaestimabile</span> 
     </span>
    </p>
   </div>
   <div class='ocr_carea' id='block_1_65' title="bbox 495 3345 2101 3422">
    <p class='ocr_par' dir='ltr' id='par_1_65' title="bbox 495 3345 2101 3422">
     <span class='ocr_line' id='line_1_65' title="bbox 495 3345 2101 3422; baseline 0.003 -23"><span class='ocrx_word' id='word_1_474' title='bbox 495 3345 626 3400; x_wconf 89' lang='lat' dir='ltr'>novi</span> <span class='ocrx_word' id='word_1_475' title='bbox 669 3347 882 3418; x_wconf 87' lang='lat' dir='ltr'>generis</span> <span class='ocrx_word' id='word_1_476' title='bbox 918 3347 1404 3416; x_wconf 88' lang='lat' dir='ltr'>medicamentum,</span> <span class='ocrx_word' id='word_1_477' title='bbox 1453 3349 1602 3421; x_wconf 90' lang='lat' dir='ltr'>quod</span> <span class='ocrx_word' id='word_1_478' title='bbox 1635 3365 1750 3404; x_wconf 90' lang='lat' dir='ltr'>uno</span> <span class='ocrx_word' id='word_1_479' title='bbox 1795 3348 2101 3422; x_wconf 91' lang='lat' dir='ltr'>eodemque</span> 
     </span>
    </p>
   </div>
   <div class='ocr_carea' id='block_1_66' title="bbox 495 3433 2102 3506">
    <p class='ocr_par' dir='ltr' id='par_1_66' title="bbox 495 3433 2102 3506">
     <span class='ocr_line' id='line_1_66' title="bbox 495 3433 2102 3506; baseline 0.004 -18"><span class='ocrx_word' id='word_1_480' title='bbox 495 3433 688 3489; x_wconf 91' lang='lat' dir='ltr'>ordine</span> <span class='ocrx_word' id='word_1_481' title='bbox 716 3435 980 3506; x_wconf 91' lang='lat' dir='ltr'>positum,</span> <span class='ocrx_word' id='word_1_482' title='bbox 1022 3443 1076 3490; x_wconf 93' lang='lat' dir='ltr'>et</span> <span class='ocrx_word' id='word_1_483' title='bbox 1103 3435 1400 3506; x_wconf 88' lang='lat' dir='ltr'>premendo</span> <span class='ocrx_word' id='word_1_484' title='bbox 1451 3438 1725 3493; x_wconf 88' lang='lat' dir='ltr'>tumentia</span> <span class='ocrx_word' id='word_1_485' title='bbox 1752 3437 2014 3506; x_wconf 89' lang='lat' dir='ltr'>exsiccat,</span> <span class='ocrx_word' id='word_1_486' title='bbox 2045 3444 2102 3494; x_wconf 88' lang='lat' dir='ltr'>et</span> 
     </span>
    </p>
   </div>
   <div class='ocr_carea' id='block_1_67' title="bbox 496 3520 2101 3600">
    <p class='ocr_par' dir='ltr' id='par_1_67' title="bbox 496 3520 2101 3600">
     <span class='ocr_line' id='line_1_67' title="bbox 496 3520 2101 3600; baseline 0.003 -22"><span class='ocrx_word' id='word_1_487' title='bbox 496 3520 838 3578; x_wconf 88' lang='lat' dir='ltr'>sublevando</span> <span class='ocrx_word' id='word_1_488' title='bbox 861 3524 1073 3579; x_wconf 92' lang='lat' dir='ltr'>arentia</span> <span class='ocrx_word' id='word_1_489' title='bbox 1093 3523 1341 3581; x_wconf 89' lang='lat' dir='ltr'>infundit</span> <span class='ocrx_word' id='word_1_490' title='bbox 1377 3525 1388 3580; x_wconf 86' lang='lat' dir='ltr'>l</span> <span class='ocrx_word' id='word_1_491' title='bbox 1412 3527 1491 3582; x_wconf 91' lang='lat' dir='ltr'>De</span> <span class='ocrx_word' id='word_1_492' title='bbox 1520 3525 1794 3598; x_wconf 89' lang='lat' dir='ltr'>majorum</span> <span class='ocrx_word' id='word_1_493' title='bbox 1823 3543 1924 3584; x_wconf 88' lang='lat' dir='ltr'>nos</span> <span class='ocrx_word' id='word_1_494' title='bbox 1946 3527 2101 3600; x_wconf 91' lang='lat' dir='ltr'>lapsu</span> 
     </span>
    </p>
   </div>
   <div class='ocr_carea' id='block_1_68' title="bbox 498 3610 1662 3687">
    <p class='ocr_par' dir='ltr' id='par_1_68' title="bbox 498 3610 1662 3687">
     <span class='ocr_line' id='line_1_68' title="bbox 498 3610 1662 3687; baseline 0.003 -19"><span class='ocrx_word' id='word_1_495' title='bbox 498 3610 713 3680; x_wconf 88' lang='lat' dir='ltr'>terruit,</span> <span class='ocrx_word' id='word_1_496' title='bbox 755 3613 852 3668; x_wconf 88' lang='lat' dir='ltr'>sed</span> <span class='ocrx_word' id='word_1_497' title='bbox 879 3612 948 3670; x_wconf 89' lang='lat' dir='ltr'>de</span> <span class='ocrx_word' id='word_1_498' title='bbox 984 3613 1328 3687; x_wconf 89' lang='lat' dir='ltr'>reparatione</span> <span class='ocrx_word' id='word_1_499' title='bbox 1357 3614 1662 3673; x_wconf 90' lang='lat' dir='ltr'>roboravit.</span> 
     </span>
    </p>
   </div>
   <div class='ocr_carea' id='block_1_69' title="bbox 577 3733 2100 3810">
    <p class='ocr_par' dir='ltr' id='par_1_69' title="bbox 577 3733 2100 3810">
     <span class='ocr_line' id='line_1_69' title="bbox 577 3733 2100 3810; baseline 0.003 -21"><span class='ocrx_word' id='word_1_500' title='bbox 577 3733 666 3794; x_wconf 73' lang='grc'>24.</span> <span class='ocrx_word' id='word_1_501' title='bbox 699 3735 975 3793; x_wconf 83' lang='lat' dir='ltr'>Incassum</span> <span class='ocrx_word' id='word_1_502' title='bbox 1001 3742 1181 3808; x_wconf 85' lang='lat' dir='ltr'>sperat</span> <span class='ocrx_word' id='word_1_503' title='bbox 1215 3736 1661 3804; x_wconf 84' lang='lat' dir='ltr'>misericordiam,</span> <span class='ocrx_word' id='word_1_504' title='bbox 1707 3739 1802 3810; x_wconf 87' lang='lat' dir='ltr'>qui</span> <span class='ocrx_word' id='word_1_505' title='bbox 1821 3738 2100 3810; x_wconf 83' lang='lat' dir='ltr'>justitiam</span> 
     </span>
    </p>
   </div>
   <div class='ocr_carea' id='block_1_70' title="bbox 497 3825 2106 3899">
    <p class='ocr_par' dir='ltr' id='par_1_70' title="bbox 497 3825 2106 3899">
     <span class='ocr_line' id='line_1_70' title="bbox 497 3825 2106 3899; baseline -0.001 -13"><span class='ocrx_word' id='word_1_506' title='bbox 497 3846 604 3886; x_wconf 82' lang='lat' dir='ltr'>non</span> <span class='ocrx_word' id='word_1_507' title='bbox 633 3829 794 3884; x_wconf 87' lang='lat' dir='ltr'>timet.</span> <span class='ocrx_word' id='word_1_508' title='bbox 825 3856 897 3867; x_wconf 95' lang='lat'><strong>—</strong></span> <span class='ocrx_word' id='word_1_509' title='bbox 925 3825 1016 3882; x_wconf 91' lang='lat' dir='ltr'>Sic</span> <span class='ocrx_word' id='word_1_510' title='bbox 1047 3826 1251 3898; x_wconf 90' lang='lat' dir='ltr'>quippe</span> <span class='ocrx_word' id='word_1_511' title='bbox 1275 3842 1512 3899; x_wconf 90' lang='lat' dir='ltr'>semper,</span> <span class='ocrx_word' id='word_1_512' title='bbox 1545 3829 1626 3884; x_wconf 88' lang='lat' dir='ltr'>sic</span> <span class='ocrx_word' id='word_1_513' title='bbox 1655 3844 1756 3884; x_wconf 90' lang='lat' dir='ltr'>nos</span> <span class='ocrx_word' id='word_1_514' title='bbox 1785 3827 1994 3885; x_wconf 72' lang='lat' dir='ltr'>divinae</span> <span class='ocrx_word' id='word_1_515' title='bbox 2025 3828 2106 3885; x_wconf 92' lang='lat' dir='ltr'>di-</span> 
     </span>
    </p>
   </div>
   <div class='ocr_carea' id='block_1_71' title="bbox 499 3914 2104 3992">
    <p class='ocr_par' dir='ltr' id='par_1_71' title="bbox 499 3914 2104 3992">
     <span class='ocr_line' id='line_1_71' title="bbox 499 3914 2104 3992; baseline -0.001 -17"><span class='ocrx_word' id='word_1_516' title='bbox 499 3915 866 3992; x_wconf 89' lang='lat' dir='ltr'>spensationis</span> <span class='ocrx_word' id='word_1_517' title='bbox 907 3914 1286 3972; x_wconf 89' lang='lat' dir='ltr'>misericordia</span> <span class='ocrx_word' id='word_1_518' title='bbox 1312 3923 1365 3972; x_wconf 91' lang='lat' dir='ltr'>et</span> <span class='ocrx_word' id='word_1_519' title='bbox 1402 3916 1780 3989; x_wconf 88' lang='lat' dir='ltr'>superbientes</span> <span class='ocrx_word' id='word_1_520' title='bbox 1826 3919 2104 3990; x_wconf 91' lang='lat' dir='ltr'>reprimit,</span> 
     </span>
    </p>
   </div>
   <div class='ocr_carea' id='block_1_72' title="bbox 499 4005 2106 4087">
    <p class='ocr_par' dir='ltr' id='par_1_72' title="bbox 499 4005 2106 4087">
     <span class='ocr_line' id='line_1_72' title="bbox 499 4005 2106 4087; baseline 0.001 -23"><span class='ocrx_word' id='word_1_521' title='bbox 499 4016 553 4064; x_wconf 90' lang='lat' dir='ltr'>et</span> <span class='ocrx_word' id='word_1_522' title='bbox 581 4023 648 4064; x_wconf 89' lang='lat' dir='ltr'>ne</span> <span class='ocrx_word' id='word_1_523' title='bbox 667 4006 736 4063; x_wconf 92' lang='lat' dir='ltr'>ad</span> <span class='ocrx_word' id='word_1_524' title='bbox 765 4005 1202 4077; x_wconf 90' lang='lat' dir='ltr'>desperationem</span> <span class='ocrx_word' id='word_1_525' title='bbox 1228 4022 1551 4062; x_wconf 88' lang='lat' dir='ltr'>corruamus</span> <span class='ocrx_word' id='word_1_526' title='bbox 1571 4007 1752 4064; x_wconf 87' lang='lat' dir='ltr'>fulcit.</span> <span class='ocrx_word' id='word_1_527' title='bbox 1781 4005 1922 4080; x_wconf 77' lang='lat' dir='ltr'>[Vet.</span> <span class='ocrx_word' id='word_1_528' title='bbox 1955 4009 2106 4087; x_wconf 77' lang='lat' dir='ltr'>XVI,</span> 
     </span>
    </p>
   </div>
   <div class='ocr_carea' id='block_1_73' title="bbox 502 4095 2103 4171">
    <p class='ocr_par' dir='ltr' id='par_1_73' title="bbox 502 4095 2103 4171">
     <span class='ocr_line' id='line_1_73' title="bbox 502 4095 2103 4171; baseline 0.001 -15"><span class='ocrx_word' id='word_1_529' title='bbox 502 4101 619 4156; x_wconf 74' lang='grc' dir='ltr'><em>Περ.</em></span> <span class='ocrx_word' id='word_1_530' title='bbox 647 4095 776 4171; x_wconf 77' lang='lat' dir='ltr'>XL]</span> <span class='ocrx_word' id='word_1_531' title='bbox 811 4095 963 4152; x_wconf 91' lang='lat' dir='ltr'>Unde</span> <span class='ocrx_word' id='word_1_532' title='bbox 987 4097 1152 4151; x_wconf 89' lang='lat' dir='ltr'>etiam</span> <span class='ocrx_word' id='word_1_533' title='bbox 1184 4112 1278 4168; x_wconf 91' lang='lat' dir='ltr'>per</span> <span class='ocrx_word' id='word_1_534' title='bbox 1305 4097 1532 4169; x_wconf 88' lang='lat' dir='ltr'>Moysen</span> <span class='ocrx_word' id='word_1_535' title='bbox 1557 4098 1838 4168; x_wconf 88' lang='lat' dir='ltr'>admonet,</span> <span class='ocrx_word' id='word_1_536' title='bbox 1868 4099 2058 4158; x_wconf 90' lang='lat' dir='ltr'>dicens</span> <span class='ocrx_word' id='word_1_537' title='bbox 2091 4119 2103 4158; x_wconf 89' lang='lat'><strong>:</strong></span> 
     </span>
    </p>
   </div>
   <div class='ocr_carea' id='block_1_74' title="bbox 501 4185 2110 4259">
    <p class='ocr_par' dir='ltr' id='par_1_74' title="bbox 501 4185 2110 4259">
     <span class='ocr_line' id='line_1_74' title="bbox 501 4185 2110 4259; baseline 0.001 -15"><span class='ocrx_word' id='word_1_538' title='bbox 501 4189 622 4246; x_wconf 84' lang='lat' dir='ltr'>Non</span> <span class='ocrx_word' id='word_1_539' title='bbox 648 4188 868 4258; x_wconf 87' lang='lat' dir='ltr'>accipies</span> <span class='ocrx_word' id='word_1_540' title='bbox 895 4187 1004 4241; x_wconf 82' lang='lat' dir='ltr'>loco</span> <span class='ocrx_word' id='word_1_541' title='bbox 1029 4185 1273 4256; x_wconf 79' lang='lat' dir='ltr'>pignoris</span> <span class='ocrx_word' id='word_1_542' title='bbox 1301 4187 1646 4257; x_wconf 84' lang='lat' dir='ltr'>superiorem,</span> <span class='ocrx_word' id='word_1_543' title='bbox 1675 4194 1770 4242; x_wconf 85' lang='lat' dir='ltr'>aut</span> <span class='ocrx_word' id='word_1_544' title='bbox 1797 4189 2110 4259; x_wconf 81' lang='lat' dir='ltr'>inferiorem</span> 
     </span>
    </p>
   </div>
   <div class='ocr_carea' id='block_1_75' title="bbox 502 4274 2108 4352">
    <p class='ocr_par' dir='ltr' id='par_1_75' title="bbox 502 4274 2108 4352">
     <span class='ocr_line' id='line_1_75' title="bbox 502 4274 2108 4352; baseline 0.003 -22"><span class='ocrx_word' id='word_1_545' title='bbox 502 4278 699 4331; x_wconf 85' lang='lat' dir='ltr'>motam</span> <span class='ocrx_word' id='word_1_546' title='bbox 730 4277 913 4347; x_wconf 87' lang='lat' dir='ltr'>(Deut.</span> <span class='ocrx_word' id='word_1_547' title='bbox 943 4291 1102 4342; x_wconf 78' lang='lat' dir='ltr'>xxxv,</span> <span class='ocrx_word' id='word_1_548' title='bbox 1133 4274 1218 4344; x_wconf 87' lang='lat'>6).</span> <span class='ocrx_word' id='word_1_549' title='bbox 1250 4275 1515 4347; x_wconf 86' lang='lat' dir='ltr'>Accipere</span> <span class='ocrx_word' id='word_1_550' title='bbox 1543 4291 1781 4348; x_wconf 89' lang='lat' dir='ltr'>namque</span> <span class='ocrx_word' id='word_1_551' title='bbox 1810 4277 2108 4352; x_wconf 89' lang='lat' dir='ltr'>aliquando</span> 
     </span>
    </p>
   </div>
   <div class='ocr_carea' id='block_1_76' title="bbox 504 4361 2107 4437">
    <p class='ocr_par' dir='ltr' id='par_1_76' title="bbox 504 4361 2107 4437">
     <span class='ocr_line' id='line_1_76' title="bbox 504 4361 2107 4437; baseline 0.001 -15"><span class='ocrx_word' id='word_1_552' title='bbox 504 4364 746 4421; x_wconf 87' lang='lat' dir='ltr'>dicimus</span> <span class='ocrx_word' id='word_1_553' title='bbox 787 4362 1019 4418; x_wconf 86' lang='lat' dir='ltr'>auferre.</span> <span class='ocrx_word' id='word_1_554' title='bbox 1054 4361 1208 4418; x_wconf 90' lang='lat' dir='ltr'>Unde</span> <span class='ocrx_word' id='word_1_555' title='bbox 1237 4369 1291 4418; x_wconf 93' lang='lat' dir='ltr'>et</span> <span class='ocrx_word' id='word_1_556' title='bbox 1320 4378 1448 4418; x_wconf 90' lang='lat' dir='ltr'>aves</span> <span class='ocrx_word' id='word_1_557' title='bbox 1481 4364 1590 4419; x_wconf 70' lang='lat' dir='ltr'>illae</span> <span class='ocrx_word' id='word_1_558' title='bbox 1632 4366 1654 4399; x_wconf 82' lang='grc'>³</span> <span class='ocrx_word' id='word_1_559' title='bbox 1703 4381 1823 4437; x_wconf 70' lang='lat' dir='ltr'>quae</span> <span class='ocrx_word' id='word_1_560' title='bbox 1853 4375 1982 4423; x_wconf 92' lang='lat' dir='ltr'>sunt</span> <span class='ocrx_word' id='word_1_561' title='bbox 2010 4384 2107 4424; x_wconf 87' lang='lat' dir='ltr'>ra-</span> 
     </span>
    </p>
   </div>
   <div class='ocr_carea' id='block_1_77' title="bbox 505 4450 2104 4528">
    <p class='ocr_par' dir='ltr' id='par_1_77' title="bbox 505 4450 2104 4528">
     <span class='ocr_line' id='line_1_77' title="bbox 505 4450 2104 4528; baseline 0.004 -20"><span class='ocrx_word' id='word_1_562' title='bbox 505 4453 724 4528; x_wconf 89' lang='lat' dir='ltr'>piendis</span> <span class='ocrx_word' id='word_1_563' title='bbox 769 4451 966 4508; x_wconf 90' lang='lat' dir='ltr'>avibus</span> <span class='ocrx_word' id='word_1_564' title='bbox 1011 4450 1206 4519; x_wconf 88' lang='lat' dir='ltr'>avidae,</span> <span class='ocrx_word' id='word_1_565' title='bbox 1256 4450 1546 4524; x_wconf 89' lang='lat' dir='ltr'>accipitres</span> <span class='ocrx_word' id='word_1_566' title='bbox 1601 4463 1892 4512; x_wconf 88' lang='lat' dir='ltr'>vocantur.</span> <span class='ocrx_word' id='word_1_567' title='bbox 1950 4457 2104 4514; x_wconf 91' lang='lat' dir='ltr'>Unde</span> 
     </span>
    </p>
   </div>
   <div class='ocr_carea' id='block_1_78' title="bbox 2209 3287 3828 3364">
    <p class='ocr_par' dir='ltr' id='par_1_78' title="bbox 2209 3287 3828 3364">
     <span class='ocr_line' id='line_1_78' title="bbox 2209 3287 3828 3364; baseline 0 -18"><span class='ocrx_word' id='word_1_568' title='bbox 2209 3307 2318 3364; x_wconf 90' lang='lat' dir='ltr'>quo</span> <span class='ocrx_word' id='word_1_569' title='bbox 2365 3289 2532 3347; x_wconf 90' lang='lat' dir='ltr'>simul</span> <span class='ocrx_word' id='word_1_570' title='bbox 2577 3306 2767 3347; x_wconf 89' lang='lat' dir='ltr'>omnes</span> <span class='ocrx_word' id='word_1_571' title='bbox 2804 3297 3019 3362; x_wconf 89' lang='lat' dir='ltr'>turpem</span> <span class='ocrx_word' id='word_1_572' title='bbox 3064 3295 3360 3346; x_wconf 86' lang='lat' dir='ltr'>noverunt.</span> <span class='ocrx_word' id='word_1_573' title='bbox 3413 3287 3568 3345; x_wconf 90' lang='lat' dir='ltr'>Unde</span> <span class='ocrx_word' id='word_1_574' title='bbox 3615 3288 3682 3344; x_wconf 88' lang='lat' dir='ltr'>ﬁt</span> <span class='ocrx_word' id='word_1_575' title='bbox 3708 3289 3828 3362; x_wconf 91' lang='lat' dir='ltr'>ple-</span> 
     </span>
    </p>
   </div>
   <div class='ocr_carea' id='block_1_79' title="bbox 2212 3378 3829 3452">
    <p class='ocr_par' dir='ltr' id='par_1_79' title="bbox 2212 3378 3829 3452">
     <span class='ocr_line' id='line_1_79' title="bbox 2212 3378 3829 3452; baseline -0.001 -16"><span class='ocrx_word' id='word_1_576' title='bbox 2212 3395 2445 3452; x_wconf 90' lang='lat' dir='ltr'>rumque</span> <span class='ocrx_word' id='word_1_577' title='bbox 2470 3387 2530 3435; x_wconf 90' lang='lat' dir='ltr'>ut</span> <span class='ocrx_word' id='word_1_578' title='bbox 2558 3379 2812 3435; x_wconf 88' lang='lat' dir='ltr'>nonnulli</span> <span class='ocrx_word' id='word_1_579' title='bbox 2836 3387 2959 3452; x_wconf 92' lang='lat' dir='ltr'>post</span> <span class='ocrx_word' id='word_1_580' title='bbox 2986 3378 3298 3452; x_wconf 88' lang='lat' dir='ltr'>superbiam</span> <span class='ocrx_word' id='word_1_581' title='bbox 3320 3378 3378 3434; x_wconf 92' lang='lat' dir='ltr'>in</span> <span class='ocrx_word' id='word_1_582' title='bbox 3401 3378 3685 3434; x_wconf 80' lang='lat' dir='ltr'>luxuriam</span> <span class='ocrx_word' id='word_1_583' title='bbox 3703 3394 3829 3435; x_wconf 86' lang='lat' dir='ltr'>cor-</span> 
     </span>
    </p>
   </div>
   <div class='ocr_carea' id='block_1_80' title="bbox 2212 3468 3828 3542">
    <p class='ocr_par' dir='ltr' id='par_1_80' title="bbox 2212 3468 3828 3542">
     <span class='ocr_line' id='line_1_80' title="bbox 2212 3468 3828 3542; baseline 0 -16"><span class='ocrx_word' id='word_1_584' title='bbox 2212 3476 2452 3539; x_wconf 86' lang='lat' dir='ltr'>ruentes,</span> <span class='ocrx_word' id='word_1_585' title='bbox 2483 3485 2554 3526; x_wconf 82' lang='lat' dir='ltr'>ex</span> <span class='ocrx_word' id='word_1_586' title='bbox 2582 3477 2776 3541; x_wconf 88' lang='lat' dir='ltr'>aperto</span> <span class='ocrx_word' id='word_1_587' title='bbox 2814 3485 2945 3527; x_wconf 89' lang='lat' dir='ltr'>casu</span> <span class='ocrx_word' id='word_1_588' title='bbox 2984 3471 3193 3526; x_wconf 89' lang='lat' dir='ltr'>malum</span> <span class='ocrx_word' id='word_1_589' title='bbox 3235 3469 3412 3542; x_wconf 77' lang='lat' dir='ltr'>culpae</span> <span class='ocrx_word' id='word_1_590' title='bbox 3443 3468 3669 3526; x_wconf 88' lang='lat' dir='ltr'>latentis</span> <span class='ocrx_word' id='word_1_591' title='bbox 3698 3485 3828 3526; x_wconf 86' lang='lat' dir='ltr'>eru-</span> 
     </span>
    </p>
   </div>
   <div class='ocr_carea' id='block_1_81' title="bbox 2211 3559 3828 3632">
    <p class='ocr_par' dir='ltr' id='par_1_81' title="bbox 2211 3559 3828 3632">
     <span class='ocr_line' id='line_1_81' title="bbox 2211 3559 3828 3632; baseline 0.001 -16"><span class='ocrx_word' id='word_1_592' title='bbox 2211 3559 2437 3616; x_wconf 90' lang='lat' dir='ltr'>bescant</span> <span class='ocrx_word' id='word_1_593' title='bbox 2467 3576 2481 3627; x_wconf 87' lang='lat'>;</span> <span class='ocrx_word' id='word_1_594' title='bbox 2515 3567 2568 3615; x_wconf 93' lang='lat' dir='ltr'>et</span> <span class='ocrx_word' id='word_1_595' title='bbox 2602 3566 2737 3616; x_wconf 90' lang='lat' dir='ltr'>tunc</span> <span class='ocrx_word' id='word_1_596' title='bbox 2763 3561 2928 3616; x_wconf 87' lang='lat' dir='ltr'>etiam</span> <span class='ocrx_word' id='word_1_597' title='bbox 2961 3559 3170 3632; x_wconf 87' lang='lat' dir='ltr'>majora</span> <span class='ocrx_word' id='word_1_598' title='bbox 3197 3559 3508 3631; x_wconf 84' lang='lat' dir='ltr'>corrigunt,</span> <span class='ocrx_word' id='word_1_599' title='bbox 3538 3575 3668 3615; x_wconf 89' lang='lat' dir='ltr'>cum</span> <span class='ocrx_word' id='word_1_600' title='bbox 3697 3575 3828 3632; x_wconf 86' lang='lat' dir='ltr'>pro-</span> 
     </span>
    </p>
   </div>
   <div class='ocr_carea' id='block_1_82' title="bbox 2213 3649 3828 3724">
    <p class='ocr_par' dir='ltr' id='par_1_82' title="bbox 2213 3649 3828 3724">
     <span class='ocr_line' id='line_1_82' title="bbox 2213 3649 3828 3724; baseline -0.001 -17"><span class='ocrx_word' id='word_1_601' title='bbox 2213 3649 2370 3707; x_wconf 90' lang='lat' dir='ltr'>strati</span> <span class='ocrx_word' id='word_1_602' title='bbox 2401 3650 2459 3706; x_wconf 93' lang='lat' dir='ltr'>in</span> <span class='ocrx_word' id='word_1_603' title='bbox 2489 3650 2738 3707; x_wconf 90' lang='lat' dir='ltr'>minimis</span> <span class='ocrx_word' id='word_1_604' title='bbox 2766 3652 2987 3724; x_wconf 88' lang='lat' dir='ltr'>gravius</span> <span class='ocrx_word' id='word_1_605' title='bbox 3013 3649 3454 3708; x_wconf 87' lang='lat' dir='ltr'>confunduntur.</span> <span class='ocrx_word' id='word_1_606' title='bbox 3497 3651 3638 3708; x_wconf 81' lang='lat' dir='ltr'>Reos</span> <span class='ocrx_word' id='word_1_607' title='bbox 3667 3649 3828 3706; x_wconf 89' lang='lat' dir='ltr'>enim</span> 
     </span>
    </p>
   </div>
   <div class='ocr_carea' id='block_1_83' title="bbox 2215 3738 3834 3814">
    <p class='ocr_par' dir='ltr' id='par_1_83' title="bbox 2215 3738 3834 3814">
     <span class='ocr_line' id='line_1_83' title="bbox 2215 3738 3834 3814; baseline 0 -18"><span class='ocrx_word' id='word_1_608' title='bbox 2215 3755 2272 3796; x_wconf 90' lang='lat' dir='ltr'>se</span> <span class='ocrx_word' id='word_1_609' title='bbox 2300 3739 2445 3796; x_wconf 88' lang='lat' dir='ltr'>inter</span> <span class='ocrx_word' id='word_1_610' title='bbox 2476 3738 2691 3796; x_wconf 90' lang='lat' dir='ltr'>minora</span> <span class='ocrx_word' id='word_1_611' title='bbox 2718 3740 3086 3813; x_wconf 91' lang='lat' dir='ltr'>conspiciunt,</span> <span class='ocrx_word' id='word_1_612' title='bbox 3109 3740 3205 3814; x_wconf 89' lang='lat' dir='ltr'>qui</span> <span class='ocrx_word' id='word_1_613' title='bbox 3224 3755 3281 3796; x_wconf 89' lang='lat' dir='ltr'>se</span> <span class='ocrx_word' id='word_1_614' title='bbox 3301 3739 3506 3797; x_wconf 87' lang='lat' dir='ltr'>liberos</span> <span class='ocrx_word' id='word_1_615' title='bbox 3535 3740 3684 3796; x_wconf 84' lang='lat' dir='ltr'>inter</span> <span class='ocrx_word' id='word_1_616' title='bbox 3702 3756 3834 3812; x_wconf 82' lang='lat' dir='ltr'>gra-</span> 
     </span>
    </p>
   </div>
   <div class='ocr_carea' id='block_1_84' title="bbox 2217 3828 3831 3904">
    <p class='ocr_par' dir='ltr' id='par_1_84' title="bbox 2217 3828 3831 3904">
     <span class='ocr_line' id='line_1_84' title="bbox 2217 3828 3831 3904; baseline 0.002 -20"><span class='ocrx_word' id='word_1_617' title='bbox 2217 3829 2372 3885; x_wconf 89' lang='lat' dir='ltr'>viora</span> <span class='ocrx_word' id='word_1_618' title='bbox 2401 3828 2773 3887; x_wconf 89' lang='lat' dir='ltr'>crediderunt.</span> <span class='ocrx_word' id='word_1_619' title='bbox 2824 3831 2922 3886; x_wconf 90' lang='lat' dir='ltr'>Pia</span> <span class='ocrx_word' id='word_1_620' title='bbox 2967 3846 3095 3904; x_wconf 88' lang='lat' dir='ltr'>ergo</span> <span class='ocrx_word' id='word_1_621' title='bbox 3131 3829 3360 3887; x_wconf 91' lang='lat' dir='ltr'>Domini</span> <span class='ocrx_word' id='word_1_622' title='bbox 3406 3829 3831 3902; x_wconf 86' lang='lat' dir='ltr'>dispensatione</span> 
     </span>
    </p>
   </div>
   <div class='ocr_carea' id='block_1_85' title="bbox 2219 3919 3830 3993">
    <p class='ocr_par' dir='ltr' id='par_1_85' title="bbox 2219 3919 3830 3993">
     <span class='ocr_line' id='line_1_85' title="bbox 2219 3919 3830 3993; baseline 0.003 -18"><span class='ocrx_word' id='word_1_623' title='bbox 2219 3921 2240 3956; x_wconf 79' lang='grc'><strong>⁶</strong></span> <span class='ocrx_word' id='word_1_624' title='bbox 2271 3919 2487 3975; x_wconf 83' lang='lat' dir='ltr'>laxatus</span> <span class='ocrx_word' id='word_1_625' title='bbox 2529 3935 2927 3993; x_wconf 89' lang='lat' dir='ltr'>nonnunquam</span> <span class='ocrx_word' id='word_1_626' title='bbox 2975 3920 3282 3976; x_wconf 89' lang='lat' dir='ltr'>Behemoth</span> <span class='ocrx_word' id='word_1_627' title='bbox 3313 3919 3417 3977; x_wconf 90' lang='lat' dir='ltr'>iste</span> <span class='ocrx_word' id='word_1_628' title='bbox 3446 3919 3516 3976; x_wconf 92' lang='lat' dir='ltr'>de</span> <span class='ocrx_word' id='word_1_629' title='bbox 3558 3920 3726 3992; x_wconf 89' lang='lat' dir='ltr'>culpa</span> <span class='ocrx_word' id='word_1_630' title='bbox 3751 3921 3830 3980; x_wconf 85' lang='lat' dir='ltr'>ad</span> 
     </span>
    </p>
   </div>
   <div class='ocr_carea' id='block_1_86' title="bbox 2216 4014 3828 4092">
    <p class='ocr_par' dir='ltr' id='par_1_86' title="bbox 2216 4014 3828 4092">
     <span class='ocr_line' id='line_1_86' title="bbox 2216 4014 3828 4092; baseline 0.001 -18"><span class='ocrx_word' id='word_1_631' title='bbox 2216 4017 2435 4090; x_wconf 90' lang='lat' dir='ltr'>culpam</span> <span class='ocrx_word' id='word_1_632' title='bbox 2479 4016 2673 4084; x_wconf 90' lang='lat' dir='ltr'>trahit,</span> <span class='ocrx_word' id='word_1_633' title='bbox 2718 4026 2772 4074; x_wconf 92' lang='lat' dir='ltr'>et</span> <span class='ocrx_word' id='word_1_634' title='bbox 2819 4014 3008 4073; x_wconf 85' lang='lat'><strong>1092</strong></span> <span class='ocrx_word' id='word_1_635' title='bbox 3043 4017 3177 4074; x_wconf 90' lang='lat' dir='ltr'>dum</span> <span class='ocrx_word' id='word_1_636' title='bbox 3217 4019 3343 4090; x_wconf 90' lang='lat' dir='ltr'>plus</span> <span class='ocrx_word' id='word_1_637' title='bbox 3388 4020 3649 4092; x_wconf 87' lang='lat' dir='ltr'>percutit,</span> <span class='ocrx_word' id='word_1_638' title='bbox 3691 4019 3828 4076; x_wconf 90' lang='lat' dir='ltr'>inde</span> 
     </span>
    </p>
   </div>
   <div class='ocr_carea' id='block_1_87' title="bbox 2216 4106 3827 4181">
    <p class='ocr_par' dir='ltr' id='par_1_87' title="bbox 2216 4106 3827 4181">
     <span class='ocr_line' id='line_1_87' title="bbox 2216 4106 3827 4181; baseline 0 -17"><span class='ocrx_word' id='word_1_639' title='bbox 2216 4122 2343 4164; x_wconf 91' lang='lat' dir='ltr'>eum</span> <span class='ocrx_word' id='word_1_640' title='bbox 2362 4123 2524 4181; x_wconf 88' lang='lat' dir='ltr'>quem</span> <span class='ocrx_word' id='word_1_641' title='bbox 2554 4113 2769 4180; x_wconf 89' lang='lat' dir='ltr'>ceperat</span> <span class='ocrx_word' id='word_1_642' title='bbox 2789 4106 3016 4176; x_wconf 89' lang='lat' dir='ltr'>amittit,</span> <span class='ocrx_word' id='word_1_643' title='bbox 3041 4116 3203 4180; x_wconf 92' lang='lat' dir='ltr'>atque</span> <span class='ocrx_word' id='word_1_644' title='bbox 3233 4107 3381 4164; x_wconf 92' lang='lat' dir='ltr'>unde</span> <span class='ocrx_word' id='word_1_645' title='bbox 3411 4108 3611 4165; x_wconf 82' lang='lat' dir='ltr'>vicisse</span> <span class='ocrx_word' id='word_1_646' title='bbox 3639 4109 3827 4165; x_wconf 85' lang='lat' dir='ltr'>cemi-</span> 
     </span>
    </p>
   </div>
   <div class='ocr_carea' id='block_1_88' title="bbox 2215 4196 3826 4269">
    <p class='ocr_par' dir='ltr' id='par_1_88' title="bbox 2215 4196 3826 4269">
     <span class='ocr_line' id='line_1_88' title="bbox 2215 4196 3826 4269; baseline 0.002 -17"><span class='ocrx_word' id='word_1_647' title='bbox 2215 4203 2328 4265; x_wconf 89' lang='lat' dir='ltr'>tur,</span> <span class='ocrx_word' id='word_1_648' title='bbox 2351 4196 2478 4253; x_wconf 91' lang='lat' dir='ltr'>inde</span> <span class='ocrx_word' id='word_1_649' title='bbox 2499 4205 2802 4269; x_wconf 86' lang='lat' dir='ltr'>superatur.</span> <span class='ocrx_word' id='word_1_650' title='bbox 2829 4197 3184 4256; x_wconf 86' lang='lat' dir='ltr'>Considerare</span> <span class='ocrx_word' id='word_1_651' title='bbox 3213 4197 3349 4254; x_wconf 89' lang='lat' dir='ltr'>libet</span> <span class='ocrx_word' id='word_1_652' title='bbox 3373 4199 3522 4254; x_wconf 91' lang='lat' dir='ltr'>intra</span> <span class='ocrx_word' id='word_1_653' title='bbox 3539 4199 3826 4256; x_wconf 87' lang='lat' dir='ltr'>munitum</span> 
     </span>
    </p>
   </div>
   <div class='ocr_carea' id='block_1_89' title="bbox 2217 4287 3830 4360">
    <p class='ocr_par' dir='ltr' id='par_1_89' title="bbox 2217 4287 3830 4360">
     <span class='ocr_line' id='line_1_89' title="bbox 2217 4287 3830 4360; baseline 0.001 -16"><span class='ocrx_word' id='word_1_654' title='bbox 2217 4287 2403 4360; x_wconf 68' lang='lat' dir='ltr'>gratiae</span> <span class='ocrx_word' id='word_1_655' title='bbox 2431 4289 2616 4344; x_wconf 90' lang='lat' dir='ltr'>sinum</span> <span class='ocrx_word' id='word_1_656' title='bbox 2647 4295 2852 4360; x_wconf 90' lang='lat' dir='ltr'>quanto</span> <span class='ocrx_word' id='word_1_657' title='bbox 2880 4289 3025 4345; x_wconf 91' lang='lat' dir='ltr'>Deus</span> <span class='ocrx_word' id='word_1_658' title='bbox 3065 4288 3255 4345; x_wconf 88' lang='lat' dir='ltr'>favore</span> <span class='ocrx_word' id='word_1_659' title='bbox 3293 4289 3695 4346; x_wconf 81' lang='lat' dir='ltr'>misericordiae</span> <span class='ocrx_word' id='word_1_660' title='bbox 3725 4306 3830 4346; x_wconf 90' lang='lat' dir='ltr'>nos</span> 
     </span>
    </p>
   </div>
   <div class='ocr_carea' id='block_1_90' title="bbox 2215 4377 3828 4452">
    <p class='ocr_par' dir='ltr' id='par_1_90' title="bbox 2215 4377 3828 4452">
     <span class='ocr_line' id='line_1_90' title="bbox 2215 4377 3828 4452; baseline 0.001 -18"><span class='ocrx_word' id='word_1_661' title='bbox 2215 4377 2482 4434; x_wconf 89' lang='lat' dir='ltr'>continet.</span> <span class='ocrx_word' id='word_1_662' title='bbox 2515 4379 2656 4434; x_wconf 90' lang='lat' dir='ltr'>Ecce</span> <span class='ocrx_word' id='word_1_663' title='bbox 2685 4377 2781 4450; x_wconf 90' lang='lat' dir='ltr'>qui</span> <span class='ocrx_word' id='word_1_664' title='bbox 2810 4378 2877 4434; x_wconf 92' lang='lat' dir='ltr'>de</span> <span class='ocrx_word' id='word_1_665' title='bbox 2906 4378 3110 4434; x_wconf 87' lang='lat' dir='ltr'>virtute</span> <span class='ocrx_word' id='word_1_666' title='bbox 3139 4394 3194 4434; x_wconf 93' lang='lat' dir='ltr'>se</span> <span class='ocrx_word' id='word_1_667' title='bbox 3242 4379 3465 4436; x_wconf 84' lang='lat' dir='ltr'>extollit</span> <span class='ocrx_word' id='word_1_668' title='bbox 3495 4395 3592 4452; x_wconf 91' lang='lat' dir='ltr'>per</span> <span class='ocrx_word' id='word_1_669' title='bbox 3621 4380 3828 4436; x_wconf 90' lang='lat' dir='ltr'>vitium</span> 
     </span>
    </p>
   </div>
   <div class='ocr_carea' id='block_1_91' title="bbox 2212 4467 3830 4544">
    <p class='ocr_par' dir='ltr' id='par_1_91' title="bbox 2212 4467 3830 4544">
     <span class='ocr_line' id='line_1_91' title="bbox 2212 4467 3830 4544; baseline 0.002 -20"><span class='ocrx_word' id='word_1_670' title='bbox 2212 4469 2282 4524; x_wconf 89' lang='lat' dir='ltr'>ad</span> <span class='ocrx_word' id='word_1_671' title='bbox 2312 4468 2682 4524; x_wconf 89' lang='lat' dir='ltr'>humilitatem</span> <span class='ocrx_word' id='word_1_672' title='bbox 2713 4467 2874 4524; x_wconf 91' lang='lat' dir='ltr'>redit.</span> <span class='ocrx_word' id='word_1_673' title='bbox 2910 4467 3048 4542; x_wconf 72' lang='grc' dir='ltr'>[νει.</span> <span class='ocrx_word' id='word_1_674' title='bbox 3081 4467 3256 4543; x_wconf 76' lang='lat' dir='ltr'><strong><em>XVI.]</em></strong></span> <span class='ocrx_word' id='word_1_675' title='bbox 3289 4469 3395 4537; x_wconf 88' lang='lat' dir='ltr'>Qui</span> <span class='ocrx_word' id='word_1_676' title='bbox 3427 4485 3558 4525; x_wconf 90' lang='lat' dir='ltr'>vero</span> <span class='ocrx_word' id='word_1_677' title='bbox 3585 4472 3830 4544; x_wconf 87' lang='lat' dir='ltr'>acceptis</span> 
     </span>
    </p>
   </div>
   <div class='ocr_carea' id='block_1_92' title="bbox 505 4538 3826 4630">
    <p class='ocr_par' dir='ltr' id='par_1_92' title="bbox 505 4538 3826 4630">
     <span class='ocr_line' id='line_1_92' title="bbox 505 4538 3826 4630; baseline 0.001 -18"><span class='ocrx_word' id='word_1_678' title='bbox 505 4541 709 4598; x_wconf 71' lang='lat' dir='ltr'>P3111113</span> <span class='ocrx_word' id='word_1_679' title='bbox 736 4538 1172 4630; x_wconf 16' lang='grc' dir='ltr'>αροειοιιξδίάίοίῐ</span> <span class='ocrx_word' id='word_1_680' title='bbox 1200 4556 1212 4594; x_wconf 72' lang='grc' dir='ltr'>ε</span> <span class='ocrx_word' id='word_1_681' title='bbox 1246 4539 1693 4630; x_wconf 15' lang='grc' dir='ltr'>δυείίήθίίξίθηίτη</span> <span class='ocrx_word' id='word_1_682' title='bbox 1718 4543 1766 4598; x_wconf 63' lang='grc' dir='ltr'>δέ</span> <span class='ocrx_word' id='word_1_683' title='bbox 1807 4545 1928 4614; x_wconf 64' lang='lat' dir='ltr'>quis</span> <span class='ocrx_word' id='word_1_684' title='bbox 1957 4546 2104 4601; x_wconf 75' lang='grc' dir='ltr'>ἀευο·</span> <span class='ocrx_word' id='word_1_685' title='bbox 2135 4570 2184 4630; x_wconf 83' lang='lat'>1)</span> <span class='ocrx_word' id='word_1_686' title='bbox 2214 4557 2517 4613; x_wconf 88' lang='lat' dir='ltr'>virtutibus</span> <span class='ocrx_word' id='word_1_687' title='bbox 2536 4557 2845 4626; x_wconf 83' lang='lat' dir='ltr'>extollitur,</span> <span class='ocrx_word' id='word_1_688' title='bbox 2864 4538 2974 4613; x_wconf 78' lang='lat' dir='ltr'>non</span> <span class='ocrx_word' id='word_1_689' title='bbox 3002 4558 3204 4630; x_wconf 87' lang='lat' dir='ltr'>gladio,</span> <span class='ocrx_word' id='word_1_690' title='bbox 3233 4538 3354 4627; x_wconf 75' lang='lat' dir='ltr'>sed,</span> <span class='ocrx_word' id='word_1_691' title='bbox 3385 4565 3449 4614; x_wconf 90' lang='lat' dir='ltr'>ut</span> <span class='ocrx_word' id='word_1_692' title='bbox 3469 4557 3545 4613; x_wconf 90' lang='lat' dir='ltr'>ita</span> <span class='ocrx_word' id='word_1_693' title='bbox 3559 4538 3826 4627; x_wconf 83' lang='lat' dir='ltr'>dixerim,</span> 
     </span>
    </p>
   </div>
   <div class='ocr_carea' id='block_1_93' title="bbox 506 4629 2110 4704">
    <p class='ocr_par' dir='ltr' id='par_1_93' title="bbox 506 4629 2110 4704">
     <span class='ocr_line' id='line_1_93' title="bbox 506 4629 2110 4704; baseline 0.004 -18"><span class='ocrx_word' id='word_1_694' title='bbox 506 4637 617 4700; x_wconf 85' lang='lat' dir='ltr'>rat,</span> <span class='ocrx_word' id='word_1_695' title='bbox 647 4631 695 4684; x_wconf 84' lang='lat' dir='ltr'>si</span> <span class='ocrx_word' id='word_1_696' title='bbox 724 4629 842 4700; x_wconf 86' lang='lat' dir='ltr'>quis</span> <span class='ocrx_word' id='word_1_697' title='bbox 870 4629 1059 4700; x_wconf 82' lang='lat' dir='ltr'>accipit</span> <span class='ocrx_word' id='word_1_698' title='bbox 1106 4629 1194 4702; x_wconf 90' lang='lat' dir='ltr'>(II</span> <span class='ocrx_word' id='word_1_699' title='bbox 1223 4629 1349 4686; x_wconf 81' lang='lat' dir='ltr'>Cor.</span> <span class='ocrx_word' id='word_1_700' title='bbox 1377 4647 1456 4698; x_wconf 80' lang='lat' dir='ltr'>x1,</span> <span class='ocrx_word' id='word_1_701' title='bbox 1486 4629 1601 4704; x_wconf 81' lang='grc'>20).</span> <span class='ocrx_word' id='word_1_702' title='bbox 1629 4633 1711 4688; x_wconf 88' lang='lat' dir='ltr'>Ac</span> <span class='ocrx_word' id='word_1_703' title='bbox 1735 4633 1782 4688; x_wconf 91' lang='lat' dir='ltr'>si</span> <span class='ocrx_word' id='word_1_704' title='bbox 1803 4633 2027 4702; x_wconf 88' lang='lat' dir='ltr'>diceret,</span> <span class='ocrx_word' id='word_1_705' title='bbox 2053 4635 2110 4701; x_wconf 84' lang='lat' dir='ltr'>Si</span> 
     </span>
    </p>
   </div>
   <div class='ocr_carea' id='block_1_94' title="bbox 508 4717 2109 4796">
    <p class='ocr_par' dir='ltr' id='par_1_94' title="bbox 508 4717 2109 4796">
     <span class='ocr_line' id='line_1_94' title="bbox 508 4717 2109 4796; baseline 0.003 -20"><span class='ocrx_word' id='word_1_706' title='bbox 508 4720 634 4794; x_wconf 90' lang='lat' dir='ltr'>quis</span> <span class='ocrx_word' id='word_1_707' title='bbox 661 4717 824 4791; x_wconf 89' lang='lat' dir='ltr'>rapit.</span> <span class='ocrx_word' id='word_1_708' title='bbox 862 4717 1066 4790; x_wconf 88' lang='lat' dir='ltr'>Pignus</span> <span class='ocrx_word' id='word_1_709' title='bbox 1094 4734 1224 4774; x_wconf 90' lang='lat' dir='ltr'>vero</span> <span class='ocrx_word' id='word_1_710' title='bbox 1257 4720 1278 4753; x_wconf 82' lang='grc'><strong>⁴</strong></span> <span class='ocrx_word' id='word_1_711' title='bbox 1304 4719 1571 4777; x_wconf 88' lang='lat' dir='ltr'>debitoris</span> <span class='ocrx_word' id='word_1_712' title='bbox 1591 4731 1672 4778; x_wconf 91' lang='lat' dir='ltr'>est</span> <span class='ocrx_word' id='word_1_713' title='bbox 1691 4722 1964 4779; x_wconf 88' lang='lat' dir='ltr'>confessio</span> <span class='ocrx_word' id='word_1_714' title='bbox 1987 4740 2109 4796; x_wconf 89' lang='lat' dir='ltr'>pec-</span> 
     </span>
    </p>
   </div>
   <div class='ocr_carea' id='block_1_95' title="bbox 507 4805 2105 4882">
    <p class='ocr_par' dir='ltr' id='par_1_95' title="bbox 507 4805 2105 4882">
     <span class='ocr_line' id='line_1_95' title="bbox 507 4805 2105 4882; baseline -0.001 -15"><span class='ocrx_word' id='word_1_715' title='bbox 507 4808 727 4868; x_wconf 90' lang='lat' dir='ltr'>catoris.</span> <span class='ocrx_word' id='word_1_716' title='bbox 769 4807 818 4862; x_wconf 85' lang='lat' dir='ltr'><strong>A</strong></span> <span class='ocrx_word' id='word_1_717' title='bbox 861 4805 1107 4862; x_wconf 88' lang='lat' dir='ltr'>debitore</span> <span class='ocrx_word' id='word_1_718' title='bbox 1151 4807 1297 4862; x_wconf 90' lang='lat' dir='ltr'>enim</span> <span class='ocrx_word' id='word_1_719' title='bbox 1333 4808 1530 4880; x_wconf 87' lang='lat' dir='ltr'>pignus</span> <span class='ocrx_word' id='word_1_720' title='bbox 1575 4809 1866 4882; x_wconf 90' lang='lat' dir='ltr'>accipitur,</span> <span class='ocrx_word' id='word_1_721' title='bbox 1920 4828 2046 4868; x_wconf 91' lang='lat' dir='ltr'>cum</span> <span class='ocrx_word' id='word_1_722' title='bbox 2073 4826 2105 4866; x_wconf 89' lang='lat' dir='ltr'>a</span> 
     </span>
    </p>
   </div>
   <div class='ocr_carea' id='block_1_96' title="bbox 507 4893 2109 4972">
    <p class='ocr_par' dir='ltr' id='par_1_96' title="bbox 507 4893 2109 4972">
     <span class='ocr_line' id='line_1_96' title="bbox 507 4893 2109 4972; baseline 0.001 -18"><span class='ocrx_word' id='word_1_723' title='bbox 507 4904 790 4972; x_wconf 90' lang='lat' dir='ltr'>peccatore</span> <span class='ocrx_word' id='word_1_724' title='bbox 829 4893 943 4968; x_wconf 91' lang='lat' dir='ltr'>jam</span> <span class='ocrx_word' id='word_1_725' title='bbox 987 4897 1194 4966; x_wconf 89' lang='lat' dir='ltr'>peccati</span> <span class='ocrx_word' id='word_1_726' title='bbox 1236 4897 1511 4953; x_wconf 88' lang='lat' dir='ltr'>confessio</span> <span class='ocrx_word' id='word_1_727' title='bbox 1553 4906 1790 4955; x_wconf 89' lang='lat' dir='ltr'>tenetur.</span> <span class='ocrx_word' id='word_1_728' title='bbox 1848 4900 2109 4972; x_wconf 82' lang='lat' dir='ltr'>Superior</span> 
     </span>
    </p>
   </div>
   <div class='ocr_carea' id='block_1_97' title="bbox 507 4985 2108 5062">
    <p class='ocr_par' dir='ltr' id='par_1_97' title="bbox 507 4985 2108 5062">
     <span class='ocr_line' id='line_1_97' title="bbox 507 4985 2108 5062; baseline 0.001 -18"><span class='ocrx_word' id='word_1_729' title='bbox 507 4996 692 5044; x_wconf 90' lang='lat' dir='ltr'>autem</span> <span class='ocrx_word' id='word_1_730' title='bbox 749 4995 802 5042; x_wconf 93' lang='lat' dir='ltr'>et</span> <span class='ocrx_word' id='word_1_731' title='bbox 849 4985 1082 5041; x_wconf 86' lang='lat' dir='ltr'>inferior</span> <span class='ocrx_word' id='word_1_732' title='bbox 1132 4986 1280 5041; x_wconf 90' lang='lat' dir='ltr'>mola</span> <span class='ocrx_word' id='word_1_733' title='bbox 1337 4996 1418 5042; x_wconf 90' lang='lat' dir='ltr'>est</span> <span class='ocrx_word' id='word_1_734' title='bbox 1461 5003 1583 5058; x_wconf 90' lang='lat' dir='ltr'>spes</span> <span class='ocrx_word' id='word_1_735' title='bbox 1631 4995 1686 5042; x_wconf 89' lang='lat' dir='ltr'>et</span> <span class='ocrx_word' id='word_1_736' title='bbox 1731 4988 1918 5045; x_wconf 89' lang='lat' dir='ltr'>timor.</span> <span class='ocrx_word' id='word_1_737' title='bbox 1975 4990 2108 5062; x_wconf 90' lang='lat' dir='ltr'>Spes</span> 
     </span>
    </p>
   </div>
   <div class='ocr_carea' id='block_1_98' title="bbox 509 5079 2106 5156">
    <p class='ocr_par' dir='ltr' id='par_1_98' title="bbox 509 5079 2106 5156">
     <span class='ocr_line' id='line_1_98' title="bbox 509 5079 2106 5156; baseline 0.001 -17"><span class='ocrx_word' id='word_1_738' title='bbox 509 5084 711 5156; x_wconf 91' lang='lat' dir='ltr'>quippe</span> <span class='ocrx_word' id='word_1_739' title='bbox 751 5079 822 5136; x_wconf 90' lang='lat' dir='ltr'>ad</span> <span class='ocrx_word' id='word_1_740' title='bbox 862 5082 976 5136; x_wconf 90' lang='lat' dir='ltr'>alta</span> <span class='ocrx_word' id='word_1_741' title='bbox 1005 5079 1290 5149; x_wconf 85' lang='lat' dir='ltr'>subvehit,</span> <span class='ocrx_word' id='word_1_742' title='bbox 1321 5081 1490 5136; x_wconf 90' lang='lat' dir='ltr'>timor</span> <span class='ocrx_word' id='word_1_743' title='bbox 1524 5089 1708 5138; x_wconf 91' lang='lat' dir='ltr'>autem</span> <span class='ocrx_word' id='word_1_744' title='bbox 1750 5099 1844 5140; x_wconf 89' lang='lat' dir='ltr'>cor</span> <span class='ocrx_word' id='word_1_745' title='bbox 1873 5084 2106 5142; x_wconf 84' lang='lat' dir='ltr'>inferius</span> 
     </span>
    </p>
   </div>
   <div class='ocr_carea' id='block_1_99' title="bbox 509 5175 2106 5248">
    <p class='ocr_par' dir='ltr' id='par_1_99' title="bbox 509 5175 2106 5248">
     <span class='ocr_line' id='line_1_99' title="bbox 509 5175 2106 5248; baseline 0.004 -18"><span class='ocrx_word' id='word_1_746' title='bbox 509 5176 728 5248; x_wconf 90' lang='lat' dir='ltr'>premit.</span> <span class='ocrx_word' id='word_1_747' title='bbox 761 5175 868 5232; x_wconf 90' lang='lat' dir='ltr'>Sed</span> <span class='ocrx_word' id='word_1_748' title='bbox 897 5177 1044 5231; x_wconf 91' lang='lat' dir='ltr'>mola</span> <span class='ocrx_word' id='word_1_749' title='bbox 1071 5175 1322 5248; x_wconf 90' lang='lat' dir='ltr'>superior</span> <span class='ocrx_word' id='word_1_750' title='bbox 1350 5185 1401 5232; x_wconf 91' lang='lat' dir='ltr'>et</span> <span class='ocrx_word' id='word_1_751' title='bbox 1424 5176 1657 5233; x_wconf 86' lang='lat' dir='ltr'>inferior</span> <span class='ocrx_word' id='word_1_752' title='bbox 1684 5177 1761 5234; x_wconf 84' lang='lat' dir='ltr'>ita</span> <span class='ocrx_word' id='word_1_753' title='bbox 1789 5178 1894 5234; x_wconf 89' lang='lat' dir='ltr'>sibi</span> <span class='ocrx_word' id='word_1_754' title='bbox 1924 5195 2106 5236; x_wconf 89' lang='lat' dir='ltr'>neces-</span> 
     </span>
    </p>
   </div>
   <div class='ocr_carea' id='block_1_100' title="bbox 509 5264 2106 5336">
    <p class='ocr_par' dir='ltr' id='par_1_100' title="bbox 509 5264 2106 5336">
     <span class='ocr_line' id='line_1_100' title="bbox 509 5264 2106 5336; baseline 0.004 -17"><span class='ocrx_word' id='word_1_755' title='bbox 509 5265 654 5320; x_wconf 84' lang='lat' dir='ltr'>sario</span> <span class='ocrx_word' id='word_1_756' title='bbox 685 5266 706 5299; x_wconf 80' lang='grc'>⁸</span> <span class='ocrx_word' id='word_1_757' title='bbox 729 5264 1060 5336; x_wconf 84' lang='lat' dir='ltr'>junguntur,</span> <span class='ocrx_word' id='word_1_758' title='bbox 1091 5273 1154 5320; x_wconf 91' lang='lat' dir='ltr'>ut</span> <span class='ocrx_word' id='word_1_759' title='bbox 1193 5279 1302 5321; x_wconf 90' lang='lat' dir='ltr'>una</span> <span class='ocrx_word' id='word_1_760' title='bbox 1330 5265 1450 5322; x_wconf 88' lang='lat' dir='ltr'>sine</span> <span class='ocrx_word' id='word_1_761' title='bbox 1477 5266 1648 5322; x_wconf 89' lang='lat' dir='ltr'>altera</span> <span class='ocrx_word' id='word_1_762' title='bbox 1692 5267 1967 5324; x_wconf 87' lang='lat' dir='ltr'>inutiliter</span> <span class='ocrx_word' id='word_1_763' title='bbox 2013 5267 2106 5326; x_wconf 87' lang='lat' dir='ltr'>ha-</span> 
     </span>
    </p>
   </div>
   <div class='ocr_carea' id='block_1_101' title="bbox 509 5350 2108 5430">
    <p class='ocr_par' dir='ltr' id='par_1_101' title="bbox 509 5350 2108 5430">
     <span class='ocr_line' id='line_1_101' title="bbox 509 5350 2108 5430; baseline 0.005 -22"><span class='ocrx_word' id='word_1_764' title='bbox 509 5350 722 5408; x_wconf 89' lang='lat' dir='ltr'>beatur.</span> <span class='ocrx_word' id='word_1_765' title='bbox 752 5354 816 5408; x_wconf 91' lang='lat' dir='ltr'>In</span> <span class='ocrx_word' id='word_1_766' title='bbox 844 5355 1145 5426; x_wconf 89' lang='lat' dir='ltr'>peccatoris</span> <span class='ocrx_word' id='word_1_767' title='bbox 1173 5355 1359 5430; x_wconf 88' lang='lat' dir='ltr'>itaque</span> <span class='ocrx_word' id='word_1_768' title='bbox 1385 5366 1605 5430; x_wconf 89' lang='lat' dir='ltr'>pectore</span> <span class='ocrx_word' id='word_1_769' title='bbox 1635 5357 1972 5415; x_wconf 89' lang='lat' dir='ltr'>incessanter</span> <span class='ocrx_word' id='word_1_770' title='bbox 2001 5359 2108 5416; x_wconf 92' lang='lat' dir='ltr'>de-</span> 
     </span>
    </p>
   </div>
   <div class='ocr_carea' id='block_1_102' title="bbox 510 5437 2106 5520">
    <p class='ocr_par' dir='ltr' id='par_1_102' title="bbox 510 5437 2106 5520">
     <span class='ocr_line' id='line_1_102' title="bbox 510 5437 2106 5520; baseline 0.007 -26"><span class='ocrx_word' id='word_1_771' title='bbox 510 5437 604 5496; x_wconf 87' lang='lat' dir='ltr'>bet</span> <span class='ocrx_word' id='word_1_772' title='bbox 630 5457 754 5514; x_wconf 90' lang='lat' dir='ltr'>spes</span> <span class='ocrx_word' id='word_1_773' title='bbox 780 5448 835 5497; x_wconf 90' lang='lat' dir='ltr'>et</span> <span class='ocrx_word' id='word_1_774' title='bbox 866 5443 1108 5501; x_wconf 90' lang='lat' dir='ltr'>formido</span> <span class='ocrx_word' id='word_1_775' title='bbox 1143 5444 1427 5520; x_wconf 89' lang='lat' dir='ltr'>conjungi,</span> <span class='ocrx_word' id='word_1_776' title='bbox 1467 5446 1598 5520; x_wconf 88' lang='lat' dir='ltr'>quia</span> <span class='ocrx_word' id='word_1_777' title='bbox 1641 5447 1917 5506; x_wconf 86' lang='lat' dir='ltr'>incassum</span> <span class='ocrx_word' id='word_1_778' title='bbox 1945 5447 2106 5505; x_wconf 84' lang='lat' dir='ltr'>mise-</span> 
     </span>
    </p>
   </div>
   <div class='ocr_carea' id='block_1_103' title="bbox 585 5658 1234 5735">
    <p class='ocr_par' dir='ltr' id='par_1_103' title="bbox 585 5658 1234 5735">
     <span class='ocr_line' id='line_1_103' title="bbox 585 5658 1234 5735; baseline 0.012 -22"><span class='ocrx_word' id='word_1_779' title='bbox 585 5663 602 5735; x_wconf 60' lang='grc' dir='ltr'><strong>ξ</strong></span> <span class='ocrx_word' id='word_1_780' title='bbox 632 5658 908 5735; x_wconf 53' lang='lat' dir='ltr'>Dandum,</span> <span class='ocrx_word' id='word_1_781' title='bbox 938 5670 1234 5735; x_wconf 85' lang='lat' dir='ltr'>utrumque.</span> 
     </span>
    </p>
   </div>
   <div class='ocr_carea' id='block_1_104' title="bbox 585 5730 1372 5802">
    <p class='ocr_par' dir='ltr' id='par_1_104' title="bbox 585 5730 1372 5802">
     <span class='ocr_line' id='line_1_104' title="bbox 585 5730 1372 5802; baseline 0.013 -20"><span class='ocrx_word' id='word_1_782' title='bbox 585 5732 606 5764; x_wconf 81' lang='grc'><strong><em>²</em></strong></span> <span class='ocrx_word' id='word_1_783' title='bbox 637 5730 1016 5802; x_wconf 67' lang='grc' dir='ltr'>ῌὺτοίοθηδθε,</span> <span class='ocrx_word' id='word_1_784' title='bbox 1048 5730 1372 5793; x_wconf 65' lang='lat' dir='ltr'>terribiliter.</span> 
     </span>
    </p>
   </div>
   <div class='ocr_carea' id='block_1_105' title="bbox 585 5799 1691 5875">
    <p class='ocr_par' dir='ltr' id='par_1_105' title="bbox 585 5799 1691 5875">
     <span class='ocr_line' id='line_1_105' title="bbox 585 5799 1691 5875; baseline 0.013 -22"><span class='ocrx_word' id='word_1_785' title='bbox 585 5802 605 5832; x_wconf 73' lang='grc'>³</span> <span class='ocrx_word' id='word_1_786' title='bbox 627 5799 922 5871; x_wconf 84' lang='lat' dir='ltr'>Gussanv.,</span> <span class='ocrx_word' id='word_1_787' title='bbox 947 5799 1064 5874; x_wconf 66' lang='lat' dir='ltr'>qua:</span> <span class='ocrx_word' id='word_1_788' title='bbox 1089 5807 1334 5875; x_wconf 80' lang='lat' dir='ltr'>rapiendi</span> <span class='ocrx_word' id='word_1_789' title='bbox 1353 5816 1474 5864; x_wconf 78' lang='lat' dir='ltr'>sunt</span> <span class='ocrx_word' id='word_1_790' title='bbox 1501 5811 1691 5867; x_wconf 48' lang='lat' dir='ltr'>avidae</span> 
     </span>
    </p>
   </div>
   <div class='ocr_carea' id='block_1_106' title="bbox 2220 4647 3826 4719">
    <p class='ocr_par' dir='ltr' id='par_1_106' title="bbox 2220 4647 3826 4719">
     <span class='ocr_line' id='line_1_106' title="bbox 2220 4647 3826 4719; baseline 0.002 -17"><span class='ocrx_word' id='word_1_791' title='bbox 2220 4648 2623 4705; x_wconf 89' lang='lat' dir='ltr'>medicamento</span> <span class='ocrx_word' id='word_1_792' title='bbox 2655 4648 2996 4704; x_wconf 90' lang='lat' dir='ltr'>vulneratur.</span> <span class='ocrx_word' id='word_1_793' title='bbox 3021 4647 3166 4716; x_wconf 86' lang='lat' dir='ltr'>Quid</span> <span class='ocrx_word' id='word_1_794' title='bbox 3197 4656 3278 4704; x_wconf 91' lang='lat' dir='ltr'>est</span> <span class='ocrx_word' id='word_1_795' title='bbox 3307 4649 3456 4704; x_wconf 90' lang='lat' dir='ltr'>enim</span> <span class='ocrx_word' id='word_1_796' title='bbox 3485 4650 3686 4719; x_wconf 87' lang='lat' dir='ltr'>virtus,</span> <span class='ocrx_word' id='word_1_797' title='bbox 3717 4651 3826 4706; x_wconf 89' lang='lat' dir='ltr'>nisi</span> 
     </span>
    </p>
   </div>
   <div class='ocr_carea' id='block_1_107' title="bbox 2219 4737 3827 4810">
    <p class='ocr_par' dir='ltr' id='par_1_107' title="bbox 2219 4737 3827 4810">
     <span class='ocr_line' id='line_1_107' title="bbox 2219 4737 3827 4810; baseline 0.002 -18"><span class='ocrx_word' id='word_1_798' title='bbox 2219 4737 2683 4794; x_wconf 87' lang='lat' dir='ltr'>medicamentum</span> <span class='ocrx_word' id='word_1_799' title='bbox 2714 4738 2742 4794; x_wconf 82' lang='lat'><strong>?</strong></span> <span class='ocrx_word' id='word_1_800' title='bbox 2767 4745 2823 4793; x_wconf 92' lang='lat' dir='ltr'>et</span> <span class='ocrx_word' id='word_1_801' title='bbox 2855 4737 2992 4810; x_wconf 90' lang='lat' dir='ltr'>quid</span> <span class='ocrx_word' id='word_1_802' title='bbox 3020 4746 3103 4793; x_wconf 90' lang='lat' dir='ltr'>est</span> <span class='ocrx_word' id='word_1_803' title='bbox 3132 4737 3356 4806; x_wconf 86' lang='lat' dir='ltr'>vitium,</span> <span class='ocrx_word' id='word_1_804' title='bbox 3403 4737 3514 4794; x_wconf 91' lang='lat' dir='ltr'>nisi</span> <span class='ocrx_word' id='word_1_805' title='bbox 3562 4740 3770 4797; x_wconf 88' lang='lat' dir='ltr'>vulnus</span> <span class='ocrx_word' id='word_1_806' title='bbox 3799 4741 3827 4796; x_wconf 71' lang='grc' dir='ltr'>Ῡ</span> 
     </span>
    </p>
   </div>
   <div class='ocr_carea' id='block_1_108' title="bbox 2219 4827 3825 4900">
    <p class='ocr_par' dir='ltr' id='par_1_108' title="bbox 2219 4827 3825 4900">
     <span class='ocr_line' id='line_1_108' title="bbox 2219 4827 3825 4900; baseline 0.001 -18"><span class='ocrx_word' id='word_1_807' title='bbox 2219 4827 2356 4894; x_wconf 90' lang='lat' dir='ltr'>Quia</span> <span class='ocrx_word' id='word_1_808' title='bbox 2377 4845 2506 4900; x_wconf 87' lang='lat' dir='ltr'>ergo</span> <span class='ocrx_word' id='word_1_809' title='bbox 2526 4845 2626 4884; x_wconf 91' lang='lat' dir='ltr'>nos</span> <span class='ocrx_word' id='word_1_810' title='bbox 2645 4827 2712 4884; x_wconf 90' lang='lat' dir='ltr'>de</span> <span class='ocrx_word' id='word_1_811' title='bbox 2733 4827 3137 4884; x_wconf 89' lang='lat' dir='ltr'>medicamento</span> <span class='ocrx_word' id='word_1_812' title='bbox 3164 4828 3369 4883; x_wconf 88' lang='lat' dir='ltr'>vulnus</span> <span class='ocrx_word' id='word_1_813' title='bbox 3397 4827 3658 4897; x_wconf 89' lang='lat' dir='ltr'>facimus,</span> <span class='ocrx_word' id='word_1_814' title='bbox 3692 4830 3825 4886; x_wconf 88' lang='lat' dir='ltr'>facit</span> 
     </span>
    </p>
   </div>
   <div class='ocr_carea' id='block_1_109' title="bbox 2215 4916 3826 4990">
    <p class='ocr_par' dir='ltr' id='par_1_109' title="bbox 2215 4916 3826 4990">
     <span class='ocr_line' id='line_1_109' title="bbox 2215 4916 3826 4990; baseline 0.001 -18"><span class='ocrx_word' id='word_1_815' title='bbox 2215 4916 2311 4972; x_wconf 89' lang='lat' dir='ltr'>ille</span> <span class='ocrx_word' id='word_1_816' title='bbox 2339 4916 2406 4972; x_wconf 93' lang='lat' dir='ltr'>de</span> <span class='ocrx_word' id='word_1_817' title='bbox 2436 4919 2666 4974; x_wconf 91' lang='lat' dir='ltr'>vulnere</span> <span class='ocrx_word' id='word_1_818' title='bbox 2689 4918 3176 4984; x_wconf 88' lang='lat' dir='ltr'>medicamentum,</span> <span class='ocrx_word' id='word_1_819' title='bbox 3199 4923 3262 4972; x_wconf 88' lang='lat' dir='ltr'>ut</span> <span class='ocrx_word' id='word_1_820' title='bbox 3281 4917 3377 4990; x_wconf 90' lang='lat' dir='ltr'>qui</span> <span class='ocrx_word' id='word_1_821' title='bbox 3397 4917 3606 4973; x_wconf 85' lang='lat' dir='ltr'>virtute</span> <span class='ocrx_word' id='word_1_822' title='bbox 3636 4935 3826 4990; x_wconf 87' lang='lat' dir='ltr'>percu-</span> 
     </span>
    </p>
   </div>
   <div class='ocr_carea' id='block_1_110' title="bbox 2216 5006 3825 5078">
    <p class='ocr_par' dir='ltr' id='par_1_110' title="bbox 2216 5006 3825 5078">
     <span class='ocr_line' id='line_1_110' title="bbox 2216 5006 3825 5078; baseline 0.002 -18"><span class='ocrx_word' id='word_1_823' title='bbox 2216 5006 2406 5075; x_wconf 91' lang='lat' dir='ltr'>timur,</span> <span class='ocrx_word' id='word_1_824' title='bbox 2441 5007 2579 5064; x_wconf 93' lang='lat' dir='ltr'>vitio</span> <span class='ocrx_word' id='word_1_825' title='bbox 2611 5024 2888 5064; x_wconf 89' lang='lat' dir='ltr'>curemur.</span> <span class='ocrx_word' id='word_1_826' title='bbox 2935 5009 3046 5064; x_wconf 92' lang='lat' dir='ltr'>Nos</span> <span class='ocrx_word' id='word_1_827' title='bbox 3087 5022 3326 5078; x_wconf 91' lang='lat' dir='ltr'>namque</span> <span class='ocrx_word' id='word_1_828' title='bbox 3365 5006 3646 5063; x_wconf 83' lang='lat' dir='ltr'>virtutum</span> <span class='ocrx_word' id='word_1_829' title='bbox 3683 5008 3825 5064; x_wconf 85' lang='lat' dir='ltr'>dona</span> 
     </span>
    </p>
   </div>
   <div class='ocr_carea' id='block_1_111' title="bbox 2215 5097 3824 5170">
    <p class='ocr_par' dir='ltr' id='par_1_111' title="bbox 2215 5097 3824 5170">
     <span class='ocr_line' id='line_1_111' title="bbox 2215 5097 3824 5170; baseline 0.001 -18"><span class='ocrx_word' id='word_1_830' title='bbox 2215 5104 2600 5170; x_wconf 88' lang='lat' dir='ltr'>retorquemus</span> <span class='ocrx_word' id='word_1_831' title='bbox 2628 5099 2684 5153; x_wconf 93' lang='lat' dir='ltr'>in</span> <span class='ocrx_word' id='word_1_832' title='bbox 2713 5114 2875 5154; x_wconf 88' lang='lat' dir='ltr'>usum</span> <span class='ocrx_word' id='word_1_833' title='bbox 2896 5097 3186 5165; x_wconf 90' lang='lat' dir='ltr'>vitiorum,</span> <span class='ocrx_word' id='word_1_834' title='bbox 3218 5097 3314 5153; x_wconf 92' lang='lat' dir='ltr'>ille</span> <span class='ocrx_word' id='word_1_835' title='bbox 3343 5097 3617 5153; x_wconf 88' lang='lat' dir='ltr'>vitiorum</span> <span class='ocrx_word' id='word_1_836' title='bbox 3647 5098 3824 5154; x_wconf 86' lang='lat' dir='ltr'>illece-</span> 
     </span>
    </p>
   </div>
   <div class='ocr_carea' id='block_1_112' title="bbox 2213 5186 3820 5256">
    <p class='ocr_par' dir='ltr' id='par_1_112' title="bbox 2213 5186 3820 5256">
     <span class='ocr_line' id='line_1_112' title="bbox 2213 5186 3820 5256; baseline -0.001 -13"><span class='ocrx_word' id='word_1_837' title='bbox 2213 5186 2340 5243; x_wconf 88' lang='lat' dir='ltr'>bras</span> <span class='ocrx_word' id='word_1_838' title='bbox 2369 5187 2602 5242; x_wconf 89' lang='lat' dir='ltr'>assumit</span> <span class='ocrx_word' id='word_1_839' title='bbox 2629 5187 2688 5242; x_wconf 92' lang='lat' dir='ltr'>in</span> <span class='ocrx_word' id='word_1_840' title='bbox 2736 5195 2908 5244; x_wconf 89' lang='lat' dir='ltr'>artem</span> <span class='ocrx_word' id='word_1_841' title='bbox 2958 5188 3254 5256; x_wconf 87' lang='lat' dir='ltr'>virtutum,</span> <span class='ocrx_word' id='word_1_842' title='bbox 3294 5196 3350 5242; x_wconf 91' lang='lat' dir='ltr'>et</span> <span class='ocrx_word' id='word_1_843' title='bbox 3393 5186 3590 5243; x_wconf 88' lang='lat' dir='ltr'>salutis</span> <span class='ocrx_word' id='word_1_844' title='bbox 3620 5195 3820 5244; x_wconf 88' lang='lat' dir='ltr'>statum</span> 
     </span>
    </p>
   </div>
   <div class='ocr_carea' id='block_1_113' title="bbox 2214 5276 3823 5350">
    <p class='ocr_par' dir='ltr' id='par_1_113' title="bbox 2214 5276 3823 5350">
     <span class='ocr_line' id='line_1_113' title="bbox 2214 5276 3823 5350; baseline -0.001 -18"><span class='ocrx_word' id='word_1_845' title='bbox 2214 5276 2461 5348; x_wconf 78' lang='lat' dir='ltr'>percutit</span> <span class='ocrx_word' id='word_1_846' title='bbox 2481 5284 2542 5332; x_wconf 90' lang='lat' dir='ltr'>ut</span> <span class='ocrx_word' id='word_1_847' title='bbox 2571 5284 2771 5345; x_wconf 84' lang='lat' dir='ltr'>servet,</span> <span class='ocrx_word' id='word_1_848' title='bbox 2805 5283 2868 5332; x_wconf 91' lang='lat' dir='ltr'>ut</span> <span class='ocrx_word' id='word_1_849' title='bbox 2897 5277 2992 5350; x_wconf 88' lang='lat' dir='ltr'>qui</span> <span class='ocrx_word' id='word_1_850' title='bbox 3021 5276 3397 5332; x_wconf 90' lang='lat' dir='ltr'>humilitatem</span> <span class='ocrx_word' id='word_1_851' title='bbox 3427 5285 3716 5332; x_wconf 90' lang='lat' dir='ltr'>currentes</span> <span class='ocrx_word' id='word_1_852' title='bbox 3743 5277 3823 5331; x_wconf 86' lang='lat' dir='ltr'>fu-</span> 
     </span>
    </p>
   </div>
   <div class='ocr_carea' id='block_1_114' title="bbox 2217 5365 3825 5438">
    <p class='ocr_par' dir='ltr' id='par_1_114' title="bbox 2217 5365 3825 5438">
     <span class='ocr_line' id='line_1_114' title="bbox 2217 5365 3825 5438; baseline -0.001 -17"><span class='ocrx_word' id='word_1_853' title='bbox 2217 5365 2418 5438; x_wconf 89' lang='lat' dir='ltr'>gimus,</span> <span class='ocrx_word' id='word_1_854' title='bbox 2449 5366 2502 5422; x_wconf 91' lang='lat' dir='ltr'>ei</span> <span class='ocrx_word' id='word_1_855' title='bbox 2538 5367 2734 5422; x_wconf 89' lang='lat' dir='ltr'>saltem</span> <span class='ocrx_word' id='word_1_856' title='bbox 2757 5365 3013 5424; x_wconf 88' lang='lat' dir='ltr'>cadentes</span> <span class='ocrx_word' id='word_1_857' title='bbox 3034 5366 3363 5424; x_wconf 69' lang='lat' dir='ltr'>haereamus.</span> <span class='ocrx_word' id='word_1_858' title='bbox 3393 5365 3501 5423; x_wconf 91' lang='lat' dir='ltr'>Sed</span> <span class='ocrx_word' id='word_1_859' title='bbox 3531 5367 3683 5422; x_wconf 90' lang='lat' dir='ltr'>inter</span> <span class='ocrx_word' id='word_1_860' title='bbox 3711 5366 3825 5421; x_wconf 76' lang='lat' dir='ltr'>[nec</span> 
     </span>
    </p>
   </div>
   <div class='ocr_carea' id='block_1_115' title="bbox 2215 5452 3824 5536">
    <p class='ocr_par' dir='ltr' id='par_1_115' title="bbox 2215 5452 3824 5536">
     <span class='ocr_line' id='line_1_115' title="bbox 2215 5452 3824 5536; baseline 0 -26"><span class='ocrx_word' id='word_1_861' title='bbox 2215 5452 2503 5536; x_wconf 82' lang='lat' dir='ltr'>8ciendum</span> <span class='ocrx_word' id='word_1_862' title='bbox 2521 5460 2605 5511; x_wconf 92' lang='lat' dir='ltr'>est</span> <span class='ocrx_word' id='word_1_863' title='bbox 2629 5455 2777 5528; x_wconf 90' lang='lat' dir='ltr'>quod</span> <span class='ocrx_word' id='word_1_864' title='bbox 2801 5455 3050 5531; x_wconf 90' lang='lat' dir='ltr'>plerique</span> <span class='ocrx_word' id='word_1_865' title='bbox 3069 5455 3386 5526; x_wconf 90' lang='lat' dir='ltr'>hominum,</span> <span class='ocrx_word' id='word_1_866' title='bbox 3409 5471 3523 5530; x_wconf 89' lang='lat' dir='ltr'>quo</span> <span class='ocrx_word' id='word_1_867' title='bbox 3545 5456 3604 5512; x_wconf 93' lang='lat' dir='ltr'>in</span> <span class='ocrx_word' id='word_1_868' title='bbox 3636 5455 3824 5512; x_wconf 87' lang='lat' dir='ltr'>multis</span> 
     </span>
    </p>
   </div>
   <div class='ocr_carea' id='block_1_116' title="bbox 2289 5673 2992 5746">
    <p class='ocr_par' dir='ltr' id='par_1_116' title="bbox 2289 5673 2992 5746">
     <span class='ocr_line' id='line_1_116' title="bbox 2289 5673 2992 5746; baseline 0.006 -15"><span class='ocrx_word' id='word_1_869' title='bbox 2289 5673 2310 5711; x_wconf 71' lang='lat'><strong>‘</strong></span> <span class='ocrx_word' id='word_1_870' title='bbox 2339 5673 2510 5732; x_wconf 91' lang='lat' dir='ltr'>Laud.</span> <span class='ocrx_word' id='word_1_871' title='bbox 2544 5683 2600 5731; x_wconf 91' lang='lat' dir='ltr'>et</span> <span class='ocrx_word' id='word_1_872' title='bbox 2623 5677 2721 5746; x_wconf 89' lang='lat' dir='ltr'>al.,</span> <span class='ocrx_word' id='word_1_873' title='bbox 2751 5674 2992 5736; x_wconf 74' lang='lat' dir='ltr'>debitori.</span> 
     </span>
    </p>
   </div>
   <div class='ocr_carea' id='block_1_117' title="bbox 2289 5743 3752 5826">
    <p class='ocr_par' dir='ltr' id='par_1_117' title="bbox 2289 5743 3752 5826">
     <span class='ocr_line' id='line_1_117' title="bbox 2289 5743 3752 5826; baseline 0.005 -23"><span class='ocrx_word' id='word_1_874' title='bbox 2289 5745 2310 5826; x_wconf 61' lang='grc' dir='ltr'><strong>ξ</strong></span> <span class='ocrx_word' id='word_1_875' title='bbox 2338 5747 2577 5826; x_wconf 61' lang='grc' dir='ltr'>βεξωβῐ.ζ</span> <span class='ocrx_word' id='word_1_876' title='bbox 2606 5743 2716 5805; x_wconf 82' lang='lat' dir='ltr'>duo</span> <span class='ocrx_word' id='word_1_877' title='bbox 2741 5750 2951 5820; x_wconf 91' lang='lat' dir='ltr'>Germ.,</span> <span class='ocrx_word' id='word_1_878' title='bbox 2981 5752 3211 5826; x_wconf 66' lang='lat' dir='ltr'>Iuram,</span> <span class='ocrx_word' id='word_1_879' title='bbox 3240 5743 3442 5822; x_wconf 84' lang='lat' dir='ltr'>Laud.,</span> <span class='ocrx_word' id='word_1_880' title='bbox 3473 5748 3752 5826; x_wconf 73' lang='lat' dir='ltr'>jungitur.</span> 
     </span>
    </p>
   </div>
   <div class='ocr_carea' id='block_1_118' title="bbox 2289 5819 3080 5888">
    <p class='ocr_par' dir='ltr' id='par_1_118' title="bbox 2289 5819 3080 5888">
     <span class='ocr_line' id='line_1_118' title="bbox 2289 5819 3080 5888; baseline 0.01 -15"><span class='ocrx_word' id='word_1_881' title='bbox 2289 5820 2310 5854; x_wconf 81' lang='grc'>⁶</span> <span class='ocrx_word' id='word_1_882' title='bbox 2338 5819 2534 5888; x_wconf 88' lang='lat' dir='ltr'>Laud.,</span> <span class='ocrx_word' id='word_1_883' title='bbox 2561 5821 2860 5883; x_wconf 57' lang='lat' dir='ltr'>tuatua...</span> <span class='ocrx_word' id='word_1_884' title='bbox 2896 5819 3080 5881; x_wconf 81' lang='lat' dir='ltr'>trahit.</span> 
     </span>
    </p>
   </div>
  </div>
