3936 6378
183 404 297 464 689

976 409 1352 470 MORALIUM
1388 412 1522 470 LIB.
1564 414 1825 475 XXXIII.
1869 448 1940 463 —
1976 419 2050 479 IN
2089 419 2319 481 CAPUT
2359 424 2457 483 XL
2490 427 2553 484 B.
2595 428 2738 487 JOB.

3406 438 3512 498 690

182 538 484 640 corruunt,
528 534 735 640 arctius
778 533 1056 640 ligantur,
1107 553 1343 640 cumque
1372 557 1465 598 eos
1492 541 1798 640 Behemoth
1830 546 1882 607 Α
1913 563 2077 640 quem
2105 548 2409 607 Leviathan
2440 552 2543 609 iste
2585 555 2978 629 multiplicavit
3017 576 3223 634 preces,
3258 581 3384 622 cum
3416 583 3513 640 per

184 620 295 678 iste
324 638 395 678 ex
425 639 538 679 uno
568 624 709 682 vitio
736 625 973 698 percutit
1001 634 1063 684 ut
1091 629 1407 699 concidant,
1431 648 1499 688 ex
1526 634 1637 690 alio
1666 651 1799 707 quo-

184 727 299 785 que
341 712 523 785 illigat
562 730 631 770 ne
676 725 981 787 resurgant.
1030 717 1354 776 Consideret
1400 721 1588 795 itaque
1628 723 1798 781 homo

184 818 321 858 cum
353 819 463 875 quo
494 804 509 837 ¹
547 802 706 861 hoste
729 804 942 862 bellum
973 815 1153 879 gerat;
1206 817 1260 866 et
1287 811 1332 866 si
1357 808 1472 881 jam
1507 830 1565 869 se
1596 812 1656 869 in
1686 814 1799 869 ali-

186 906 304 962 quo
333 891 636 966 deliquisse
667 896 976 967 perpendit,
1007 899 1200 955 saltem
1227 899 1295 957 ad
1315 902 1533 973 culpam
1554 904 1799 974 pertrahi

185 998 262 1038 ex
294 982 459 1054 culpa
488 984 862 1054 pertimescat,
889 993 952 1041 ut
989 988 1234 1045 studiose
1269 991 1518 1047 vitentur
1546 993 1795 1060 vulnera,

185 1071 403 1146 quibus
450 1072 772 1147 frequenter
816 1074 1097 1145 interﬁcit,
1133 1079 1262 1151 quia
1290 1079 1449 1135 valde
1478 1098 1661 1137 rarum
1694 1089 1796 1149 est,

187 1161 346 1235 quod
371 1161 549 1220 hostis
576 1172 763 1221 noster
781 1165 1082 1223 electorum
1101 1169 1264 1225 saluti
1287 1169 1451 1226 etiam
1478 1170 1800 1228 vulneribus

186 1250 384 1308 servit.

264 1341 356 1399 26.
420 1344 659 1400 Tentatio
713 1347 1006 1417 aliquando
1053 1350 1368 1406 meritorum
1421 1358 1496 1408 est
1539 1352 1794 1408 custodia.

185 1433 459 1491 Diabolus
490 1436 735 1490 tentando
765 1443 971 1491 sanctos
999 1439 1070 1493 ad
1110 1456 1330 1511 regnum
1361 1448 1537 1497 servat
1580 1441 1794 1499 invitus.

186 1523 506 1580 —Maxilla
533 1532 717 1581 tamen
746 1525 1051 1585 Behemoth
1084 1528 1245 1587 istius
1271 1530 1544 1603 perforata
1563 1531 1799 1604 intelligi

187 1620 245 1668 et
275 1612 439 1670 aliter
467 1621 666 1686 potest,
711 1621 776 1670 ut
812 1616 872 1671 in
915 1634 1008 1673 ore
1052 1627 1235 1675 tenere
1276 1619 1492 1676 dicatur
1521 1637 1632 1677 non
1662 1638 1800 1695 quos

181 1700 306 1775 jam
362 1703 603 1775 perfecte
647 1713 868 1776 peccato
897 1705 1226 1780 implicavit,
1273 1708 1370 1765 sed
1426 1726 1563 1783 quos
1618 1710 1801 1767 adhuc

188 1793 404 1864 peccati
435 1793 888 1864 persuasionibus
931 1802 1127 1864 tentat,
1171 1806 1440 1870 quatenus
1470 1800 1521 1855 ei
1552 1800 1801 1873 quemli-

1909 638 2186 695 subditam
2234 640 2338 697 sibi
2384 642 2653 714 legionem
2693 643 2875 701 dixit:
2921 647 2980 704 Si
3022 649 3167 719 ejicis
3212 670 3329 722 nos,
3368 638 3513 711 mitte

1908 748 2003 786 nos
2041 732 2099 786 in
2135 749 2337 803 gregem
2376 752 2663 806 porcorum
2696 738 2909 809 (Matth.
2940 756 3064 808 VIII,
3096 741 3208 815 31).
3248 745 3512 813 Quamvis

1910 820 2145 893 intelligi
2178 833 2355 895 potest
2383 827 2403 860 ³
2434 827 2697 898 apertius,
2744 830 2874 902 quia
2898 829 2967 885 ad
2994 833 3295 890 Dominum
3327 854 3513 909 preces

1912 912 2269 984 multiplicat,
2294 932 2419 971 cum
2448 918 2686 974 extremi
2717 919 2807 975 die
2829 919 3029 992 judicii
3060 922 3239 996 iniqui
3271 926 3366 1000 qui
3396 928 3513 1000 ejus

1911 1017 2108 1073 corpus
2160 1011 2290 1059 sunt
2320 1006 2422 1061 sibi
2457 1008 2607 1079 parci
2659 1008 3042 1082 deprecantur,
3095 1030 3221 1070 cum
3269 1018 3515 1075 membra

1911 1092 2052 1165 ejus,
2087 1094 2348 1152 videlicet
2378 1099 2616 1170 reprobi,
2649 1117 2770 1156 sero
2790 1102 3090 1161 clamantes
3119 1105 3313 1163 dicunt
3348 1127 3359 1163 :
3395 1110 3517 1165 Do-

1909 1184 2067 1252 mine,
2098 1185 2340 1253 Domine,
2388 1189 2540 1260 aperi
2586 1190 2734 1245 nobis
2777 1192 2936 1261 (Luc.
2978 1210 3100 1263 xm,
3138 1196 3254 1270 25).
3305 1198 3516 1266 Quibus

1912 1277 2164 1348 protinus
2200 1278 2408 1335 dicitur
2440 1299 2451 1337 :
2498 1281 2680 1338 Nescio
2707 1301 2797 1339 vos
2832 1286 2968 1341 unde
2993 1287 3129 1344 sitis.
3168 1288 3322 1347 Tunc
3350 1291 3514 1347 etiam

1910 1366 2152 1423 Domino
2193 1384 2289 1440 per
2319 1371 2566 1427 membra
2616 1389 2714 1428 sua
2753 1374 2944 1430 mollia
2974 1376 3248 1449 loquetur,
3294 1380 3516 1452 quando
3559 1410 3582 1434 ο

1912 1456 2074 1511 multi
2105 1473 2174 1512 ex
2201 1458 2319 1531 ejus
2339 1477 2566 1532 corpore
2592 1462 2793 1520 dicturi
2817 1473 2943 1521 sunt
2969 1485 2981 1522 :
3006 1467 3248 1535 Domine,
3271 1468 3513 1539 Domine,

1912 1563 2081 1602 nonne
2110 1549 2163 1603 in
2195 1551 2402 1605 nomine
2433 1557 2519 1606 tuo
2542 1554 2996 1625 prophetavimus,
3034 1562 3081 1611 et
3105 1557 3161 1611 in
3190 1558 3399 1612 nomine
3430 1564 3515 1614 tuo

1912 1637 2171 1693 daemonia
2217 1640 2479 1710 ejecimus,
2529 1648 2579 1696 et
2604 1643 2661 1697 in
2690 1646 2898 1699 nomine
2940 1651 3027 1701 tuo
3057 1646 3276 1702 virtutes
3317 1648 3514 1702 multas

1852 1759 1863 1769 -
1911 1727 2130 1798 fecimus
2155 1730 2375 1799 (Matth.
2400 1748 2502 1800 vn,
2526 1732 2616 1804 22)
2637 1734 2664 1789 ‘I
2691 1734 2880 1790 Mollia
2909 1736 3133 1809 quidem
3164 1736 3517 1810 deprecantes

1914 1816 2285 1885 dicunt,’cum
2316 1819 2435 1891 ejus
2477 1822 2703 1876 nomine
2734 1822 2757 1857 ‘
2786 1823 3054 1894 replicant
3096 1841 3216 1897 qua:
3245 1825 3515 1894 fecerunt,

186 1880 287 1980 Ρξθῑ
307 1880 566 1980 Πξδοίξθτθ
596 1881 759 1980 δίῑβξθ
781 1886 989 1980 Ρθοοᾶξί
1021 1886 1538 1980 θαωίάἓῖθῦῐᾶῐίρηθ
1568 1896 1796 1946 ῐθηῑᾶτθ-
1832 1910 1879 1971 Β
1912 1905 2006 1961 sed
2033 1880 2176 1962 duro
2215 1880 2379 1965 corde
2410 1909 2507 1965 illa
2536 1927 2661 1967 cum
2700 1880 2962 1980 facerent,
3008 1912 3066 1968 in
3096 1880 3249 1969 suam
3282 1880 3515 1971 laudern

188 1970 566 2028 Mandendum
598 1971 844 2045 quidem,
874 1975 966 2031 sed
989 1992 1100 2032 non
1130 1978 1550 2050 deglutiendum
1580 1995 1797 2052 accepe-

191 2066 282 2116 rat
309 2061 568 2131 Paulum,
587 2062 807 2136 quando
836 2064 997 2121 illum
1029 2075 1151 2139 post
1169 2075 1250 2124 tot
1278 2069 1679 2126 revelationum
1711 2088 1799 2127 su-

187 2149 391 2209 blimia
421 2152 663 2210 stimulis
682 2154 864 2212 carnis
887 2157 1128 2229 agitabat
1160 2158 1248 2231 (ΙΙ
1264 2160 1387 2216 Cor.
1415 2177 1519 2230 χιι,
1542 2161 1621 2234 7).
1645 2160 1802 2220 Tunc

188 2258 322 2316 ergo
345 2259 473 2299 cum
493 2251 687 2300 contra
707 2244 868 2302 illum
900 2246 1181 2305 licentiam
1214 2250 1536 2307 tentationis
1566 2250 1798 2324 accepit,

192 2332 255 2388 in
287 2332 518 2389 maxilla
547 2349 672 2390 eum
700 2337 899 2406 tenuit,
928 2337 1023 2395 sed
1051 2339 1347 2412 perforata.
1381 2339 1488 2407 Qui
1516 2356 1648 2396 vero
1678 2340 1801 2396 ela-

188 2431 284 2480 tus
313 2423 492 2496 perire
534 2433 768 2497 poterat,
800 2436 1040 2485 tentatus
1070 2436 1151 2485 est
1183 2446 1253 2486 ne
1282 2431 1503 2502 periret.
1546 2432 1800 2489 Tentatio

186 2532 321 2589 ergo
351 2517 447 2573 illa
475 2533 586 2573 non
618 2535 819 2591 vorago
848 2520 1136 2590 vitiorum,
1168 2521 1262 2578 sed
1288 2522 1539 2579 custodia
1564 2525 1800 2580 merito—

188 2622 317 2661 rum
350 2606 478 2675 fuit,
510 2607 640 2680 quia
666 2609 973 2666 Leviathan
999 2612 1100 2668 iste
1124 2611 1407 2684 fatigando
1437 2628 1562 2668 eum
1584 2613 1642 2668 in
1665 2611 1799 2668 affli-

187 2696 376 2753 ctione
406 2696 695 2763 contrivit,
726 2697 821 2754 sed
855 2715 967 2754 non
998 2699 1056 2755 in
1089 2700 1250 2773 culpa
1279 2699 1546 2771 capiendo
1575 2701 1799 2758 devora-

192 2783 296 2841 vit.
331 2786 526 2841 Elatos
554 2794 737 2842 autem
767 2787 826 2842 in
854 2789 1143 2845 sanctitate
1174 2789 1322 2845 viros
1359 2806 1471 2845 non
1502 2791 1800 2858 amitteret,

187 2875 296 2932 nisi
332 2882 589 2930 tentaret.
641 2875 827 2933 Sancti
858 2876 1059 2949 quippe
1084 2893 1196 2933 non
1227 2885 1428 2946 essent,
1461 2878 1555 2950 qui
1585 2878 1651 2935 de
1681 2894 1799 2936 san-

187 2963 401 3019 ctitatis
431 2964 603 3036 gloria
627 2965 995 3036 superbirent,
1024 2973 1078 3022 et
1106 2974 1260 3023 tanto
1290 2966 1393 3023 sub
1422 2965 1538 3038 ejus
1563 2966 1687 3038 jure
1705 2984 1801 3035 ca-

188 3054 407 3118 derent,
441 3061 647 3127 quanto
689 3072 744 3110 se
774 3056 831 3111 in
867 3056 982 3112 suis
1023 3056 1327 3113 virtutibus
1356 3058 1659 3114 elevarent.
1693 3056 1803 3115 Sed

188 3144 337 3199 miro
366 3140 793 3216 dispensationis
814 3144 1008 3201 ordine
1033 3145 1166 3201 dum
1193 3154 1481 3203 tentantur
1504 3146 1801 3202 humilian-

188 3242 305 3300 tur,
337 3231 471 3288 dum
489 3231 858 3289 humiliantur
886 3232 1003 3305 ejus
1035 3250 1153 3291 esse
1174 3234 1291 3306 jam
1322 3235 1605 3291 desinunt.
1648 3236 1792 3291 Bene

189 3338 323 3393 ergo
344 3322 573 3378 maxilla
596 3321 902 3378 Behemoth
922 3323 1083 3379 istius
1107 3324 1382 3396 perforata
1408 3324 1636 3394 dicitur,
1664 3327 1795 3398 quia

190 3411 398 3468 electos
425 3411 525 3467 Dei
555 3411 700 3467 unde
729 3413 987 3478 conterit,
1018 3412 1147 3470 inde
1181 3413 1417 3481 amittit;
1448 3412 1594 3469 unde
1621 3422 1796 3471 tentat

187 3508 253 3557 ut
276 3500 486 3574 perdat,
506 3500 619 3572 agit
648 3499 774 3557 inde
804 3518 871 3557 ne
900 3508 1142 3575 pereant.
1174 3503 1457 3576 Antiquus
1487 3502 1671 3576 itaque
1700 3504 1798 3561 ho-

189 3592 316 3660 stis,
347 3591 579 3647 occultis
608 3590 706 3647 Dei
737 3586 1244 3664 dispensationibus
1271 3593 1537 3660 serviens,
1570 3601 1799 3650 sancto-

192 3698 315 3738 rum
347 3683 559 3738 animas
587 3683 651 3739 ad
686 3684 973 3739 interitum
1021 3690 1197 3738 tentat
1227 3684 1441 3751 volens,
1486 3682 1582 3739 sed
1609 3683 1681 3739 ad
1719 3700 1800 3740 re-

193 3789 362 3845 gnum
389 3774 651 3831 tentando
680 3782 861 3830 servat
884 3774 1113 3830 invitus.
1145 3774 1372 3831 Maxilla
1387 3790 1515 3846 ergo
1536 3774 1655 3846 ejus
1684 3791 1801 3847 per-

192 3859 372 3917 forata
396 3869 497 3930 est,
530 3862 659 3935 quia
690 3879 781 3919 eos
814 3879 952 3935 quos
981 3862 1264 3931 tentande,
1295 3861 1353 3918 id
1380 3872 1462 3919 est
1490 3862 1804 3919 mandendo

193 3954 453 4022 conterit,
484 3954 639 4026 quasi
669 3971 795 4010 cum
826 3954 1060 4025 deglutit
1086 3954 1311 4011 amittit.
1345 3953 1503 4022 Quod
1534 3954 1665 4028 quia
1693 3971 1805 4011 non

195 4040 441 4097 humana
486 4042 581 4099 sed
629 4042 822 4099 divina
856 4042 1206 4114 providentia
1234 4042 1435 4115 agitur,
1481 4050 1543 4098 ut
1574 4043 1804 4100 utilitati

190 4130 469 4204 justorum
503 4132 621 4204 ipsa
654 4132 858 4188 vetusti
888 4132 1188 4187 adversarii
1217 4132 1423 4188 astutia
1453 4133 1804 4205 suffragetur,

197 4230 471 4294 quatenus
517 4238 639 4279 cum
692 4222 893 4277 electos
936 4228 1130 4290 tentat,
1184 4238 1277 4277 eos
1320 4221 1494 4293 magis
1540 4221 1808 4278 tentando

194 4311 499 4381 custodiat,
530 4310 668 4368 bene
697 4311 1009 4368 adbeatum
1039 4310 1141 4367 Joh
1170 4309 1378 4367 dicitur
1403 4328 1413 4365 :
1449 4311 1560 4366 Aut
1586 4312 1810 4368 armilla

189 4401 502 4475 perforabis
530 4403 814 4457 maxillam
844 4400 998 4471 ejus?
1030 4399 1305 4457 Subaudis
1334 4406 1397 4456 ut
1417 4416 1536 4471 ego,
1560 4402 1655 4474 qui
1687 4418 1807 4473 pro-

198 4491 331 4547 vide
363 4499 564 4548 cuucta
592 4490 909 4562 disponens,
950 4490 1152 4546 electos
1182 4506 1333 4545 meos
1370 4489 1500 4545 inde
1529 4491 1810 4549 robustius

1907 2004 2231 2067 rapuerunt.
2292 1996 2447 2054 Unde
2502 2016 2636 2056 mox
2691 2000 2927 2057 audiunt
2960 2001 2999 2057 ε’
3032 2002 3215 2060 Nescio
3257 2002 3351 2076 qui
3396 2003 3518 2059 estis

1906 2086 2105 2159 (Ibid.,
2137 2086 2252 2159 23).
2287 2089 2547 2162 Sequitur
2581 2107 2593 2146 :

2304 2178 2532 2236 CAPUT
2556 2180 2691 2239 XIV
2732 2181 2877 2257 [Rec.
2910 2182 3099 2257 XIII].

1980 2268 2152 2325 Vsus.
2184 2269 2272 2327 23.
2296 2299 2367 2311 —
2386 2271 2644 2341 Nunquid
2662 2271 2817 2342 feriet
2846 2280 3008 2329 tecum
3022 2281 3235 2346 pactum
3252 2277 3280 2332 ?
3310 2275 3515 2333 Subau-

1910 2358 1997 2416 dis
2024 2367 2087 2415 ut
2116 2375 2364 2415 mecum:
2398 2362 2473 2416 Et
2498 2361 2719 2434 accipies
2743 2380 2861 2418 eum
2887 2380 3097 2419 servum
3122 2366 3513 2437 sempiternum.

1982 2451 2068 2506 28.
2115 2451 2333 2507 Sanctos
2379 2456 2581 2506 tentans
2623 2468 2805 2506 eorum
2842 2454 3069 2508 utilitati
3109 2456 3292 2520 servit,
3329 2471 3392 2510 ac
3417 2455 3519 2511 Dei

1909 2542 2192 2597 voluntati.
2225 2572 2296 2584 —
2325 2540 2600 2599 Subaudis
2650 2549 2713 2598 ut
2760 2557 2878 2613 ego.
2934 2542 3040 2599 Sed
3088 2542 3248 2599 valde
3288 2545 3517 2600 solerter

1910 2631 2243 2689 intuendum
2266 2640 2344 2689 est
2372 2633 2521 2706 quod
2548 2640 2766 2706 pactum
2796 2650 2922 2691 cum
2951 2634 3190 2691 Domino
3209 2633 3514 2691 Leviathan

1910 2725 2016 2780 iste
2056 2724 2240 2794 feriat,
2286 2734 2349 2781 ut
2393 2726 2764 2798 sempiternus
2793 2724 2861 2781 ab
2898 2741 2963 2781 eo
3003 2741 3197 2782 servus
3226 2723 3511 2782 habeatur.

1910 2815 1972 2869 In
1988 2820 2147 2884 pacto
2160 2813 2778 2881 enim,discordantium
2793 2816 3037 2887 partium
3054 2815 3311 2871 voluntas
3323 2815 3515 2886 imple-

1909 2908 2021 2969 tur,
2053 2910 2117 2957 ut
2144 2902 2213 2957 ad
2243 2910 2432 2958 votum
2463 2920 2624 2959 suum
2656 2920 2887 2977 quaeque
2916 2904 3221 2976 perveniat,
3254 2911 3308 2960 et
3331 2902 3516 2976 jurgia

1912 2988 2225 3047 desiderato
2271 2991 2380 3047 ﬁne
2410 2992 2723 3048 concludat.
2757 2992 3037 3063 Antiquus
3066 2992 3251 3064 itaque
3281 2992 3456 3048 hostis
3484 3009 3516 3048 a

1911 3082 2225 3139 sinceritate
2256 3081 2464 3137 divinae
2494 3080 2824 3141 innocentiae
2854 3080 3080 3136 malitiae
3108 3097 3220 3136 suae
3248 3080 3367 3136 face
3395 3096 3513 3137 suc-

1911 3192 2107 3233 census
2126 3172 2427 3241 discordat,
2447 3172 2541 3228 sed
2557 3173 2625 3229 ab
2646 3170 2765 3243 ejus
2782 3170 2995 3243 judicio
3014 3171 3181 3227 etiam
3197 3169 3513 3227 discordan-

1826 3273 1870 3334 C
1906 3270 1979 3327 do
2009 3283 2119 3323 non
2147 3264 2448 3335 discrepat;
2478 3279 2606 3318 nam
2640 3263 2790 3317 viros
2813 3260 2992 3332 justos
3012 3276 3226 3332 semper
3247 3260 3516 3315 malevole

1906 3367 2118 3417 tentare
2139 3353 2466 3427 appetit,sed
2488 3359 2670 3408 tamen
2688 3350 2795 3406 hoc
2813 3348 3085 3405 Dominus
3096 3349 3184 3404 vel
3206 3348 3513 3404 misericor-

1906 3449 2052 3505 diter
2068 3445 2207 3513 ﬁeri,
2220 3444 2310 3499 vel
2319 3442 2466 3515 juste
2479 3439 2769 3513 permittit.
2785 3440 2913 3496 Haec
2926 3438 3042 3510 ipsa
3053 3453 3182 3509 ergo
3193 3436 3517 3493 tentationis

1909 3539 2134 3596 licentia
2153 3545 2374 3610 pactum
2396 3543 2647 3602 vocatur,
2663 3535 2720 3589 in
2740 3549 2849 3606 qua
2872 3542 2927 3589 et
2947 3531 3283 3589 desiderium
3300 3533 3321 3567 ⁵
3344 3537 3515 3586 tenta-

1909 3628 2049 3685 toris
2059 3627 2260 3699 agitur,
2278 3633 2332 3681 et
2342 3632 2525 3680 tamen
2540 3640 2635 3695 per
2646 3639 2765 3678 eam
2779 3622 2925 3686 miro
2939 3621 3105 3677 modo
3118 3621 3376 3676 voluntas
3380 3617 3401 3690 j
3409 3618 3519 3675 usti

1911 3714 2310 3789 dispensatoris
2331 3713 2611 3785 impletur.
2626 3710 2975 3768 Erudiendos
2993 3708 3165 3777 enim,
3181 3709 3326 3764 sicut
3344 3724 3521 3778 nuper

1914 3806 2188 3872 diximus,
2216 3806 2420 3861 electos
2447 3820 2575 3859 suos
2593 3802 2866 3858 Dominus
2894 3815 3037 3871 saepe
3057 3798 3317 3855 tentatori
3347 3796 3518 3868 subji-

1914 3897 2013 3964 cit,
2047 3895 2194 3952 sicut
2220 3899 2346 3965 post
2373 3890 2613 3963 paradisi
2643 3890 2903 3957 claustra,
2945 3896 3069 3960 post
3095 3886 3245 3942 tertii
3275 3884 3401 3942 caeli
3431 3901 3519 3941 se-

1913 3993 2083 4052 creta,
2136 3999 2205 4038 ne
2236 3980 2638 4036 revelationum
2667 3976 3049 4049 magnitudine
3078 3974 3283 4031 Paulus
3325 3972 3519 4029 extolli

1917 4074 2209 4147 potuisset,
2242 4070 2293 4126 ei
2328 4069 2540 4125 Satanae
2569 4067 2796 4138 angelus
2823 4065 2985 4121 datus
3013 4070 3094 4120 est
3130 4064 3227 4133 (ΙΙ
3255 4062 3379 4119 Cor.
3412 4078 3516 4130 x11,

1918 4164 1997 4234 7).
2031 4159 2157 4228 Sed,
2181 4166 2244 4214 ut
2264 4156 2477 4230 praefati
2499 4171 2712 4220 sumus,
2735 4154 2852 4226 ipsa
2879 4153 2985 4210 hac
3010 4152 3313 4209 tentatione
3337 4150 3518 4223 dispo-

1917 4250 2090 4317 nitur,
2121 4257 2184 4305 ut
2213 4246 2310 4320 qui
2339 4245 2468 4302 elati
2494 4245 2672 4317 perire
2693 4251 2964 4316 poterant,
2988 4242 3270 4300 humiliati
3292 4259 3323 4298 a
3343 4241 3519 4315 perdi-

1919 4340 2071 4396 tione
2101 4343 2410 4394 serventur.
2442 4335 2662 4391 Secreto
2691 4350 2819 4405 ergo
2848 4332 3276 4405 dispensationis
3305 4332 3519 4400 ordine,

1920 4429 2068 4486 unde
2100 4425 2294 4484 saevire
2335 4423 2674 4498 permittitur
2703 4422 2971 4494 iniquitas
2999 4420 3227 4489 diaboli,
3276 4420 3406 4477 inde
3433 4420 3523 4492 pie

1922 4517 2207 4591 perﬁcitur
2234 4515 2546 4586 benignitas
2565 4513 2687 4569 Dei.
2718 4513 2791 4569 Et
2808 4511 2947 4567 bene
2967 4527 3036 4566 ex
3062 4510 3170 4567 hoc
3198 4519 3356 4582 pacto
3376 4508 3524 4583 quod

198 4583 259 4681 in.
290 4582 607 4688 ίῗίθείξίίίξῖθ
642 4579 916 4688 (ξυξθῖῖἀίξλ
948 4579 1096 4688 ξωέο
1128 4596 1219 4635 eos
1249 4595 1345 4688 pe:
1376 4579 1659 4688 mium-am
1678 4581 1805 4688 Pe“
1837 4629 1886 4688 ι)
1922 4579 2049 4664 cum
2069 4606 2308 4663 Domino
2330 4579 2494 4660 ferire
2513 4603 2736 4670 dicitur,
2761 4617 2954 4658 servus
2968 4601 3147 4673 accipi
3181 4600 3523 4672 perhibetur,

200 4670 435 4728 viathan
466 4671 625 4726 istius
657 4669 970 4725 labefactari
992 4667 1178 4741 aliquo
1200 4666 1365 4725 modo
1394 4667 1462 4724 ab
1492 4668 1805 4743 integritate

200 4761 485 4835 permitto.
525 4760 786 4832 Sequitur
819 4775 829 4813 :

432 4876 659 4933 CAPUT
691 4877 820 4933 x111
862 4873 1000 4948 [Vet.
1030 4876 1243 4942 XVIII,
1273 4877 1394 4933 Rea.
1427 4875 1586 4942 xm.

277 4966 448 5023 Vsus.
476 4966 563 5023 22.
595 4998 667 5008 —
695 4965 950 5037 Nunquid
992 4965 1377 5037 multiplicabit
1418 4966 1489 5020 ad
1530 4972 1575 5020 te
1612 4981 1812 5036 preces,

202 5062 302 5113 aut
333 5056 576 5125 loquetur
606 5056 699 5110 tibi
730 5055 913 5110 mollia
935 5057 962 5111 Ῡ

291 5148 486 5207 1093
529 5143 616 5201 27.
662 5146 890 5201 Satanas
933 5144 1039 5198 sive
1061 5160 1165 5215 per
1192 5159 1265 5208 se,
1298 5142 1406 5197 sive
1444 5160 1544 5215 per
1581 5142 1818 5196 membra

204 5258 328 5309 sua,
350 5241 607 5295 nimirum
626 5240 895 5310 reprobos,
926 5240 1135 5295 Christo
1146 5254 1324 5310 preces
1341 5235 1818 5293 adhibuit—Sub-

206 5330 370 5388 audis
397 5337 459 5386 ut
484 5330 647 5386 mihi.
682 5330 738 5385 Si
769 5330 919 5384 enim
946 5329 1012 5385 ad
1038 5344 1325 5400 personam
1347 5327 1477 5383 Filii
1506 5326 1625 5383 haec
1652 5326 1821 5382 verba

207 5420 545 5488 referantur,
578 5419 863 5476 incarnato
884 5418 933 5474 ei
958 5418 1148 5474 mollia
1171 5416 1498 5490 loquebatur
1524 5432 1650 5472 cum
1677 5414 1820 5470 dice-

208 5519 338 5568 ret:
372 5513 396 5547 ²
426 5510 544 5567 Scio
587 5509 717 5581 quia
760 5508 833 5563 sis
880 5513 1092 5563 sanctus
1137 5507 1237 5563 Dei
1282 5507 1433 5579 (Luc.
1467 5523 1546 5575 1v,
1579 5504 1694 5577 34).
1735 5503 1822 5561 Ad

286 5697 302 5731 ί
336 5695 459 5775 Duo
494 5692 704 5759 Germ.,
756 5688 955 5757 Laud.,
1007 5688 1218 5746 Gemet.
1268 5704 1331 5747 ac
1359 5688 1435 5763 pl.
1468 5690 1684 5757 Norm.,
1714 5686 1825 5743 ad-

215 5782 513 5917 ἶεζείῗιῖἆ.
537 5842 592 5891 et
619 5835 838 5917 Germ.,.
858 5835 965 5893 scio
989 5835 1085 5907 qui
1111 5850 1183 5891 es.
1201 5834 1326 5893 Val.
1350 5832 1459 5898 CL,
1489 5832 1595 5889 scio
1615 5830 1733 5904 quis
1752 5847 1823 5888 εει

219 5909 394 5971 Corb.
428 5909 640 5977 Germ.,
671 5909 765 5980 qui
792 5909 884 5964 sis.

1930 4698 2061 4771 quia
2082 4697 2211 4753 inde
2240 4697 2581 4768 obtemperat
2609 4693 2838 4748 nutibus
2867 4707 3116 4763 supernae
3142 4690 3347 4761 gratiae,
3379 4690 3527 4746 unde

1925 4795 2144 4845 exercet
2164 4787 2302 4842 iram
2323 4784 2675 4858 nequissimae
2694 4781 3000 4837 voluntatis
3019 4796 3150 4835 suae.
3181 4775 3203 4849 [
3217 4778 3320 4837 νει.
3346 4778 3479 4833 XIX
3482 4777 3524 4852 .]

1926 4879 2134 4934 Servus
2161 4892 2290 4947 ergo
2319 4891 2389 4930 ex
2420 4881 2577 4946 pacto
2606 4880 2706 4940 est,
2730 4870 2826 4942 qui
2854 4869 2985 4925 dum
3009 4868 3348 4924 voluntatem
3370 4882 3526 4922 suam

1924 4968 2156 5039 implere
2177 4964 2539 5037 permittitur,
2564 4980 2594 5019 a
2610 4960 2832 5033 superni
2852 4957 3071 5022 consilii
3094 4956 3376 5011 voluntate
3397 4953 3527 5026 liga-

1924 5064 2044 5123 tur,
2074 5064 2137 5110 ut
2165 5055 2370 5110 electos
2396 5051 2520 5122 Dei,
2554 5050 2698 5106 sicut
2725 5049 2936 5104 dictum
2966 5054 3070 5110 est,
3114 5044 3307 5099 volens
3331 5049 3526 5112 tentet,

1929 5152 1985 5201 et
2013 5141 2280 5199 tentando
2303 5141 2553 5197 nesciens
2581 5138 2793 5211 probet.

1997 5234 2086 5290 29.
2138 5232 2503 5304 Reproborum
2553 5245 2710 5301 paena
2763 5227 2865 5284 Dei
2916 5226 3296 5294 electorumque
3346 5221 3535 5294 gloria:

1929 5324 2254 5396 famulatur.
2272 5352 2343 5363 —
2362 5321 2468 5377 Sed
2498 5318 2627 5391 quia
2648 5316 2844 5373 tandiu
2867 5317 2926 5372 in
2956 5314 3059 5371 hac
3088 5314 3204 5370 vita
3230 5314 3532 5371 electorum

1929 5415 2127 5471 usibus
2154 5411 2344 5479 servit,
2368 5408 2615 5484 quandiu
2638 5406 2861 5464 malitiae
2883 5423 2996 5463 sua:
3023 5404 3330 5478 nequitiam
3358 5410 3534 5460 tenta-

1937 5504 2111 5561 tionis
2134 5517 2389 5559 exercere
2431 5499 2694 5573 potuerit,
2742 5497 2850 5555 hoc
2876 5503 3061 5554 autem
3090 5494 3150 5552 in
3191 5494 3314 5553 loco
3340 5511 3373 5551 a
3414 5495 3538 5551 Do-

2007 5683 2029 5718 ³
2058 5682 2228 5749 Pler.,
2257 5678 2456 5751 aptius.

2009 5755 2031 5789 ⁸
2061 5745 2474 5828 Ebroicfaltgr,
2503 5745 2892 5828 multiplicant:

2010 5828 2031 5864 ³
2062 5825 2260 5885 Pratel.
2294 5831 2347 5881 et
2375 5823 2584 5889 Germ.,
2618 5823 2936 5877 tentationis.
