3936 6382
433 407 538 466 691

1653 409 1902 468 SANCTI
1938 409 2278 470 GREGORII
2316 411 2543 471 MAGNI

432 536 586 594 mino
614 552 726 593 non
755 537 936 592 solum
965 552 1035 592 ex
1064 547 1222 610 pacto
1252 555 1446 596 servus
1463 582 1478 608 ,
1531 539 1628 596 sed
1671 539 2043 612 sempiternus
2069 548 2120 607 Α
2150 543 2207 597 in
2224 541 2329 599 hoc
2351 542 2498 615 quod
2519 543 2708 615 inique
2726 542 2839 615 agit
2865 541 2933 598 ad
2959 542 3256 599 utilitatem
3283 551 3530 601 nostram
3560 543 3768 603 divina

431 642 621 684 servus
654 624 830 698 accipi
857 625 1082 695 dicitur,
1113 628 1450 701 investigare
1479 628 1870 700 compellimur
1898 644 2032 701 quo-

431 715 596 772 modo
625 722 679 771 et
707 722 830 786 post
857 715 1139 787 praesentis
1168 717 1297 774 vitae
1329 719 1626 774 terminum
1658 720 1866 776 servire
1903 736 2031 776 eum

432 804 491 862 in
521 813 845 878 perpetuum
885 806 1124 861 Domino
1159 805 1618 864 demonstremus.
1665 809 1851 881 Neque
1882 811 2033 864 enim

431 901 566 952 tunc
586 894 766 966 jnstos
795 894 1002 951 caelesti
1032 895 1292 951 felicitate
1314 897 1581 967 pollentes
1609 897 1793 955 adhuc
1821 906 2035 955 tentare

433 981 792 1057 permittitur,
813 997 940 1038 cum
962 990 1087 1038 ante
1107 1000 1297 1038 eorum
1318 983 1508 1038 oculos
1527 984 1746 1039 aeternis
1769 985 2034 1055 gehennm

435 1072 658 1146 ignibus
689 1071 1054 1142 mancipatur,
1085 1072 1216 1144 quia
1244 1089 1589 1146 nequaquam
1626 1079 1822 1136 1094
1849 1075 1907 1128 in
1939 1074 2036 1129 illa

435 1187 670 1244 superna
696 1171 873 1243 patria
901 1170 1300 1227 tentationibus
1332 1171 1621 1227 erudiendi
1654 1181 1807 1240 sunt,
1841 1172 1898 1227 in
1930 1160 2042 1245 qua

429 1260 546 1333 jam
575 1277 674 1334 pro
705 1260 1068 1316 tentationum
1099 1259 1383 1316 laboribus
1430 1270 1877 1318 remunerantur.
1929 1262 2034 1318 Sed

403 1358 571 1424 .tunc
593 1349 896 1406 Leviathan
919 1349 1020 1405 iste
1040 1366 1165 1406 cum
1195 1367 1294 1405 suo
1323 1367 1572 1422 corpore,
1607 1351 1856 1422 reprobis
1885 1349 2037 1405 vide-

437 1440 565 1497 licet
592 1439 872 1507 omnibus,
918 1438 1154 1494 ﬂammis
1201 1439 1492 1496 ultricibus
1531 1440 1791 1508 traditur,
1842 1440 2042 1512 quibus

437 1530 556 1586 sine
577 1530 684 1586 ﬁne
709 1530 1006 1586 crucietur.
1031 1530 1177 1598 Quos
1202 1529 1412 1585 scilicet
1440 1529 1716 1586 cruciatus
1745 1528 1878 1584 dum
1903 1527 2044 1600 justi

437 1621 807 1693 conspiciunt,
843 1619 901 1676 in
930 1620 1028 1676 Dei
1063 1619 1317 1675 laudibus
1345 1627 1621 1686 crescunt,
1655 1619 1785 1692 quia
1813 1627 1868 1674 et
1899 1619 1956 1674 in
1987 1634 2046 1675 se

438 1717 672 1768 cernunt
698 1710 908 1766 bonum
939 1726 1048 1782 quo
1077 1708 1411 1764 remunerati
1441 1717 1594 1776 sunt,
1621 1716 1674 1765 et
1704 1710 1762 1764 in
1794 1708 1907 1764 illis
1936 1707 2045 1764 ins-

439 1799 656 1872 piciunt
685 1801 702 1834 ί
734 1797 1072 1870 supplicium
1105 1797 1252 1870 quod
1282 1805 1594 1853 evaserunt.
1625 1800 1706 1854 Ita
1734 1799 1883 1854 enim
1912 1805 2048 1854 tunc

2142 633 2348 689 virtute
2378 634 2710 706 possidetur,
2731 632 3044 705 jumentum
3065 641 3176 701 est;
3208 633 3338 707 quia
3356 651 3491 692 vero
3522 636 3769 692 latenter

2144 723 2382 789 mordet,
2417 739 2642 795 serpens
2673 731 2791 790 est;
2829 723 2958 796 quia
2999 732 3183 780 autem
3229 740 3634 799 nonnunquam
3666 742 3770 798 per

2143 811 2474 867 indomitam
2491 811 2806 884 superbiam
2823 828 2878 869 se
2893 813 3060 869 etiam
3078 813 3219 869 lucis
3235 815 3492 886 angelum
3505 814 3766 882 simulat,

2143 902 2264 958 avis
2291 911 2394 958 est.
2431 903 2746 958 Humanum
2777 903 2978 958 etenim
3011 919 3180 974 genus
3219 905 3475 977 quamvis
3507 905 3768 978 inexpli-

2144 991 2308 1046 cabili
2359 991 2677 1064 iniquitatis
2723 999 2840 1048 arte
2879 993 3127 1061 lacessat,
3166 993 3346 1049 tribus
3376 1000 3562 1050 tamen
3604 993 3771 1052 vitiis

2146 1079 2304 1135 valde
2334 1087 2532 1146 tentat,
2579 1088 2642 1136 ut
2689 1081 2952 1136 videlicet
2992 1081 3135 1137 alios
3165 1081 3268 1137 sibi
3318 1097 3416 1154 per
3447 1082 3768 1148 luxuriam,

2146 1169 2284 1225 alios
2314 1187 2409 1242 per
2436 1171 2726 1238 malitiam,
2759 1171 2896 1226 alios
2925 1187 3021 1244 per
3049 1171 3358 1243 superbiam
3393 1171 3618 1229 subdat.

2224 1259 2310 1314 30.
2346 1261 2638 1315 Secundum
2668 1261 2847 1315 varias
2879 1262 3002 1316 illas
3029 1260 3256 1330 formas,
3279 1261 3427 1316 varie
3449 1268 3632 1318 leniat.
3669 1264 3770 1318 Sa-

2151 1353 2286 1403 lana:
2319 1365 2486 1404 escam
2515 1349 2744 1404 ostendit
2776 1349 3045 1415 Christus,
3082 1351 3326 1420 laqueum
3367 1351 3664 1408 abscondit.
3696 1382 3774 1394 —

2150 1437 2270 1492 Non
2301 1454 2427 1510 ergo
2458 1438 2738 1494 immerito
2764 1439 2822 1494 in
2852 1455 2916 1494 eo
2947 1437 3094 1511 quod
3123 1455 3279 1510 agere
3309 1439 3512 1496 nititur
3541 1457 3613 1496 ex
3644 1442 3772 1513 ipso

2152 1545 2375 1584 suarum
2405 1529 2685 1585 actionum
2717 1530 2940 1585 nomine
2970 1537 3219 1598 vocatur,
3269 1547 3396 1586 cum
3419 1529 3772 1602 jumentum,

2153 1618 2339 1685 draco,
2367 1618 2454 1674 vel
2487 1619 2606 1674 avis
2634 1619 2858 1675 dicitur.
2895 1619 2958 1674 In
2987 1619 3064 1675 eis
3085 1619 3286 1692 quippe
3314 1637 3454 1695 quos
3482 1621 3550 1676 ad
3584 1620 3774 1677 stulti-

2154 1708 2287 1764 tiam
2321 1709 2557 1765 luxuriae
2587 1709 2818 1777 excitat,
2836 1709 3150 1782 jumentum
3184 1717 3302 1776 est;
3337 1711 3393 1765 in
3422 1712 3502 1766 eis
3532 1728 3672 1784 quos
3701 1712 3775 1768 ad

2155 1798 2392 1854 nocendi
2416 1799 2689 1854 malitiam
2711 1799 3039 1868 inﬂammat,
3063 1799 3228 1856 draco
3247 1807 3360 1868 est;
3396 1800 3453 1856 in
3481 1801 3564 1858 eis
3583 1811 3774 1859 autem

441 1889 673 1962 pulchra
691 1889 798 1944 erit
816 1888 1310 1956 universitas,dnm
1330 1897 1384 1946 et
1405 1888 1650 1960 gehenna
1662 1888 1809 1960 juste
1829 1889 2042 1946 cruciat
2076 1919 2122 1980 Β
2157 1905 2295 1961 quos
2323 1887 2380 1944 in
2411 1888 2617 1945 fastum
2648 1890 2916 1962 superbire
2947 1889 3104 1964 quasi
3125 1891 3235 1946 alta
3258 1890 3535 1964 sapientes
3565 1893 3773 1962 elevat,

443 1977 664 2050 impios,
697 1985 752 2033 et
775 1983 978 2032 aeterna
1007 1977 1242 2032 felicitas
1265 1976 1414 2049 juste
1443 1988 1759 2035 remunerat
1787 1979 1927 2052 pios.
1967 1979 2050 2034 Si-

443 2075 536 2125 cut
565 2067 712 2122 enim
744 2066 900 2139 niger
927 2066 1078 2122 color
1098 2065 1154 2121 in
1187 2066 1401 2138 pictura
1429 2066 1822 2136 substernitur,
1856 2075 1917 2124 ut
1944 2085 2050 2125 su-

443 2156 716 2230 perjectus
745 2155 903 2212 albus
931 2157 1020 2212 vel
1049 2155 1252 2212 rubens
1281 2156 1567 2228 pulchrior
1595 2157 1938 2227 ostendatur,
1973 2159 2051 2214 ita

444 2257 580 2306 tunc
597 2247 764 2304 etiam
787 2247 960 2304 malos
980 2246 1118 2304 bene
1137 2246 1402 2304 ordinans
1421 2250 1590 2318 Deus,
1612 2248 1865 2306 feliciora
1893 2249 2049 2306 exhi-

445 2337 538 2394 bet
577 2337 776 2410 gaudia
821 2337 1128 2406 beatorum,
1180 2339 1414 2394 ostensis
1455 2346 1580 2394 ante
1623 2355 1814 2394 eorum
1862 2339 2050 2395 oculos

447 2427 734 2500 suppliciis
768 2425 1149 2500 reproborum.
1180 2427 1253 2485 Et
1282 2429 1535 2500 quamvis
1565 2427 1705 2484 illud
1735 2445 1806 2484 ex
1836 2427 2052 2483 visione

447 2517 728 2574 dominica
747 2533 938 2574 eorum
961 2515 1218 2588 gaudium
1243 2533 1354 2573 non
1375 2517 1447 2574 sit
1471 2519 1492 2552 ³
1519 2517 1666 2591 quod
1687 2525 1913 2585 crescat,
1937 2532 2050 2572 ma-

447 2607 530 2680 gis
568 2613 753 2664 tamen
795 2605 1007 2663 auctori
1053 2623 1152 2663 suo
1199 2622 1314 2663 esse
1361 2623 1417 2664 se
1463 2607 1738 2664 debitores
1782 2607 2050 2675 sentiunt,

449 2695 670 2770 quando
689 2703 743 2752 et
764 2695 972 2753 bonum
998 2704 1233 2753 cernunt
1253 2697 1400 2770 quod
1410 2697 1557 2770 juste
1580 2697 1914 2753 remunerati
1936 2711 2051 2768 per-

449 2784 688 2858 cipiunt,
717 2791 772 2841 et
807 2785 1015 2840 malum
1046 2784 1194 2858 quod
1224 2785 1658 2842 misericorditer
1686 2786 1862 2858 adjuti
1894 2786 2057 2842 vice-

451 2882 602 2931 runt.
640 2873 786 2947 [Rea
818 2873 993 2948 XIV.]
1038 2875 1214 2946 Igitur
1241 2875 1288 2931 si
1318 2877 1550 2932 utilitati
1572 2875 1850 2947 jnstorum
1879 2885 1933 2933 et
1961 2876 2056 2934 hic

452 2964 684 3021 tentatio
712 2964 1016 3021 Leviathan
1043 2963 1226 3032 istius,
1266 2974 1320 3022 et
1350 2965 1467 3022 illic
1495 2966 1780 3022 damnatio
1809 2966 2052 3039 proiicit,

451 3055 820 3128 sempiternus
864 3071 1057 3112 servus
1103 3063 1184 3112 est
1213 3054 1346 3112 dum
1390 3055 1490 3135 Dei
1521 3055 1780 3112 laudibus
1807 3057 2056 3114 nesciens

452 3143 643 3212 servit,
691 3151 746 3200 et
775 3145 893 3202 illic
927 3161 1089 3218 paena
1117 3143 1237 3217 ejus
1259 3142 1431 3218 justa,
1461 3152 1515 3200 et
1545 3144 1638 3202 hic
1668 3147 1928 3202 voluntas
1957 3147 2056 3202 in-

447 3231 617 3306 juste.
649 3233 912 3306 Sequitur
943 3251 956 3290 :

881 3345 1110 3403 CAPUT
1137 3346 1244 3403 xv
1283 3345 1422 3419 [νει.
1455 3345 1606 3419 XX].

527 3436 700 3493 Vnus.
731 3435 819 3492 24.
851 3465 922 3477 -
948 3437 1206 3506 Nunquid
1235 3436 1425 3492 illudes
1453 3437 1499 3492 ei
1527 3437 1683 3508 quasi
1709 3440 1798 3494 avi
1819 3441 1847 3496 9

528 3525 618 3582 30.
657 3525 916 3582 Diabolus
960 3526 1165 3583 animal
1213 3529 1517 3601 quadrupes
1553 3547 1654 3601 per
1691 3531 1914 3586 actionis
1949 3531 2062 3586 im-

458 3615 667 3670 munda!
691 3613 1024 3684 fatuitatem;
1057 3615 1223 3671 draco
1246 3635 1347 3688 per
1373 3620 1591 3675 nocendi
1619 3620 1920 3686 malitiam;
1947 3622 2064 3677 avis

453 3720 553 3776 per
579 3703 874 3760 elationem.
906 3735 978 3746 —
1005 3703 1151 3772 Quid
1192 3713 1273 3762 est
1302 3707 1449 3779 quod
1484 3707 1834 3764 adversarius
1875 3717 2063 3766 noster

459 3793 613 3866 prius
633 3794 962 3863 Bebemoth,
969 3797 1317 3868 postmodum
1338 3799 1643 3856 Leviathan
1664 3800 1892 3870 dicitur,
1913 3818 2064 3860 nunc

462 3901 592 3941 vero
620 3885 710 3941 avi
752 3883 812 3941 in
850 3885 1178 3958 perditionis
1216 3904 1329 3944 suae
1372 3889 1631 3946 illusione
1668 3891 2064 3962 comparatur?

459 3973 786 4042 Behemoth,
811 3975 1036 4048 quippe,
1057 3983 1120 4032 ut
1141 3975 1410 4048 diximus,
1435 3979 1620 4036 bellua
1648 3981 2061 4053 interpretatur,

459 4080 581 4137 quae
611 4063 926 4138 quadrupes
945 4065 1280 4136 ostenditur,
1301 4067 1434 4125 dum
1455 4069 1600 4126 sicut
1623 4069 1724 4126 bos
1748 4069 1939 4126 fenum
1969 4087 2063 4127 co-

461 4153 678 4210 medere
702 4153 1044 4226 perhibetur.
1067 4156 1375 4213 Leviathan
1398 4174 1550 4226 vero,
1583 4159 1712 4232 quia
1732 4159 1899 4215 hamo
1919 4157 2066 4231 capi-

461 4249 574 4310 tur,
596 4242 982 4314 proculdubio
999 4261 1222 4316 serpens
1242 4244 1299 4300 in
1322 4247 1480 4319 aquis
1500 4246 1884 4303 innotescitur.
1905 4248 2067 4304 Nunc

462 4347 600 4386 vero
641 4329 712 4386 ad
749 4331 870 4386 avis
907 4332 1337 4390 similitudinem
1371 4333 1616 4403 ducitur,
1651 4351 1776 4392 cum
1807 4335 2016 4393 dicitur
2047 4355 2060 4394 :

461 4420 719 4491 Nunquid
749 4419 941 4476 illudes
969 4421 1018 4475 ei
1043 4423 1200 4492 quasi
1240 4423 1371 4480 avi?
1417 4422 1529 4480 Cur
1567 4439 1695 4496 ergo
1724 4424 1928 4494 bellua,
1976 4427 2064 4482 vel

457 4508 796 4582 jumentum,
810 4525 910 4567 cur
924 4509 1108 4588 draco,
1125 4527 1225 4568 cur
1243 4513 1362 4569 avis
1382 4513 1703 4586 appelletur,
1721 4515 2062 4588 indagemus.

465 4599 643 4658 Citius
671 4600 819 4655 enim
849 4600 1078 4656 nomina
1105 4600 1224 4674 ejus
1254 4603 1620 4676 agnoscimus,
1652 4605 1698 4661 si
1727 4605 2065 4678 tergiversa-

463 4689 636 4746 tionis
667 4689 820 4746 illius
847 4689 1103 4747 astutiam
1136 4692 1415 4750 subtiliter
1438 4694 1806 4766 exploremus.
1824 4698 1902 4752 De
1931 4697 2070 4752 coelo

463 4778 664 4853 quippe
692 4778 762 4836 ad
792 4787 992 4836 terram
1022 4783 1195 4852 venit,
1223 4790 1276 4838 et
1306 4783 1373 4840 ad
1402 4801 1551 4856 spem
1576 4785 1882 4840 caelestium
1913 4786 2067 4842 nulla

457 4870 572 4945 jam
601 4873 962 4945 respiratione
991 4890 1047 4930 se
1075 4875 1259 4947 erigit.
1291 4875 1612 4930 Irrationale
1641 4891 1768 4947 ergo
1793 4877 1814 4910 ³
1837 4884 1891 4932 et
1919 4893 2063 4948 qua—

463 4965 666 5038 drupes
693 4966 897 5023 animal
918 4974 999 5022 est
1019 4983 1117 5040 per
1135 4966 1370 5023 actionis
1399 4965 1699 5022 immundae
1728 4965 2060 5036 fatuitatem,

461 5053 628 5113 draco
656 5073 752 5129 per
779 5056 1019 5114 nocendi
1053 5055 1346 5126 malitiam,
1373 5055 1491 5112 avis
1519 5071 1615 5128 per
1642 5055 1864 5112 subtilis
1891 5067 2064 5114 natu-

465 5161 538 5202 rae
557 5145 859 5204 levitatem.
891 5147 1032 5214 Quia
1061 5147 1209 5204 enim
1241 5145 1346 5202 hoc
1375 5145 1522 5220 quod
1541 5153 1734 5202 contra
1759 5163 1816 5203 se
1846 5149 1958 5220 agit
1986 5147 2063 5220 ig-

465 5242 645 5304 norat,
676 5235 842 5294 bruto
880 5253 1046 5295 sensu
1076 5236 1262 5294 bellua
1293 5244 1406 5304 est;
1438 5236 1568 5309 quia
1597 5236 1869 5292 malitiose
1903 5237 2062 5293 nobis

467 5338 662 5382 nocere
689 5326 917 5398 appetit,
945 5326 1110 5382 draco
1139 5331 1250 5392 est;
1295 5324 1427 5399 quia
1455 5341 1588 5381 vero
1615 5325 1683 5380 de
1715 5332 1922 5382 natura;
1951 5342 2063 5383 suae

466 5413 769 5471 subtilitate
790 5415 1022 5488 superbe
1041 5416 1348 5485 extollitur,
1373 5417 1491 5473 avis
1512 5422 1612 5473 est.
1641 5416 1902 5487 Rursum,
1933 5415 2062 5490 quia

542 5615 559 5685 t
589 5613 762 5685 Laud.
794 5622 850 5671 et
875 5615 1000 5672 Val.
1031 5615 1138 5685 CL,
1169 5619 1389 5674 malum.

542 5684 564 5763 ἓ
593 5683 754 5742 Corb.
787 5686 996 5763 Germ.,
1027 5683 1246 5745 Ebroic.
1293 5689 1496 5763 aliique
1524 5691 1739 5758 Norm.,
1783 5708 1888 5762 quo
1915 5707 2070 5745 cres-

469 5762 663 5814 cat.....
695 5759 834 5828 quod
851 5757 990 5828 justi
1018 5761 1362 5816 remunerati.

541 5829 562 5864 ³
589 5829 844 5886 Laudun.
875 5840 928 5886 et
958 5831 1168 5894 Germ.,
1196 5832 1552 5900 quadrupede.
1585 5832 1754 5888 Gilot.
1788 5840 1842 5888 et
1863 5833 2069 5900 Vatic.,

541 5849 562 5864 '
589 5849 844 5886 ιιειιιωιῐι.
875 5849 928 5886 θι
958 5849 1168 5894 uerm.,
1196 5849 1410 5900 quaaru
1446 5849 1552 5887 eae.
1585 5849 1754 5888 UllOl.
1788 5849 1842 5888 et
1872 5849 2064 5900 V3llC.,

469 5901 884 5975 etquadrupler.
907 5900 1291 5960 Emendantur
1305 5918 1374 5960 ex
1394 5849 1749 5978 ﬁssAuglic.
1766 5911 1821 5963 et
1840 5904 2064 5974 nostris,

2157 1979 2276 2036 avis
2305 1987 2420 2048 est;
2456 1979 2514 2035 in
2546 1981 2658 2038 illis
2689 1997 2819 2038 vero
2849 1998 2990 2056 quos
3021 1981 3224 2054 pariter
3252 1980 3311 2037 in
3341 1982 3568 2039 luxuria
3597 1991 3654 2039 et
3683 2000 3775 2040 su-

2158 2067 2350 2141 perbia
2389 2077 2444 2126 et
2475 2071 2690 2128 malitia
2719 2071 2941 2144 polluit,
2973 2069 3310 2143 jumentum,
3358 2076 3554 2136 1095
3581 2071 3775 2141 draco,

2159 2169 2326 2225 simul
2357 2177 2412 2224 et
2439 2169 2558 2224 avis
2589 2169 2800 2225 existit.
2838 2169 2940 2224 Per
2967 2176 3050 2225 tot
3081 2185 3323 2242 namque
3353 2170 3374 2203 ⁴
3406 2168 3476 2225 ad
3503 2167 3780 2243 decepto-

2160 2275 2283 2316 rum
2313 2276 2409 2316 cor
2433 2275 2489 2315 se
2519 2258 2730 2331 species
2761 2258 2976 2328 intulit,
2999 2260 3056 2315 in
3084 2267 3217 2332 quot
3239 2275 3330 2316 eos
3359 2259 3642 2334 nequitias
3675 2259 3779 2317 im-

2159 2352 2407 2426 plicavit.
2442 2353 2743 2408 Multarum
2792 2352 2962 2424 igitur
3012 2368 3197 2409 rerum
3247 2350 3473 2408 nomine
3517 2359 3778 2421 vocatur,

2161 2445 2289 2518 quia
2323 2451 2448 2500 ante
2478 2443 2834 2516 deceptorum
2883 2452 3093 2500 mentes
3139 2444 3195 2500 in
3243 2444 3428 2499 varias
3465 2443 3780 2502 formarum

2161 2533 2366 2606 species
2409 2534 2664 2590 vertitur.
2710 2532 2848 2590 Cum
2879 2533 3026 2588 enim
3072 2533 3222 2590 hunc
3249 2550 3346 2605 per
3374 2535 3560 2590 carnis
3592 2533 3783 2592 luxu-

2163 2630 2300 2686 riam
2335 2637 2543 2697 tentat,
2575 2637 2628 2686 et
2660 2638 2844 2686 tamen
2876 2629 3106 2685 minime
3139 2635 3381 2702 superat,
3413 2636 3626 2684 mutata
3654 2645 3780 2702 sug-

2163 2721 2407 2792 gestione
2434 2737 2530 2777 cor
2559 2719 2710 2776 illius
2733 2720 2790 2774 in
2815 2720 3083 2776 malitiam
3115 2718 3440 2775 inﬂammat.
3473 2718 3618 2788 Quia
3647 2737 3782 2792 ergo

2163 2808 2229 2864 ad
2259 2823 2384 2864 eum
2417 2809 2606 2864 venire
2636 2809 2819 2864 bellua
2848 2825 2962 2864 non
2994 2809 3190 2877 valuit,
3213 2809 3380 2866 draco
3409 2809 3585 2866 venit.
3608 2810 3781 2866 Illum

2165 2913 2378 2953 veneno
2422 2898 2647 2954 malitiae
2702 2913 3054 2970 corrumpere
3096 2913 3210 2953 non
3239 2899 3406 2966 valet,
3462 2897 3559 2954 sed
3587 2905 3780 2956 tamen

2164 2986 2307 3043 bona
2334 3004 2433 3042 sua
2465 2987 2584 3059 ejus
2614 2987 2792 3044 oculis
2820 2987 3068 3060 opponit,
3105 2994 3160 3044 et
3186 3004 3281 3044 cor
3310 2987 3465 3044 illius
3494 2987 3550 3042 k1
3581 3004 3780 3060 super-

2164 3076 2312 3132 biam
2349 3076 2592 3131 extollit.
2643 3074 2784 3132 Huic
2811 3091 2940 3148 ergo
2970 3083 3031 3132 ut
3062 3075 3227 3133 draco
3259 3078 3282 3111 ⁵
3328 3076 3624 3149 subrepere
3661 3093 3781 3134 non

2166 3165 2361 3234 valuit,
2395 3165 2490 3222 sed
2521 3173 2703 3222 tamen
2743 3165 2981 3223 adducto
3021 3165 3402 3240 phantasmate
3432 3167 3614 3224 inanis
3646 3168 3788 3240 glo-

2091 3282 2136 3343 C
2168 3255 2284 3324 riae,
2307 3272 2493 3312 coram
2515 3255 2866 3327 cogitationis
2887 3255 3006 3328 ejus
3037 3257 3325 3314 obtutibus
3363 3258 3519 3331 quasi
3539 3258 3661 3314 avis
3682 3275 3784 3314 vo-

2170 3345 2324 3401 lavit.
2349 3345 2482 3413 Quas
2505 3345 2776 3402 nimirum
2797 3347 2916 3402 avis
2945 3354 3097 3404 tanto
3127 3356 3318 3405 contra
3346 3363 3446 3403 nos
3477 3348 3787 3404 immanius

2169 3434 2477 3503 extollitur,
2500 3442 2708 3506 quanto
2730 3435 2885 3490 nulla
2909 3443 3117 3492 natura:
3146 3453 3258 3493 suae
3289 3436 3612 3494 inﬁrmitate
3644 3456 3784 3512 prae—

2169 3522 2406 3595 peditur.
2459 3523 2600 3591 Quia
2628 3524 2775 3580 enim
2807 3526 2987 3581 carnis
3031 3534 3206 3582 morte
3249 3544 3360 3583 non
3391 3530 3683 3600 premitur,
3725 3539 3788 3588 et

2170 3612 2588 3686 Redemptorem
2618 3623 2869 3672 nostrum
2891 3632 3052 3673 carne
3074 3619 3362 3674 mortalem
3395 3617 3559 3687 vidit,
3591 3620 3788 3676 altiori

2149 3703 2314 3759 ‘fastu
2342 3704 2598 3760 elationis
2639 3705 2940 3773 intumuit;
2992 3705 3086 3762 sed
3128 3705 3223 3762 ubi
3269 3715 3462 3762 contra
3493 3715 3790 3766 auctorem

2170 3809 2332 3849 suum
2376 3809 2556 3866 penna
2598 3810 2654 3850 se
2685 3794 2956 3866 superbiae
2985 3795 3207 3864 extulit,
3258 3795 3335 3852 ibi
3381 3797 3636 3869 laqueum
3667 3814 3792 3856 suae

2171 3883 2365 3940 mortis
2394 3884 2628 3940 invenit.
2661 3885 2798 3941 Nam
2829 3901 2888 3941 ea
2917 3884 3035 3959 ejus
3063 3885 3246 3942 carnis
3277 3894 3451 3942 morte
3474 3894 3791 3960 prostratus

2171 3981 2273 4041 est,
2300 3989 2464 4046 quam
2495 3974 2730 4046 expetiit
2759 3975 2965 4041 elatus;
2998 3983 3053 4031 et
3082 3974 3214 4032 inde
3244 3976 3472 4047 pertulit
3501 3978 3788 4050 laqueum,

2172 4063 2318 4120 unde
2351 4062 2507 4138 quasi
2533 4079 2714 4119 escam
2745 4080 2857 4120 suae
2887 4063 3113 4121 malitia;
3142 4073 3375 4122 mortem
3399 4065 3537 4138 justi
3566 4084 3794 4124 concu-

2173 4154 2334 4227 pivit.
2369 4151 2510 4224 [νει.
2543 4153 2678 4209 XXI
2685 4152 2724 4227 .]
2757 4153 2985 4209 Dicatur
3013 4170 3140 4226 ergo
3174 4172 3186 4210 :
3229 4156 3489 4227 Nunquid
3517 4156 3711 4213 illudes
3740 4158 3795 4214 ei

2173 4242 2329 4316 quasi
2355 4242 2488 4298 avi?
2518 4241 2686 4310 Quasi
2707 4241 2799 4297 avi
2819 4243 3020 4316 quippe
3039 4244 3309 4300 Dominus
3339 4245 3537 4315 illusit,
3564 4244 3702 4302 dum
3735 4248 3792 4304 ei

2175 4332 2234 4388 in
2264 4332 2520 4404 passione
2564 4330 2841 4402 unigeniti
2885 4331 3015 4388 Filii
3044 4333 3130 4388 sui
3161 4332 3402 4390 ostendit
3439 4351 3642 4404 escam,
3689 4337 3794 4394 sed

2176 4423 2439 4496 laqueum
2473 4421 2785 4479 abscondit.
2809 4422 2967 4478 Vidit
2992 4423 3139 4479 enim
3161 4423 3308 4496 quod
3333 4440 3427 4480 ore
3456 4425 3793 4498 perciperet.

2175 4513 2270 4570 sed
2296 4528 2408 4568 non
2436 4511 2582 4568 vidit
2612 4513 2633 4547 ⁶
2663 4511 2807 4585 quod
2843 4520 3062 4584 gutture
3094 4521 3324 4570 teneret.
3356 4514 3492 4570 Nam
3528 4517 3795 4588 quamvis

2175 4623 2301 4661 eum
2330 4605 2510 4662 fuerat
2543 4605 2660 4676 ipse
2705 4604 2986 4662 confessus
3033 4604 3236 4660 Filium
3281 4604 3380 4660 Dei
3415 4603 3630 4675 (Matth.
3659 4624 3793 4678 vni,

2179 4694 2294 4765 29),
2329 4693 2482 4750 velut
2506 4710 2706 4766 purum
2729 4701 2912 4748 tamen
2937 4693 3094 4751 illum
3116 4692 3401 4750 hominem
3433 4695 3574 4751 mori
3596 4697 3796 4753 credi-
3837 4738 3844 4743 .

2178 4784 2281 4854 dit,
2303 4783 2372 4840 ad
2391 4783 2552 4856 cujus
2583 4792 2813 4839 mortem
2843 4783 3159 4840 Iudaeorum
3190 4786 3639 4858 persequentium
3672 4787 3795 4843 ani-

2179 4891 2298 4930 mos
2327 4871 2652 4931 concitavit.
2705 4873 2811 4929 Sed
2857 4874 2916 4928 in
2965 4873 3083 4944 ipso
3127 4874 3444 4930 traditionis
3492 4874 3613 4946 ejus
3653 4884 3796 4932 tem-

2178 4982 2309 5038 pore
2334 4965 2489 5022 tarde
2504 4963 2619 5036 jam
2641 4966 2964 5038 cognovisse
2984 4965 3336 5038 intelligitur,
3367 4965 3518 5039 quod
3547 4965 3666 5039 ipse
3697 4968 3800 5026 illa

2177 5055 2299 5127 ejus
2330 5064 2505 5111 morte
2537 5055 2848 5126 puniretur.
2879 5053 3033 5110 Unde
3051 5062 3106 5110 et
3131 5055 3295 5112 Pilati
3322 5054 3612 5128 conjugem
3649 5074 3796 5114 som-

2177 5144 2289 5201 niis
2317 5145 2550 5211 terruit,
2581 5153 2643 5200 ut
2672 5143 2761 5200 vir
2790 5143 2944 5200 illius
2971 5159 3003 5198 a
3024 5143 3161 5216 justi
3191 5146 3573 5216 persecutione
3601 5163 3798 5203 cessa-

2179 5244 2261 5292 ret
2287 5235 2513 5305 (Matth.
2537 5250 2724 5302 xxvu,
2752 5233 2863 5305 i9).
2895 5233 3002 5290 Sed
3026 5249 3110 5290 res
3131 5233 3350 5290 interna
3376 5233 3798 5306 dispensatione

2176 5325 2442 5398 disposita
2470 5325 2628 5381 nulla
2655 5323 2834 5381 valuit
2875 5324 3288 5381 machinatione
3323 5324 3620 5398 refragari.
3665 5327 3795 5382 Ex-

2177 5415 2432 5490 pediebat
2462 5429 2704 5487 namque
2731 5420 2794 5470 ut
2818 5423 3166 5487 peccatorum
3205 5423 3439 5472 mortem
3476 5415 3632 5488 juste
3665 5433 3797 5476 mo—

2179 5634 2393 5675 necnon
2423 5633 2491 5673 ex
2521 5624 2630 5672 vet.
2661 5616 2812 5672 Edit.

2252 5693 2272 5726 ‘
2303 5691 2515 5747 Gemet.
2556 5687 2614 5744 in
2647 5689 2758 5744 duo
2786 5688 2996 5755 Germ.,
3025 5690 3101 5744 ad
3127 5706 3309 5746 eorum
3340 5706 3451 5747 cor.

2253 5763 2274 5797 ⁵
2309 5762 2421 5829 ΑΙ.,
2457 5761 2752 5834 subripere,
2792 5767 2846 5815 et
2879 5760 3080 5832 legitur
3106 5761 3162 5818 in
3193 5763 3322 5819 Mss.

2253 5835 2276 5870 ⁸
2306 5834 2448 5890 Pler.
2479 5835 2632 5902 Mss.,
2662 5834 2804 5906 quod
2833 5838 3034 5904 guttur.
