3936 6378
81 367 183 427 693

862 373 1239 434 MORALIUM
1278 377 1410 437 LIB.
1452 378 1715 439 XXXIII.
1761 409 1833 426 —
1870 382 1945 443 IN
1982 382 2212 445 CAPUT
2244 386 2341 446 XL
2380 389 2444 448 B.
2486 391 2629 451 JOB.

3318 405 3430 467 694

83 496 615 606 ι’ἱθξιῐὶἐιωβοξνθτθρ
644 515 793 557 mors
815 500 953 574 justi
964 502 1185 606 ‘injuste
1208 506 1518 565 morientis.
1541 507 1702 576 Quod
1736 512 1791 573 Α
1819 512 1993 569 ritum
2024 515 2241 572 nullum
2271 525 2431 575 esset.
2460 519 2709 580 Ancillas
2737 492 2865 599 ergo
2882 529 3156 590 Dominus
3178 535 3351 606 misit,
3374 548 3433 595 et

82 586 215 661 quia
243 585 554 644 Leviathan
582 587 685 644 iste
716 606 888 663 usque
918 591 986 648 ad
1002 599 1218 667 tempus
1245 597 1519 667 passionis
1553 598 1708 656 illius

85 676 391 750 ignoravit,
424 678 583 750 quasi
617 695 768 737 more
806 680 925 737 avis
967 682 1189 753 illusus,
1234 684 1554 744 divinitatis
1590 688 1708 760 ejus

84 766 350 838 laqueum
381 767 633 839 pertulit,
664 767 797 825 dum
828 769 1194 829 humanitatis
1223 772 1344 848 ejus
1370 791 1551 834 escam
1581 794 1707 833 mo-

85 854 325 913 mordit.
354 855 617 929 Sequitur
649 876 661 914 :

518 980 748 1041 CAPUT
780 984 912 1043 XVI
951 986 1095 1062 [Rea
1127 988 1273 1063 XV].

157 1099 303 1154 Iern.
326 1128 398 1141 —
425 1098 537 1155 Aut
570 1100 586 1134 ι
619 1098 811 1171 ligabis
835 1118 951 1156 eum
975 1104 1194 1160 ancillis
1224 1104 1346 1160 tuis.

160 1186 253 1244 32.
294 1188 542 1245 Christus
570 1188 790 1261 inﬁrma
808 1191 995 1246 mundi
1019 1194 1234 1264 eligens,
1264 1193 1469 1251 diaboli
1497 1194 1714 1265 fortitu-

91 1279 271 1334 dinem
301 1278 599 1335 debellavit.
649 1281 852 1336 Domus
880 1283 1152 1354 sapientia:
1183 1284 1384 1341 Christi
1425 1302 1638 1358 corpus,
1668 1292 1717 1341 et

92 1371 356 1428 Ecclesia.
387 1370 479 1427 Ad
499 1372 905 1444 praedicandum
932 1376 1282 1447 Evangelium
1311 1377 1414 1433 soli
1453 1379 1718 1451 assumpti

92 1467 222 1518 sunt
263 1462 358 1533 qui
398 1479 500 1534 per
541 1480 594 1518 se
635 1480 742 1519 non
788 1471 956 1520 essent
1000 1466 1195 1524 idonei.
1225 1498 1297 1509 —
1338 1468 1616 1526 Subaudis
1653 1478 1716 1526 ut

94 1566 215 1622 ego.
252 1552 316 1608 In
348 1550 525 1608 servis
553 1553 655 1609 etsi
681 1553 936 1625 despecta
963 1564 1045 1612 est
1073 1556 1341 1625 conditio,
1368 1558 1607 1614 virilitas
1634 1559 1714 1614 vi-

97 1650 221 1713 get;
254 1643 311 1698 in
343 1643 566 1700 ancillis
597 1652 782 1701 autem
812 1661 940 1701 cum
971 1646 1291 1704 conditione
1317 1649 1525 1721 pariter
1553 1666 1718 1706 sexus

91 1730 262 1803 jacet.
286 1732 435 1795 Bene
453 1735 889 1806 ergoLDominus
917 1737 1220 1793 Leviathan
1253 1740 1420 1795 istum
1450 1756 1562 1796 non
1594 1757 1720 1797 ser-

99 1822 209 1891 vis,
247 1822 342 1879 sed
373 1823 594 1881 ancillis
641 1825 757 1881 suis
799 1826 969 1898 ligare
1012 1842 1068 1883 se
1109 1829 1321 1897 asserit,
1366 1829 1499 1902 quia
1525 1830 1594 1886 ad
1623 1847 1716 1887 no-

1821 601 2128 693 Leviathan
2162 603 2330 679 hujus
2358 607 2745 668 fortitudinem
2776 614 2988 687 ligavit,
3020 623 3151 693 quia
3177 601 3428 683 inﬁrmos

1820 692 2214 786 praedicatores
2240 696 2449 754 mundo
2479 699 2757 771 exhibuit,
2803 712 2857 760 et
2886 692 3134 777 potentes
3160 727 3426 786 quosque,

1819 779 1914 852 qui
1967 780 2085 853 ejus
2132 801 2338 857 corpus
2384 786 2622 859 fuerant,
2672 791 2775 847 sub
2805 796 3031 853 terroris
3076 779 3431 861 sui-vinculo

1823 870 2138 928 restrinxit.
2186 875 2258 930 Et
2287 875 2345 931 in
2381 880 2677 952 semetipso
2716 881 3022 941 Leviathan
3069 886 3172 944 iste
3214 892 3432 949 ancillis

1827 959 2057 1032 ligatur,
2089 979 2212 1018 cum
2238 964 2473 1024 inﬁrmis
2493 969 2945 1044 praedicantibus,
2967 976 3217 1034 veritatis
3237 980 3432 1037 clares-

1826 1057 1983 1104 cente
2042 1050 2276 1122 lumine,
2327 1064 2519 1112 contra
2566 1059 2867 1117 electorum
2914 1072 3124 1121 mentes
3174 1069 3435 1141 antiquus

1827 1136 2005 1195 hostis
2025 1157 2137 1197 non
2172 1154 2441 1216 quantum
2472 1149 2595 1204 vult
2623 1150 2815 1209 saevire
2842 1155 3215 1225 permittitur;
3250 1136 3344 1215 sed
3365 1176 3435 1217 ne

1826 1229 1929 1284 sub
1961 1229 2312 1290 inﬁdelitatis
2340 1237 2661 1308 captivitate
2690 1250 2920 1300 cunctos
2949 1260 3086 1318 quos
3115 1248 3325 1320 appetit
3352 1256 3435 1305 te-

1829 1327 1978 1388 neat,
2016 1320 2191 1395 signis
2222 1333 2276 1381 et
2305 1326 2611 1385 virtutibus
2653 1339 2980 1390 coarctatur.
3031 1338 3149 1409 Ipse
3184 1354 3311 1410 ergo
3341 1356 3437 1411 per

1826 1428 1883 1466 se
1912 1411 2020 1470 hoc
2049 1413 2270 1471 fortiter
2299 1416 2452 1488 facit,
2481 1421 2576 1493 qui
2607 1431 2799 1481 contra
2819 1425 2979 1482 illum
3009 1428 3156 1485 vires
3184 1445 3297 1485 non
3326 1430 3436 1486 for-

1827 1502 1976 1559 tibus
2022 1504 2239 1563 tribuit.
2291 1507 2397 1563 Sed
2428 1510 2561 1582 quia
2603 1528 2740 1585 quos
2783 1524 2974 1573 contra
3005 1535 3131 1575 eum
3165 1520 3435 1577 Dominus

1828 1591 2014 1649 mittat
2044 1594 2310 1664 insinuat,
2335 1614 2485 1657 nunc
2512 1601 2676 1658 etiam
2706 1604 2841 1677 quid
2862 1606 2967 1679 ipsi
2995 1616 3157 1681 agant
3184 1608 3281 1682 qui
3309 1610 3434 1665 mit-

1827 1690 2046 1750 tuntur,
2077 1684 2347 1758 adjungit.
2381 1687 2641 1761 Sequitur
2672 1709 2683 1747 :

2050 1798 2282 1856 CAPUT
2312 1802 2469 1860 xvn
2509 1802 2646 1877 [Vet.
2680 1806 2861 1877 XXII,
2891 1809 3009 1866 Hec.
3041 1810 3217 1885 XVI].

192 1880 209 1891 σ
460 1880 463 1881 ν
741 1880 749 1881 ί
844 1880 919 1898 0’“
950 1880 963 1882 '
1014 1880 1061 1883 *ν
1113 1880 1321 1897 “"""J
1374 1880 1498 1902 ‘1""‘
1527 1880 1594 1886 *⁷*-
1623 1880 1690 1887 ’⁴”
3171 1880 3194 1885 ’-

101 1921 276 1969 stram
308 1912 748 1988 redemptionem
778 1917 1027 1987 veniens,
1060 1925 1116 1974 et
1144 1935 1272 1975 suos
1302 1928 1491 1977 contra
1521 1921 1716 1978 mundi
1752 1880 1800 1943 B
1903 1915 2077 1973 VEBS.
2108 1917 2198 1974 25.
2230 1948 2301 1961 -
2334 1918 2619 1977 Concidenl
2645 1940 2760 1980 eum
2790 1924 2975 1994 amici,
3010 1927 3246 1984 divident
3283 1927 3441 1986 illum

101 2002 424 2076 superbiam
455 2005 850 2078 praedicatores
870 2008 1118 2077 mittens,
1140 2009 1350 2066 relictis
1379 2012 1719 2084 sapientibus
1826 2006 2192 2077 negotiatores.

104 2092 458 2165 insipientes,
476 2094 684 2153 relictis
703 2096 941 2155 fortibus
961 2097 1193 2169 debiles,
1225 2100 1432 2157 relictis
1449 2102 1721 2159 divitibus

102 2197 371 2255 pauperes
398 2183 582 2257 elegit.
632 2186 870 2243 Ancillis
898 2203 1027 2260 ergo
1058 2188 1173 2244 suis
1214 2190 1523 2247 Leviathan
1555 2191 1723 2266 hujus

102 2271 497 2331 fortitudinem
520 2275 795 2340 Dominus
816 2276 1032 2348 ligavit,
1055 2278 1187 2351 quia
1206 2286 1499 2337 attestante
1521 2281 1719 2338 Paulo:

103 2363 337 2435 Inﬁrma
389 2366 576 2421 mundi
633 2366 784 2438 elegit
829 2367 998 2433 Deus,
1048 2368 1069 2402 ²
1099 2374 1160 2422 ut
1204 2369 1498 2441 confundat
1551 2370 1725 2442 fortia

108 2455 169 2525 (Ι
201 2456 331 2512 Cor.
364 2473 404 2524 ι,
441 2455 556 2529 27).
604 2456 761 2513 Unde
789 2455 931 2513 bene
961 2474 1057 2529 per
1084 2458 1438 2517 Salomonem
1470 2461 1675 2519 dicitur
1706 2480 1718 2519 :

108 2546 387 2619 Sapientia
414 2549 695 2620 aediﬁcavit
722 2548 822 2604 sibi
841 2549 1073 2617 domum,
1097 2551 1295 2606 excidit
1321 2554 1593 2609 columnas
1615 2570 1724 2625 sep-

108 2640 229 2705 tem,
286 2637 584 2695 immolavit
635 2638 896 2704 victimas,
943 2640 1158 2695 miscuit
1197 2641 1400 2712 vinum,
1444 2643 1730 2715 proposuit

105 2745 364 2798 mensam,
394 2729 541 2784 misit
578 2730 808 2786 ancillas
835 2746 962 2786 suas
992 2736 1052 2785 ut
1094 2738 1349 2787 vocarent
1385 2734 1457 2789 ad
1484 2750 1659 2789 arcem
1682 2738 1731 2788 et

108 2820 300 2876 mania
331 2819 560 2875 civitatis
588 2820 782 2890 (Prov.
816 2837 898 2888 1x,
931 2822 982 2888 1,
1012 2820 1063 2887 2,
1096 2820 1177 2892 3).
1210 2821 1499 2893 Sapientia
1527 2823 1729 2896 quippe

107 2909 337 2965 domum
370 2908 476 2964 sibi
506 2908 776 2977 condidit,
809 2925 936 2965 cum
966 2909 1291 2982 unigenitus
1329 2910 1430 2966 Dei
1462 2910 1638 2967 Filius
1670 2912 1729 2967 in

107 2998 407 3070 semetipso
443 2998 589 3054 intra
616 3006 834 3054 uterum
864 2997 1132 3071 Virginis,
1188 2998 1483 3055 mediante
1523 3000 1730 3070 anima,

109 3088 421 3145 humanum
472 3088 580 3145 sibi
619 3102 819 3159 corpus
866 3087 1094 3143 creavit.
1147 3087 1239 3144 Sic
1286 3088 1495 3161 quippe
1535 3105 1735 3162 corpus

113 3177 399 3251 Unigeniti
436 3176 634 3234 domus
665 3177 761 3235 Dei
804 3176 1031 3245 dicitur,
1083 3175 1231 3233 sicut
1262 3176 1433 3233 etiam
1469 3178 1732 3250 templum

1901 2094 1989 2152 33.
2021 2096 2239 2154 Diaboli
2264 2098 2501 2156 membra
2531 2101 2902 2171 conciduntur,
2932 2122 3049 2177 cum
3075 2107 3141 2163 ab
3170 2107 3282 2178 ejus
3309 2126 3440 2165 cor-

1831 2200 1960 2257 pore
1980 2194 2279 2259 peccalores
2306 2198 2628 2262 separantur
2655 2193 2867 2250 Christo
2896 2196 3153 2254 sociandi.
3175 2199 3439 2257 Praedica-

1835 2280 1972 2331 tores
1997 2285 2125 2333 sunt
2147 2280 2513 2351 negotiatores.
2547 2314 2613 2326 —
2643 2283 2949 2342 Leviathan
2976 2286 3078 2345 iste
3106 2289 3271 2345 toties
3298 2305 3443 2346 con-

1833 2364 2060 2437 ciditur,
2080 2369 2296 2442 quoties
2315 2370 2495 2427 divini
2515 2373 2668 2430 verbi
2686 2374 2868 2445 gladio
2879 2392 2977 2431 sua
2993 2376 3060 2433 ab
3080 2377 3178 2434 illo
3197 2378 3444 2435 membra

1834 2464 2176 2529 separantur.
2223 2458 2408 2533 Iniqui
2451 2461 2600 2517 enim
2639 2479 2766 2519 cum
2797 2463 3026 2521 verbum
3055 2467 3306 2524 veritatis
3334 2485 3443 2524 au-

1839 2546 2027 2613 diunt,
2057 2556 2133 2614 et,
2156 2556 2344 2606 sancto
2370 2550 2570 2607 timore
2590 2552 2850 2624 perculsi,
2868 2553 2935 2609 ab
2955 2554 3171 2628 antiqui
3190 2572 3246 2612 se
3266 2555 3443 2613 hostis

1838 2635 2155 2695 imitatione
2185 2639 2547 2711 suspendunt,
2573 2641 2765 2713 ipsein
2787 2659 3013 2716 corpore
3029 2661 3128 2701 suo
3149 2644 3443 2713 dividitur,

1840 2723 1935 2782 cui
1961 2725 2019 2780 hi
2043 2727 2137 2799 qui
2162 2743 2327 2799 prave
2351 2728 2684 2787 inhaeserant
2703 2730 3124 2789 subtrahuntur.
3144 2734 3295 2807 Ipsos
3313 2749 3445 2789 vero

1841 2814 2053 2869 amicos
2080 2816 2352 2885 nominat,
2375 2834 2512 2890 quos
2540 2819 2793 2892 superius
2818 2822 3046 2879 ancillas
3074 2830 3265 2891 vocat;
3300 2823 3447 2897 ipsos

1841 2903 2007 2960 etiam
2057 2906 2428 2976 negotiatores
2468 2909 2726 2980 appellat,
2775 2927 2914 2983 quos
2955 2911 3161 2969 amicos
3206 2912 3443 2971 dixerat.

1844 2994 2033 3050 Sancti
2062 3002 2117 3050 et
2158 2995 2306 3051 enim
2354 2996 2740 3068 praedicatores
2770 3000 2922 3070 prius
2952 3000 3166 3057 ancillae
3196 3009 3326 3058 sunt
3352 3018 3448 3074 per

1844 3084 2227 3154 formidinem,
2261 3088 2282 3123 ‘
2313 3095 2437 3159 post
2466 3088 2629 3145 amici
2661 3105 2757 3162 per
2784 3089 2971 3159 ﬁdem,
3020 3091 3089 3148 ad
3136 3100 3446 3149 extremum

1849 3191 2073 3251 quoque
2102 3178 2469 3249 negotiatores
2496 3195 2594 3253 per
2621 3181 2915 3238 actionem.
2949 3183 3087 3255 Ipsis
3114 3183 3319 3256 quippe
3348 3185 3447 3239 in-

114 3242 375 3335 vocatur;
422 3267 501 3324 ita
528 3284 679 3334 vero,
728 3274 791 3323 ut
817 3283 964 3323 unus
993 3242 1252 3339 idemque
1299 3266 1399 3322 Dei
1444 3242 1607 3339 atque
1636 3267 1733 3324 ho-
1769 3242 1813 3303 Ο
1842 3242 2203 3324 ﬁrmantibus
2229 3268 2467 3325 dicitur:
2499 3242 2677 3326 Nolite
2704 3257 2901 3340 timere,
2918 3242 3115 3344 pusille
3131 3242 3290 3345 ‘gréi,
3322 3273 3448 3344 quia

113 3358 287 3415 minis
328 3356 479 3414 ﬁlius
521 3357 637 3429 ipse
684 3356 758 3413 sit
790 3356 884 3430 qui
920 3360 1111 3419 1096
1142 3354 1441 3423 inhabitat,
1491 3355 1607 3429 ipse
1635 3357 1734 3429 qui

116 3455 485 3512 inbabitatur.
519 3454 675 3523 Quod
708 3463 895 3510 tamen
924 3462 1071 3510 recte
1100 3459 1155 3509 et
1182 3452 1343 3508 aliter
1372 3452 1662 3524 accipitur,
1687 3453 1732 3508 si

117 3547 317 3605 domus
346 3546 629 3620 sapientia:
659 3544 910 3606 Ecclesia
938 3552 1186 3601 vocetur.
1230 3544 1363 3611 Quae
1392 3551 1597 3616 septem
1628 3544 1736 3600 sibi

116 3638 408 3695 columnas
448 3636 679 3705 excidit,
725 3636 856 3710 quia
895 3635 962 3691 ab
992 3649 1180 3691 amore
1218 3634 1504 3706 praesentis
1549 3634 1738 3689 saeculi

120 3727 433 3799 disjunctas
453 3726 523 3782 ad
543 3726 867 3799 portandam
897 3724 1141 3797 ejusdem
1174 3723 1436 3781 Ecclesiae
1468 3722 1736 3779 fabricam

124 3824 338 3874 mentes
365 3815 785 3889 praedicantium
817 3814 1013 3870 erexit.
1047 3812 1180 3881 Qua;
1209 3829 1309 3884 pro
1338 3828 1404 3867 eo
1431 3811 1579 3884 quod
1605 3827 1741 3883 per-

126 3908 390 3965 fectionis
436 3908 644 3963 virtute
674 3904 925 3962 subnixas
955 3911 1108 3969 sunt,
1151 3902 1468 3975 septenario
1509 3917 1741 3958 numero

123 3998 507 4072 designantur.
522 3994 842 4053 Immolavit
871 3994 1150 4061 victimas,
1168 3992 1299 4065 quia
1328 3991 1500 4046 vitam
1531 3990 1741 4063 praedi-

123 4088 375 4145 cantium
421 4086 651 4143 mactari
701 4085 757 4141 in
788 4082 1170 4157 persecutione
1221 4080 1497 4154 permisit.
1530 4081 1741 4137 Vinum

123 4178 371 4245 miscuit,
404 4176 536 4250 quia
576 4174 888 4233 divinitatis
929 4179 985 4229 et
1025 4171 1396 4228 humanitatis
1438 4186 1551 4227 suae
1582 4170 1744 4226 nobis

128 4268 339 4341 pariter
369 4282 569 4323 arcana
608 4264 950 4337 praedicavit.
998 4263 1243 4318 Mensam
1289 4276 1508 4333 quoque
1550 4276 1744 4333 propo-

126 4359 260 4427 suit,
298 4358 431 4431 quia
472 4357 772 4430 Scriptura:
816 4372 982 4413 sacrae
1011 4353 1173 4409 nobis
1220 4352 1422 4425 pabula
1448 4351 1747 4425 aperiendo

128 4447 484 4522 praeparavit.
508 4445 753 4503 Ancillas
784 4444 953 4501 etiam
979 4459 1106 4500 suas
1135 4442 1309 4511 misit,
1332 4459 1453 4516 qua;
1477 4442 1546 4499 ad
1566 4458 1745 4498 arcem

128 4553 234 4593 nos
261 4543 427 4609 atque
457 4534 704 4592 civitatis
732 4533 934 4589 muenia
962 4539 1243 4600 vocarent,
1268 4531 1399 4604 quia
1427 4532 1745 4604 praedicato-

1843 3360 2162 3432 complacuit
2189 3359 2347 3415 Patri
2384 3366 2555 3415 vestro
2584 3362 2715 3417 dare
2738 3362 2885 3417 vobis
2912 3380 3132 3435 regnum
3163 3363 3314 3436 (Luc.
3347 3378 3449 3430 xu,

1844 3447 1960 3520 32).
1994 3447 2134 3520 Ipsis
2166 3462 2386 3503 rursum
2416 3450 2884 3507 cavalescentibus
2912 3450 3119 3508 dicitur
3152 3469 3163 3508 :
3219 3452 3317 3511 Vos
3344 3469 3454 3507 au—

1846 3541 1944 3590 tem
1974 3535 2094 3590 dixi
2121 3536 2339 3604 amicos,
2366 3538 2495 3607 quia
2523 3539 2703 3593 omnia
2731 3555 3051 3610 quaecunque
3077 3540 3261 3595 audivi
3289 3559 3324 3595 a
3350 3541 3455 3597 Pa-

1848 3631 1925 3679 tre
1952 3641 2088 3689 meo,
2127 3630 2254 3679 nota
2282 3624 2385 3694 feci
2411 3627 2556 3682 vobis
2587 3626 2769 3697 (Joan.
2800 3644 2900 3694 xv,
2932 3630 3045 3701 15).
3091 3629 3226 3700 ipsis
3250 3628 3319 3684 ad
3346 3646 3456 3685 ex-

1845 3720 2089 3769 tremum
2118 3713 2177 3769 in
2199 3715 2405 3787 negotii
2426 3717 2799 3788 operationem
2824 3717 3174 3791 pergentibus
3194 3716 3451 3789 jubetnr:

1847 3805 2050 3860 Euntes
2078 3802 2136 3856 in
2164 3804 2421 3858 mundum
2448 3805 2772 3872 universum,
2798 3807 3082 3878 prcedicate
3108 3807 3458 3878 Evangelium

1851 3894 1997 3949 omni
2016 3900 2279 3950 creatura:
2292 3895 2493 3965 (Marc.
2513 3895 2756 3969 xvr,15).
2773 3898 2833 3952 In
2851 3897 3239 3969 praedicatione
3256 3896 3457 3968 quippe

1857 3982 1989 4038 ﬁdei
2016 3982 2172 4055 quasi
2203 3982 2480 4055 quoddam
2510 3986 2790 4055 negotium
2815 3985 3041 4056 geritur,
3064 3984 3198 4041 dum
3226 3983 3459 4040 verbum

1852 4073 2037 4141 datur,
2069 4081 2124 4128 et
2151 4072 2287 4128 ﬁdes
2314 4072 2383 4128 ab
2411 4072 2758 4131 auditoribus
2785 4074 3044 4131 sumitur.
3087 4074 3254 4143 Quasi
3289 4074 3459 4148 quod-

1855 4161 1982 4220 dam
1999 4160 2285 4233 negotium
2309 4161 2643 4236 faciunt,qui
2664 4165 3110 4237 praedicationem
3132 4173 3463 4239 praerogant,

1853 4261 1909 4309 et
1936 4269 1968 4308 a
1995 4252 2217 4326 populis
2246 4251 2412 4308 ﬁdem
2441 4263 2743 4327 reportant.
2778 4256 2969 4311 Fidem
2999 4257 3021 4291 ⁵
3043 4255 3390 4329 impartiunt,
3412 4264 3466 4312 et

1854 4357 2047 4398 eorum
2079 4347 2321 4396 sanctam
2354 4343 2607 4414 protinus
2636 4345 2807 4399 vitam
2840 4351 3088 4401 sumunt.
3112 4345 3170 4401 Si
3190 4345 3338 4400 enim
3354 4342 3468 4415 jus-

1854 4445 2041 4495 torum
2102 4436 2295 4493 1097
2348 4435 2668 4508 praedicatio
2727 4434 3011 4507 negotium
3067 4450 3179 4490 non
3238 4433 3465 4500 fuisset,

1859 4529 2111 4598 profecto
2139 4528 2432 4584 Psalmista
2460 4542 2571 4582 non
2601 4524 2808 4580 diceret
2838 4542 2849 4579 :
2886 4524 3084 4581 Sumite
3106 4524 3393 4595 psalmum,
3424 4528 3473 4578 et

134 4644 224 4685 res
252 4608 506 4682 inﬁrmos
535 4623 884 4696 abjectosque
912 4622 1115 4678 habere
1146 4622 1380 4689 studuit,
1433 4622 1529 4695 qui
1560 4621 1752 4677 ﬁdeles
1786 4608 1836 4667 D
1864 4620 1984 4675 date
2014 4626 2321 4691 tympanum
2348 4617 2529 4689 (Psal.
2562 4632 2737 4684 Lxxx,
2769 4613 2849 4686 3).
2880 4615 2941 4670 In
2971 4622 3238 4686 tympano
3265 4612 3470 4668 etenim

133 4718 371 4790 populos
398 4715 469 4771 ad
493 4714 759 4787 spiritalis
787 4713 975 4786 patriae
1001 4710 1237 4767 aediﬁcia
1266 4727 1503 4783 superna
1532 4711 1750 4783 collige-

131 4815 276 4863 rent.
305 4804 460 4862 Unde
489 4805 548 4860 in
578 4803 881 4875 Evangelio
910 4801 1183 4858 Dominus
1209 4798 1605 4856 Nathanaelem
1638 4800 1754 4855 lau-

135 4900 233 4954 dat
263 4896 447 4969 (Joan.
480 4911 521 4963 ι,
553 4893 670 4965 47),
714 4908 816 4948 nec
842 4901 1026 4948 tamen
1062 4890 1121 4945 in
1150 4897 1297 4946 sorte
1327 4888 1752 4961 pradicantium

134 4992 419 5059 numerat,
472 4983 603 5057 quia
639 4981 709 5037 ad
752 4979 1169 5053 praedicandum
1223 4994 1349 5034 eum
1399 4978 1534 5033 tales
1563 4978 1754 5034 venire

136 5076 466 5142 debuerant,
506 5071 602 5146 qui
632 5070 699 5128 de
739 5069 901 5127 laude
932 5068 1155 5143 propria
1184 5065 1327 5121 nihil
1360 5065 1655 5134 habebant,
1691 5073 1755 5122 ut

138 5174 299 5225 tanto
326 5168 347 5201 ³
397 5163 631 5221 solidius
682 5160 933 5218 veritatis
977 5174 1093 5216 esse
1134 5164 1557 5229 cognosceretur
1606 5154 1756 5228 quod

137 5264 387 5331 agerent,
434 5261 643 5329 quanto
674 5260 728 5309 et
774 5260 959 5325 aperte
999 5256 1318 5307 cerneretur
1366 5247 1496 5322 quia
1539 5246 1607 5303 ad
1649 5246 1758 5302 hoc

135 5345 416 5420 agendum
444 5360 542 5417 per
580 5359 638 5399 se
670 5340 856 5398 idonei
895 5354 1009 5396 non
1036 5339 1292 5395 fuissent.
1345 5337 1415 5394 Ut
1459 5352 1586 5409 ergo
1616 5336 1758 5391 mira

137 5439 387 5514 potentia
411 5453 508 5511 per
535 5434 965 5508 praedicatorum
997 5430 1216 5503 linguas
1234 5430 1580 5495 claresceret,
1604 5427 1756 5499 prius

136 5527 459 5588 mirabilius
479 5532 664 5582 actum
684 5530 767 5579 est
780 5528 842 5577 ut
869 5518 1188 5577 eorumdem
1207 5517 1625 5591 praedicandum
1646 5531 1755 5572 me-

213 5739 228 5773 ι
264 5731 533 5798 Vindoc.,
568 5727 768 5797 Laud.,
796 5727 1014 5798 Norm.,
1044 5722 1313 5796 alligabis.

210 5810 232 5844 ³
267 5806 395 5863 Val.
428 5802 539 5870 CL,
571 5806 631 5857 ut
657 5797 1023 5929 congaudent;
1277 5866 1310 5876 η

213 5882 236 5917 ³
270 5876 439 5938 Corb.
464 5875 677 5945 Germ.,
704 5872 752 5929 E
794 5885 953 5938 rom,
984 5871 1199 5927 hemet.
1218 5867 1425 5941 aliique
1454 5867 1671 5936 Norm.,
1700 5881 1764 5924 ac

1864 4709 2081 4767 corium
2111 4709 2350 4765 siccatur
2378 4713 2441 4762 ut
2468 4713 2644 4763 sonet.
2673 4704 2819 4772 Quid
2848 4713 2929 4760 est
2957 4720 3084 4777 ergo
3114 4703 3294 4759 dicere
3327 4720 3339 4757 :
3375 4702 3471 4756 Su-

1862 4800 1986 4852 mite
2007 4798 2302 4869 psalmum,
2331 4802 2379 4849 et
2407 4795 2526 4849 date
2555 4799 2883 4865 tympanum,
2915 4792 3025 4847 nisi
3054 4790 3285 4861 accipite
3313 4787 3471 4859 spiri-

1870 4888 1975 4944 tale
2004 4886 2281 4942 canticum
2312 4882 2516 4951 cordis,
2555 4891 2611 4939 et
2638 4881 2851 4937 reddite
2886 4880 3244 4951 temporalem
3275 4890 3473 4931 mace—

1866 4977 2136 5032 rationem
2168 4973 2459 5047 corporis?
2487 4973 2544 5028 Si
2570 4987 2809 5044 superna
2838 4966 3156 5042 praedicatio
3185 4964 3477 5037 negotium

1866 5082 1979 5122 non
2010 5064 2227 5132 fuisset,
2257 5078 2603 5135 nequaquam
2633 5060 2737 5116 sub
2764 5068 2898 5131 typo
2926 5057 3086 5114 fortis
3106 5053 3355 5111 mulieris
3385 5052 3476 5109 Sa-

1874 5156 2068 5210 lomon
2098 5152 2166 5210 de
2189 5161 2378 5209 sancta
2407 5149 2654 5208 Ecclesia
2699 5148 2907 5203 diceret
2939 5162 2951 5200 :
2996 5145 3279 5201 Sindonem
3305 5141 3481 5212 fecitet

1864 5242 2122 5311 vendidit,
2151 5247 2199 5297 et
2226 5241 2495 5311 cingulum
2517 5236 2744 5294 tradidit
2774 5234 3075 5291 Chananleo
3091 5233 3286 5303 (Prov.
3308 5246 3472 5298 xxxx,

1874 5332 1991 5404 24).
2040 5329 2187 5400 Quid
2211 5329 2358 5384 enim
2389 5329 2636 5400 signatur
2664 5341 2761 5397 per
2787 5323 3021 5380 linteum
3050 5318 3324 5387 sindonis,
3369 5316 3481 5374 nisi

1878 5420 2102 5477 subtilis
2131 5418 2370 5476 intextio
2399 5423 2599 5473 sanctae
2628 5408 3035 5486 praedicationis
3054 5409 3082 5466 ?
3110 5410 3175 5466 In
3203 5423 3313 5483 qua
3339 5406 3474 5464 mol-

1871 5510 2001 5568 liter
2033 5509 2356 5585 quiescitur,
2403 5507 2533 5581 quia
2561 5521 2718 5561 mens
2745 5504 2802 5560 in
2834 5503 2931 5559 illa
2972 5501 3223 5558 ﬁdelium
3259 5515 3354 5573 spe
3384 5514 3488 5555 su-

1870 5720 2002 5777 Val.
2035 5718 2143 5786 Cl.,
2173 5717 2340 5774 solius
2368 5714 2629 5771 veritatis.
2662 5714 2745 5770 Ita
2771 5713 2938 5770 etiam
2970 5719 3084 5769 vet.
3115 5708 3269 5768 Edit.

1948 5794 1968 5870 ξ
2003 5791 2249 5870 Pratell.,
2276 5788 2631 5870 Ροξιπξοάῑέπι·
2778 5857 2788 5868 .
2864 5857 2874 5870 .
2921 5858 2931 5868 .

1946 5866 1967 5900 ⁵
2001 5864 2213 5922 Gemet.
2244 5860 2301 5920 et
2329 5860 2492 5920 Corb.
2527 5860 2737 5930 Germ.,
2767 5860 3047 5932 incipiunt.
