3936 6384
477 426 584 486 695

1685 423 1934 482 SANCTI
1969 419 2307 481 GREGORII
2342 422 2570 482 MAGNI

3695 422 3807 483 696

477 567 647 627 perna
688 551 984 607 refovetur.
1036 550 1190 609 Unde
1231 558 1286 610 et
1327 552 1487 609 Petro
1525 550 1787 607 animalia
1815 551 1872 606 in
1901 549 2072 606 linteo
2098 551 2149 610 A
2176 565 2231 603 η.
2256 546 2372 621 32),
2394 546 2550 621 prius
2579 545 2743 618 elegit
2771 544 3012 614 inﬂrma,
3041 552 3104 602 ut
3133 553 3256 618 post
3281 545 3664 604 confunderet
3694 547 3807 604 for-

475 642 925 699 demonstrantur
957 640 1097 713 (Act.
1119 659 1176 710 x,
1206 643 1319 714 11),
1338 642 1471 717 quia
1497 649 1843 714 peccatorum
1873 640 2072 696 animae

479 730 908 789 misericorditer
931 738 1248 803 aggregatae,
1271 731 1328 786 in
1359 729 1558 788 blanda
1577 730 1706 786 ﬁdei
1735 729 1916 804 quiete
1947 747 2074 788 con-

477 819 743 877 tinentur.
776 820 927 876 Hanc
951 836 1080 892 ergo
1101 820 1389 877 sindonem
1414 820 1661 876 Ecclesia
1688 821 1840 890 fecit,
1863 829 1917 877 et
1945 837 2074 878 ven-

477 909 642 978 didit,
673 909 802 983 quia
829 908 993 966 ﬁdem
1026 926 1190 984 quam
1217 909 1490 968 credendo
1518 919 1768 969 texuerat
1798 911 2075 986 loquendo

479 998 652 1068 dedit,
693 1006 747 1054 et
773 999 843 1055 ab
885 999 1202 1056 inﬁdelibus
1230 1000 1402 1057 vitam
1450 1010 1609 1058 rectae
1639 1002 2076 1058 conversationis

478 1091 706 1162 accepit.
745 1090 876 1158 Quae
905 1097 959 1146 et
987 1090 1296 1148 Chananan
1337 1091 1621 1165 cingulum
1663 1091 1913 1160 tradidit,
1945 1093 2077 1166 quia

479 1195 576 1252 per
625 1181 641 1215 ⁸
687 1180 931 1253 vigorem
979 1180 1362 1238 demonstrata:
1407 1180 1660 1253 justitiae,
1719 1181 1868 1236 ﬂuxa
1916 1199 2079 1254 opera

481 1269 806 1344 gentilitatis
825 1269 1103 1339 astrinxit,
1122 1280 1185 1327 ut
1204 1269 1310 1328 hoc
1327 1271 1474 1346 quod
1495 1271 1812 1345 praecipitur
1833 1271 2078 1327 vivendo

481 1366 731 1416 teneatur
764 1378 775 1415 :
811 1359 930 1416 Sint
957 1360 1119 1416 lumbi
1151 1361 1310 1416 vestri
1331 1361 1604 1432 praecincti
1633 1362 1790 1432 (Luc.
1821 1377 1926 1429 xii,
1957 1361 2073 1432 35).

482 1449 870 1506 Praedicatores
899 1466 1026 1521 ergo
1055 1467 1182 1506 suos
1224 1450 1492 1506 Dominus
1519 1449 1814 1524 quaerendo
1849 1449 2080 1506 ancillas

484 1539 718 1606 invenit,
749 1539 1112 1612 permutando
1142 1539 1348 1597 amicos
1377 1540 1529 1606 facit,
1560 1540 1788 1597 ditando
1825 1540 2082 1612 negotia-

485 1637 626 1686 tores
655 1629 900 1687 exhibet.
942 1630 1047 1698 Qui
1077 1630 1226 1686 enim
1257 1629 1450 1686 mundi
1482 1631 1634 1704 prius
1665 1630 1842 1687 minas
1871 1630 2080 1686 inﬁrmi

483 1717 810 1787 timuerunt,
856 1727 979 1790 post
1006 1718 1075 1774 ad
1103 1719 1480 1792 cognoscenda
1509 1719 1700 1776 divina
1728 1720 1961 1777 consilia
1991 1736 2082 1775 as-

485 1808 748 1866 cendunt.
779 1809 950 1865 Ditati
979 1817 1163 1866 autem
1193 1809 1512 1881 virtutibus,
1544 1827 1715 1884 usque
1734 1813 1801 1869 ad
1821 1828 2082 1870 exercen-

2168 635 2278 698 .tia.
2311 638 2491 710 Elegit
2521 637 2721 711 quippe
2749 637 2918 693 stulta
2945 633 3162 704 mundi,
3199 643 3262 692 ut
3296 636 3674 694 confunderet
3704 654 3806 694 sa-

2183 729 2392 801 pientes
2417 728 2474 799 (I
2493 728 2618 784 Cor.
2635 744 2676 793 ι,
2698 727 2814 798 27).
2834 725 2992 782 Prius
3011 741 3246 801 namque
3268 727 3496 800 collegit
3517 727 3805 796 indoctos,

2184 826 2238 874 et
2267 817 2616 890 postmodum
2649 815 3046 889 philosophos;
3077 823 3132 871 et
3162 832 3273 873 non
3303 833 3399 890 per
3427 825 3682 878 oratores
3707 817 3807 874 do.

2184 907 2299 964 cuit
2327 909 2646 980 piscatores,
2680 905 2775 962 sed
2801 907 2940 962 mira
2969 905 3213 977 potentia
3242 921 3338 980 per
3367 906 3678 981 piscatores
3709 924 3807 963 su-

2184 997 2333 1068 begit
2360 1004 2621 1052 oratores.
2646 995 2796 1052 Dicit
2824 1010 2952 1066 ergo
2978 1011 2989 1049 :
3019 994 3275 1065 Nunquid
3309 995 3555 1066 implebis
3580 1013 3811 1067 sagenas

2181 1087 2316 1158 pelle
2334 1085 2468 1155 ejus,
2486 1091 2584 1140 aut
2601 1085 2935 1155 gurgustium
2959 1085 3186 1156 piscium
3206 1084 3373 1156 capite
3393 1085 3567 1140 illius.
3593 1084 3810 1141 Subau-

2187 1176 2291 1244 dis,
2323 1185 2386 1232 ut
2413 1177 2648 1250 ego,qui
2671 1176 2816 1231 intra
2833 1174 3138 1231 Ecclesiam
3171 1173 3419 1229 ﬁdelium
3450 1175 3613 1247 prius
3642 1176 3809 1249 quasi

2187 1266 2388 1338 pellem
2421 1265 2630 1323 diaboli
2660 1274 2938 1322 extremos
2965 1265 2985 1299 ⁵
3019 1271 3181 1336 atque
3225 1262 3449 1320 infimos
3477 1264 3710 1337 colligo,
3753 1271 3810 1320 et

2189 1360 2537 1432 postmodum
2557 1367 2722 1434 caput
2744 1359 2920 1428 illius,
2943 1357 2998 1414 id
3019 1364 3101 1414 est
3121 1355 3418 1430 prudentes
3440 1355 3585 1412 mibi
3606 1355 3676 1412 ad
3687 1372 3808 1412 ver-

2190 1451 2382 1516 sarios,
2414 1449 2610 1506 subdo.
2666 1448 2926 1522 Sequitur
2958 1465 2971 1504 :
3022 1447 3189 1502 Penes
3235 1463 3394 1517 super
3428 1463 3548 1501 eum
3585 1462 3811 1501 manum

2193 1541 2378 1596 tuam?
2417 1538 2477 1596 Id
2507 1548 2587 1594 est
2618 1545 2679 1594 ut
2709 1553 2828 1610 ego,
2862 1536 2957 1610 qui
2986 1536 3116 1593 forti
3148 1535 3306 1591 illum
3339 1535 3588 1607 potentia
3617 1534 3809 1608 repri-

2192 1646 2367 1695 mens,
2390 1644 2501 1684 non
2524 1628 2648 1700 plus
2667 1643 2832 1700 quam
2853 1625 3109 1698 expediat
3137 1624 3332 1681 saevire
3353 1625 3641 1697 permitto,
3661 1623 3808 1698 ejus-

2190 1737 2295 1794 que
2325 1720 2595 1777 saevitiam
2618 1725 2886 1792 quantum
2915 1717 3213 1790 permisero
3243 1717 3300 1772 in
3327 1717 3633 1773 electorum
3661 1733 3806 1772 meo-

2192 1825 2314 1866 rum
2345 1809 2643 1866 utilitatem
2693 1816 3002 1880 retorqueo.
3042 1806 3144 1864 Vel
3190 1813 3336 1864 certe
3380 1821 3608 1864 manum
3641 1820 3808 1879 super

486 1896 619 1955 dum
640 1895 768 1954 ﬁdei
790 1898 1070 1970 negotium
1091 1899 1486 1972 perducuntur,
1510 1909 1572 1957 ut
1592 1901 1897 1958 Leviatban
1924 1902 2084 1960 istius
2115 1921 2162 1982 Β
2191 1916 2318 1956 eum
2358 1915 2562 1972 ponere
2612 1906 2693 1955 est
2737 1897 2966 1954 virtutis
3008 1905 3274 1970 potestate
3321 1913 3602 1968 superare.
3636 1897 3804 1954 Beato

487 1989 733 2047 membra
761 1989 1096 2062 increpando
1135 1999 1298 2064 atque
1342 1990 1622 2048 suadendo
1655 2001 1809 2050 tanto
1838 1995 2085 2050 severius

488 2079 758 2150 incidant,
795 2088 1002 2154 quanto
1027 2088 1081 2138 et
1108 2082 1273 2140 amici
1303 2082 1435 2141 facti
1467 2083 1488 2119 ³
1517 2084 1691 2140 amori
1723 2083 1974 2140 veritatis
2005 2101 2082 2140 se-

489 2169 750 2243 metipsos
793 2168 978 2226 verius
1026 2169 1306 2244 copulant,
1357 2179 1520 2245 atque
1549 2171 1618 2229 ab
1647 2188 1710 2229 eo
1738 2172 2084 2244 peccantium

489 2259 702 2317 animas
730 2266 883 2316 tanto
909 2259 1143 2316 celerius
1171 2259 1518 2330 subtrahunt,
1548 2269 1755 2335 quanto
1788 2263 2087 2333 negotiato-

490 2365 578 2406 res
597 2349 783 2406 idonei
804 2348 984 2406 effecti
1001 2350 1060 2406 in
1086 2351 1395 2424 semetipsis
1413 2351 1777 2424 amplissimas
1793 2351 2086 2424 apothecas

492 2439 764 2496 virtutum
804 2447 1132 2496 monstrant.
1183 2439 1323 2509 Quia
1363 2441 1510 2497 enim
1559 2459 1654 2514 per
1703 2441 2087 2516 praedicatores

489 2527 589 2586 Dei
618 2527 778 2586 valde
821 2527 1172 2588 laudabiliter
1197 2547 1230 2588 a
1255 2530 1559 2590 Leviatban
1598 2531 1706 2590 isto
1734 2551 1819 2590 res
1850 2548 2091 2605 possessa

491 2617 784 2688 dividitur,
814 2619 1065 2676 veritatis
1111 2636 1223 2676 vox
1266 2637 1362 2694 per
1406 2621 1726 2695 prophetam
1776 2623 2088 2694 pollicetur,

492 2706 682 2765 dicens
709 2724 722 2762 :
773 2709 848 2764 Et
873 2707 921 2762 si
947 2709 1280 2781 separaveris
1315 2711 1605 2783 pretiosum
1631 2730 1666 2768 a
1693 2712 1811 2782 vili,
1851 2712 2006 2784 quasi
2032 2729 2090 2767 os

494 2814 664 2854 meum
683 2798 788 2855 eris
817 2798 1032 2870 (Jerem.
1067 2815 1163 2867 xv,
1198 2800 1310 2872 19).
1356 2800 1661 2858 Pretiosum
1692 2802 1893 2874 quippe
1922 2819 1954 2858 a
1989 2801 2090 2858 vili

495 2898 727 2963 separat,
747 2890 842 2964 qui
858 2889 1128 2948 humanas
1147 2900 1358 2948 mentes
1375 2908 1408 2947 a
1431 2891 1661 2964 reproba
1681 2891 1895 2966 antiqui
1918 2891 2090 2949 hostis

494 2979 804 3036 imitatione
833 2978 1124 3052 disjungit.
1155 2981 1319 3037 Recte
1348 2997 1410 3036 os
1444 2980 1543 3038 Dei
1573 2979 1799 3048 dicitur,
1831 2981 1962 3054 quia
1997 2998 2092 3054 per

493 3084 619 3125 eum
639 3069 830 3140 procul
843 3069 1014 3126 dubio
1029 3069 1248 3144 eloquia
1257 3071 1449 3128 divina
1464 3071 2060 3144 formantur.Sequitur
2075 3090 2087 3130 :

849 3159 1078 3218 CAPUT
1110 3161 1292 3219 XVIII
1332 3159 1476 3235 [Rec.
1507 3161 1714 3236 XVII].

2193 1990 2362 2063 igitur
2389 1988 2490 2045 Job
2521 2005 2616 2061 per
2648 1989 3138 2060 interrogationem
3168 1987 3378 2046 dicitur
3413 2004 3425 2043 :

2265 2080 2435 2136 Vens.
2466 2080 2555 2136 27.
2587 2109 2659 2120 -
2687 2079 2859 2136 Pones
2886 2095 3045 2150 super
3072 2095 3189 2134 eum
3215 2094 3433 2134 manum
3464 2083 3612 2133 tuam
3633 2079 3662 2133 7

2267 2167 2407 2243 [Vet.
2439 2167 2682 2240 XXIII.)
2729 2168 2810 2224 Ac
2859 2169 2905 2224 si
2945 2174 3131 2240 aperte
3176 2166 3498 2225 diceretur?
3538 2166 3806 2240 Nunquid

2195 2259 2402 2316 virtute
2433 2259 2592 2316 illum
2620 2258 2843 2332 propria
2869 2260 2890 2294 ⁶
2920 2257 3230 2332 reprimes?
3260 2257 3414 2316 Unde
3442 2265 3498 2313 et
3526 2265 3654 2332 apte
3675 2273 3806 2314 mox

2195 2349 2455 2407 subditur
2487 2366 2498 2404 :

2776 2437 3009 2496 CAPUT
3040 2437 3196 2494 XIX.

2271 2528 2407 2584 IBlD.
2438 2557 2509 2583 —.
2535 2527 2793 2585 Memento
2823 2527 2964 2595 belli,
2995 2544 3087 2581 nec
3115 2527 3266 2582 ultra
3291 2526 3464 2582 addas
3497 2527 3668 2599 loqui.

2269 2619 2358 2676 35.
2403 2620 2572 2687 Quam
2601 2621 2714 2675 alta
2743 2619 3130 2690 dispensatione
3159 2623 3296 2674 Deus
3323 2619 3562 2689 famulos
3588 2635 3714 2674 suos
3731 2619 3811 2675 rel

2199 2709 2380 2774 minis,
2411 2711 2490 2765 rel
2519 2709 2678 2764 etiam
2705 2709 2930 2780 ﬂagellis
2952 2713 3182 2781 premat.
3212 2738 3284 2749 —
3312 2708 3440 2765 Alta
3467 2707 3813 2781 dispensatio

2195 2795 2536 2868 judiciorum
2569 2798 2669 2855 Dei
2699 2798 2908 2856 idcirco
2939 2815 3080 2870 saepe
3099 2797 3239 2854 bene
3269 2805 3540 2855 merentes
3571 2799 3815 2856 famulos

2201 2889 2288 2944 vel
2312 2889 2479 2944 minis
2508 2890 2745 2962 impetit,
2765 2889 2853 2945 vel
2884 2889 3114 2962 ﬂagellis
3129 2889 3453 2962 premit,vel
3473 2889 3814 2963 quibusdam

2201 2979 2643 3050 superimpositis
2677 2978 2942 3035 oneribus
2971 2989 3180 3053 gravat,
3210 2980 3298 3036 vel
3327 2979 3619 3036 laboriosis
3648 2995 3811 3036 occu-

2203 3070 2518 3142 pationibus
2532 3071 2936 3146 implicat,quia
2959 3073 3100 3128 mira
3119 3073 3364 3144 potentia
3379 3070 3814 3145 praevidetquod

2203 3158 2248 3214 si
2275 3159 2447 3232 quieti
2469 3176 2530 3217 ac
2551 3159 2712 3216 liberi
2733 3161 2792 3216 in
2816 3161 3219 3234 tranquillitate
3242 3159 3615 3232 persisterent,
3648 3162 3669 3196 ⁷
3693 3169 3815 3218 ten-

564 3248 736 3346 Vnns.
767 3249 932 3306 26.—
946 3250 1204 3321 Nunquid
1229 3251 1467 3323 implebis
1485 3267 1704 3323 sagenas
1730 3251 1868 3323 pelle
1885 3250 2020 3322 ejus,
2049 3258 2096 3307 et
2122 3283 2166 3346 α
2203 3250 2438 3306 tationes
2470 3250 2612 3308 ferre
2641 3251 2943 3346 adversarii
2973 3267 3082 3306 non
3114 3253 3382 3320 valentes,
3426 3252 3632 3308 mentis
3673 3269 3818 3325 pro-

493 3338 827 3409 gurgustium
851 3340 1078 3410 piscium
1106 3341 1274 3411 capite
1300 3340 1450 3396 illius
1471 3343 1499 3397 ἵ

567 3424 656 3481 34.
689 3427 755 3483 In
775 3427 1022 3482 Ecclesiae
1039 3445 1229 3499 sagena
1245 3428 1401 3500 prius
1419 3429 1560 3502 capti
1581 3430 1890 3502 piscatores,
1913 3429 2095 3486 deinde

489 3532 592 3589 per
629 3532 714 3572 eos
755 3517 988 3572 rhetores
1032 3523 1080 3572 et
1117 3517 1437 3590 philosophi.
1467 3548 1539 3560 —
1565 3519 1710 3587 Quid
1753 3536 1848 3591 per
1873 3535 2096 3592 sagenas

497 3605 584 3661 vel
613 3605 956 3678 gurgustium
987 3605 1222 3678 piscium
1252 3607 1361 3663 nisi
1389 3607 1632 3665 ecclesiae
1672 3608 1942 3677 fidelium,
1974 3626 2094 3682 qua:

496 3711 659 3751 unam
694 3697 715 3732 ³
746 3697 1049 3753 Ecclesiam
1084 3695 1413 3754 catholicam
1448 3697 1676 3767 faciunt,
1729 3699 2094 3772 designatur?

495 3787 651 3844 Unde
680 3787 739 3843 in
769 3788 1070 3860 Evangelio
1096 3789 1363 3862 scriptum
1394 3797 1476 3847 est
1509 3807 1520 3846 :
1565 3790 1749 3847 Simile
1776 3798 1850 3846 est
1875 3808 2096 3863 regnum

493 3878 744 3933 calorum
771 3895 975 3950 sugente
1000 3877 1174 3935 missw
1201 3879 1258 3934 in
1284 3895 1449 3949 mare,
1480 3885 1529 3935 et
1555 3897 1620 3935 ea:
1639 3880 1783 3936 omni
1808 3896 1990 3950 genere
2011 3880 2092 3952 pi-

493 3965 658 4022 scium
675 3969 1012 4040 congreganti
1043 3968 1262 4037 (Matth.
1277 3969 1532 4041 xm,h7).
1558 3970 1806 4039 Regnum
1828 3969 2093 4026 caelorum

493 4055 704 4120 scilicet
723 4063 954 4114 vocatur
980 4057 1250 4124 Ecclesia,
1279 4058 1439 4132 cujus
1467 4058 1602 4115 dum
1622 4075 1803 4115 mores
1822 4058 2096 4115 Dominus

493 4144 561 4200 ad
591 4161 830 4218 superna
869 4145 1142 4215 sublevat,
1181 4147 1296 4220 jam
1336 4147 1455 4206 haec
1483 4148 1602 4222 ipsa
1632 4147 1690 4203 in
1727 4148 1968 4205 Domino
1998 4162 2096 4220 per

493 4233 771 4290 cmlestem
817 4233 1292 4292 conversationem
1322 4243 1532 4308 regnat.
1583 4236 1715 4304 Quae
1746 4244 1895 4292 recte
1925 4235 2092 4290 etiam

493 4337 705 4393 sagenaa
731 4321 910 4379 missa
942 4322 1000 4377 in
1029 4339 1178 4380 mare
1207 4331 1578 4396 comparatur,
1618 4340 1688 4380 ex
1717 4323 1872 4380 omni
1900 4339 2096 4396 genere

494 4409 728 4482 piscium
759 4413 1132 4484 congreganti,
1182 4412 1316 4485 quia
1345 4412 1513 4468 missa
1540 4412 1599 4468 in
1632 4411 1738 4469 hoc
1767 4412 2098 4484 gentilitatis

491 4499 778 4572 saculum,
807 4501 1024 4557 nullum
1052 4500 1284 4573 respuit;
1317 4501 1411 4558 sed
1443 4503 1614 4559 malos
1642 4518 1767 4560 cum
1798 4501 1976 4570 bonis,
2009 4518 2095 4557 su-

491 4586 689 4660 perbos
715 4603 844 4644 cum
877 4587 1204 4658 humilibus,
1252 4589 1542 4646 iracundos
1583 4606 1709 4648 cum
1759 4589 2007 4659 mitibus,
2039 4597 2093 4646 et

491 4677 672 4735 fatuos
699 4693 824 4734 cum
857 4677 1198 4750 sapientibus
1242 4680 1405 4751 cepit.
1454 4679 1518 4735 In
1557 4679 1696 4752 pelle
1726 4695 1857 4736 vero
1887 4679 2092 4735 Levia-

488 4767 625 4824 tban
659 4767 841 4838 istius,
888 4767 1085 4826 stultos
1129 4768 1249 4842 ejus
1286 4770 1550 4842 corporis,
1587 4769 1648 4825 in
1697 4770 1875 4841 capite
1905 4778 2089 4826 autem

487 4857 784 4930 prudentes
811 4857 1132 4930 accipimus.
1176 4860 1277 4917 Vel
1307 4867 1452 4916 certe
1481 4860 1643 4931 pelle,
1683 4875 1805 4932 quae
1834 4867 1913 4916 est
1942 4866 2090 4914 exte-

486 4947 624 5018 rius,
644 4947 853 5006 subditi
874 4947 942 5004 ad
965 4948 1080 5005 haec
1100 4958 1345 5006 extrema
1365 4948 1686 5018 servientes,
1705 4948 1883 5021 capite
1899 4955 2086 5005 autem

483 5038 786 5111 praepositi,
829 5037 1205 5112 designantur.
1255 5039 1328 5094 Et
1355 5037 1491 5095 bene
1523 5039 1816 5104 Dominus,
1863 5046 2084 5096 servato

484 5127 698 5197 ordine,
728 5127 828 5185 has
855 5144 1078 5200 sagenas
1108 5129 1194 5185 vel
1226 5127 1572 5202 gurgustium
1601 5127 1860 5200 piscium,
1908 5128 1964 5184 id
2002 5135 2083 5184 est

488 5221 679 5280 1098
719 5217 1023 5274 Ecclesiam
1053 5234 1230 5288 suam,
1259 5225 1316 5275 et
1343 5225 1472 5274 vota
1501 5217 1750 5274 ﬁdelium
1784 5216 1936 5290 prius
1973 5219 1994 5252 ⁴
2027 5233 2085 5273 se

485 5310 626 5382 pelle
651 5310 770 5384 ejus
799 5322 854 5370 et
881 5315 1232 5388 postmodum
1257 5316 1434 5389 capite
1463 5314 1660 5372 asserit
1686 5313 2070 5387 impleturum,

485 5398 636 5471 quia,
665 5399 806 5458 sicut
833 5403 1084 5478 superius
1109 5404 1356 5464 diximus
1387 5405 1568 5478 (Sup.,
1598 5423 1643 5462 c.
1672 5403 1739 5462 16
1766 5403 1927 5476 hujus
1958 5403 2073 5472 lib.,

556 5634 572 5669 ¹
606 5633 728 5689 Val.
761 5632 870 5702 CL,
900 5635 1148 5694 virorem.

553 5706 575 5740 ³
603 5703 798 5774 Laud.,
827 5724 1024 5765 amore.

551 5778 573 5812 ³
609 5775 818 5854 Gemet.
863 5789 916 5837 et
943 5780 1076 5854 duoi
1097 5780 1306 5854 Germ.,
1349 5781 1696 5854 simpliciter,
1739 5783 2069 5840 catholicam.

477 5847 848 5928 Quonomine
877 5869 1006 5928 vera
1034 5847 1300 5908 Ecclesia
1325 5869 1437 5910 non
1462 5847 1590 5911 raro
1627 5847 1691 5911 in
1714 5855 2075 5928 scriptoribus

475 5921 644 5980 sacris
671 5920 1022 5994 intelligitur.

2203 3340 2362 3397 strati
2392 3340 2725 3398 vulneribus
2747 3339 3017 3413 jacerent.
3058 3342 3204 3398 Dum
3233 3358 3362 3415 ergo
3387 3357 3479 3399 eos
3505 3343 3648 3399 foris
3676 3345 3816 3400 tole-

2201 3427 2390 3485 randis
2419 3429 2649 3502 ﬂagellis
2677 3431 2762 3487 vel
2785 3430 3048 3487 oneribus
3069 3431 3090 3466 ⁸
3110 3439 3360 3505 occupat,
3383 3449 3414 3488 a
3442 3432 3817 3505 suscipiendis

2202 3518 2354 3576 intus
2381 3521 2748 3576 tentationnm
2772 3519 2974 3592 jaculis
3000 3521 3259 3579 occultat.
3283 3522 3454 3578 Moris
3474 3523 3680 3598 quippe
3701 3540 3815 3580 me-

2202 3608 2460 3666 dicinalis
2488 3617 2591 3678 est,
2620 3617 2683 3665 ut
2710 3627 2851 3681 saepe
2880 3610 3152 3666 fervorem
3184 3612 3458 3668 viscerum
3486 3613 3542 3668 in
3574 3614 3818 3686 prurigi-

2205 3715 2326 3755 nem
2359 3700 2504 3756 cutis
2534 3699 2736 3768 trahat,
2779 3707 2833 3755 et
2862 3699 3185 3773 plerumque
3212 3700 3343 3757 inde
3373 3701 3608 3759 interius
3629 3711 3816 3772 curat,

2204 3789 2350 3845 unde
2378 3788 2626 3846 exterius
2654 3789 2884 3846 sauciat.
2916 3791 2996 3846 Ita
3023 3806 3420 3866 nonnunquam
3451 3792 3660 3849 divinae
3685 3793 3820 3850 dis-

2203 3877 2543 3950 pensationis
2563 3877 2927 3936 medicamine
2952 3879 3133 3952 agitur
3153 3889 3216 3936 ut
3242 3881 3611 3938 exterioribus
3639 3881 3820 3940 dolo-

2205 3967 2361 4023 ribus
2390 3967 2670 4022 internum
2703 3967 2909 4023 vulnus
2933 3967 3228 4038 adimatur,
3256 3977 3317 4025 et
3339 3969 3684 4042 ﬂagellorum
3716 3987 3820 4027 se-

2204 4055 2484 4113 ctionibus
2503 4056 2798 4128 repellatur
2818 4072 2882 4111 ea
2902 4073 3022 4129 quae
3046 4073 3311 4130 occupare
3332 4067 3573 4116 mentem
3595 4067 3819 4132 poterat

2207 4145 2440 4202 interior
2469 4145 2703 4217 putredo
2731 4145 3031 4214 vitiorum;
3073 4155 3128 4204 et
3157 4154 3339 4204 tamen
3369 4165 3510 4222 saepe
3537 4149 3674 4206 dum
3704 4167 3820 4224 pa—

2207 4235 2374 4291 tentis
2403 4235 2576 4308 culpaa
2613 4233 2721 4290 sibi
2751 4233 3006 4292 homines
3049 4237 3260 4294 conscii
3291 4255 3404 4295 non
3440 4247 3593 4308 sunt,
3623 4247 3681 4296 et
3717 4250 3820 4298 aut

2206 4325 2494 4382 doloribus
2543 4325 2883 4395 cruciantur,
2929 4333 3024 4383 aut
3069 4326 3353 4385 laboribus
3394 4327 3819 4402 deprimuntur,

2206 4423 2397 4472 contra
2420 4414 2632 4488 justum
2655 4425 2818 4492 atque
2847 4418 3280 4491 omnipotentem
3307 4419 3552 4492 judicem
3588 4423 3646 4478 in
3679 4439 3817 4497 que-

2207 4505 2374 4562 relam
2387 4506 2702 4578 prosiliunt,
2725 4507 2938 4565 scilicet
2949 4509 3132 4564 minus
3145 4508 3422 4566 intuentes
3437 4521 3635 4568 contra
3646 4529 3816 4587 quem

2207 4597 2406 4654 fortem
2431 4597 2806 4655 adversarium
2833 4599 3040 4657 bellum
3071 4608 3286 4672 gerunt.
3336 4600 3507 4676 Cujus
3535 4605 3584 4660 si
3614 4605 3818 4662 intole-

2201 4687 2403 4745 rabiles
2433 4689 2580 4745 vires
2599 4689 2835 4746 sollicite
2861 4690 3226 4761 attenderent,
3250 4708 3598 4768 nequaquam
3630 4695 3702 4753 de
3728 4695 3819 4753 his

2204 4794 2323 4850 quae
2351 4779 2598 4836 exterius
2627 4780 2866 4837 tolerant
2901 4792 3332 4839 murmurarent.

2271 4867 2360 4926 36.
2394 4871 2516 4926 Haec
2541 4869 2732 4941 gravia
2758 4887 2865 4926 non
2893 4870 3159 4938 videntur,
3179 4873 3227 4927 si
3247 4872 3382 4928 bella
3406 4875 3600 4930 occulti
3626 4877 3816 4932 aduer-

2198 4959 2337 5014 sarii
2361 4959 2620 5031 graviora
2655 4961 3024 5032 ponderemus.
3074 4962 3195 5017 Non
3217 4963 3396 5034 patris
3422 4965 3700 5036 ﬂagellum
3729 4969 3818 5024 sed

2198 5048 2360 5103 hostis
2386 5047 2625 5120 gladium
2651 5048 3226 5119 fomidemus.—Sed
3254 5051 3378 5108 ideo
3413 5051 3688 5110 videntur
3723 5073 3816 5113 no-

2196 5136 2282 5192 bis
2304 5137 2421 5194 haac
2443 5139 2653 5210 gravia,
2685 5139 2813 5212 quia
2844 5137 2991 5196 bella
3018 5139 3223 5198 occulti
3244 5139 3530 5198 adversari
3547 5146 3818 5203 nolumus

2195 5243 2422 5302 pensare
2446 5227 2719 5301 graviora.
2744 5231 2792 5285 A
2813 5228 3012 5302 quibus
3033 5229 3356 5304 plerumque
3376 5232 3564 5302 bellis,
3583 5244 3649 5290 ut
3672 5235 3814 5292 dixi-

2189 5333 2333 5384 mus,
2363 5316 2497 5373 dum
2530 5317 2895 5389 ﬂagellamur,
2916 5316 3290 5387 defendimur,
3313 5318 3449 5375 dum
3481 5321 3814 5396 aﬂligimur,

2187 5408 2549 5466 occultamur.
2584 5407 2724 5465 Caro
2752 5408 2905 5465 enim
2934 5417 3126 5466 nostra
3150 5407 3307 5482 prius
3335 5426 3502 5484 quam
3531 5429 3812 5472 resurrec-

2259 5641 2281 5714 ξ
2311 5637 2573 5714 γειιηρι..
2603 5641 2697 5697 sub
2722 5643 2876 5714 pelle.

2257 5713 2278 5788 ξ
2310 5713 2506 5788 Laud.,
2537 5713 2760 5782 PratelL,
2791 5713 3053 5788 Vin_doc.,
3084 5714 3346 5788 inﬁmos.

2257 5785 2280 5820 ⁶
2311 5787 2391 5840 Ita
2409 5786 2562 5853 Mss.,
2593 5802 2728 5853 non,
2757 5785 3029 5857 reprimis,
3058 5795 3120 5844 ut
3144 5785 3359 5844 'Excusi
3395 5787 3609 5848 ferunt.

2257 5857 2276 5890 ⁷
2311 5857 2546 5914 Vindoc.
2580 5873 2643 5914 ac
2669 5859 2896 5924 Pratel.,
2930 5864 3248 5915 tentantes...
3282 5859 3655 5918 adversarios.

2259 5928 2280 5964 ³
2307 5927 2531 5988 Ebroic.
2571 5929 2776 6006 aliique
2815 5931 3030 6002 Norm.,
3066 5947 3194 5991 cum
3271 5930 3541 6003 Vindoc.,
3571 5934 3793 6008 imptica
