3936 6374
162 435 275 494 697

963 442 1339 506 MOBALIUM
1375 448 1489 507 LIB
1528 449 1790 514 xxxm.
1826 484 1899 501 —
1934 455 2007 517 IN
2045 438 2275 521 CAPUT
2311 464 2435 524 XLI
2471 468 2534 526 Β.
2575 470 2718 529 me.

3372 483 3480 543 698

160 564 338 672 tionis
362 564 785 672 incorruptione
812 568 1099 672 solidetur,
1131 573 1177 631 si
1202 575 1358 672 nullo
1380 594 1611 636 maerore
1632 582 1764 642 aﬂi-
1791 589 1844 650 Α
1872 604 1943 644 no
1964 595 2099 646 tunc
2106 587 2294 662 judice
2317 593 2641 653 terribiliter
2669 610 2983 672 apparente,
3024 608 3334 666 astantibus
3384 612 3474 670 le-

160 655 338 726 citnr,
358 656 417 713 in
448 659 846 718 tentationibus
860 661 1176 723 eﬂ‘renatur.
1206 667 1341 735 Quis
1361 679 1543 728 autem
1563 675 1771 734 nesciat

164 745 319 837 quod
343 747 519 803 multo
558 749 756 806 melius
776 751 848 809 sit
876 752 1065 809 ardere
1085 753 1306 813 ﬂamma
1334 758 1574 817 febrium
1606 779 1770 837 quam

165 835 297 928 igne
326 836 591 894 vitiorum
615 840 642 896 ?
662 841 733 897 Et
747 849 928 899 tamen
950 861 1076 903 cum
1093 846 1242 903 febre
1261 835 1773 928 corripimur,vquia

166 927 441 985 vitiorum
458 938 651 987 estum
669 932 764 1006 qui
789 952 1055 1010 occupare
1076 955 1176 995 nos
1196 948 1408 1013 poterat
1423 927 1772 1001 considerare

165 1022 526 1095 negligimus,
557 1024 623 1081 de
651 1028 996 1098 percussione
1027 1049 1455 1092 murmuramus.
1489 1037 1623 1103 Quis
1652 1055 1770 1095 nes-

163 1112 281 1169 ciat
305 1113 455 1187 quod
485 1116 660 1171 multo
682 1118 879 1174 melius
908 1120 980 1175 sit
1000 1120 1155 1178 duris
1186 1122 1243 1178 in
1267 1126 1494 1182 servitio
1516 1124 1772 1183 homini-

164 1205 274 1261 bus
313 1204 703 1280 subjici,quam
735 1207 1148 1269 blandientibus
1185 1219 1375 1278 1099
1415 1215 1772 1275 daamoniacis

166 1303 459 1377 spiritibus
487 1307 649 1365 subdi
672 1307 700 1363 7
718 1310 791 1366 Et
819 1319 1001 1369 tamen
1028 1332 1153 1372 cum
1171 1316 1282 1373 alto
1304 1317 1401 1372 Dei
1413 1316 1628 1388 judicio
1638 1316 1772 1390 jugo

166 1394 431 1452 humanae
461 1397 800 1456 conditionis
823 1403 1134 1472 atterimur,
1168 1406 1224 1460 in
1248 1407 1544 1479 queerelam
1584 1406 1773 1478 prosi—

167 1484 359 1554 limus,
384 1487 650 1546 nimirum
679 1490 808 1565 quia
838 1491 1023 1547 minus
1050 1494 1385 1550 attendimus
1407 1493 1555 1567 quod
1598 1495 1641 1550 si
1674 1511 1773 1551 nos

168 1577 327 1632 nulla
353 1576 601 1634 conditio
631 1581 916 1638 servitutis
944 1583 1301 1655 opprimeret,
1334 1570 1587 1641 fortasse-
1618 1602 1772 1643 mens

166 1673 361 1722 nostra
391 1667 581 1723 multis
630 1669 1018 1744 iniquitatibus
1057 1672 1211 1745 pejus
1246 1674 1418 1731 libera
1446 1674 1768 1733 deserviret.

162 1764 299 1821 Ideo
320 1781 447 1838 ergo
476 1764 595 1823 haec
622 1784 741 1841 quae
772 1770 1093 1839 toleramus,
1117 1772 1304 1843 gravia
1323 1771 1624 1842 credimus,
1644 1772 1775 1846 quia

165 1852 315 1910 bella
344 1853 518 1913 hostis
540 1855 748 1927 callidi,
782 1874 945 1932 quam
974 1858 1086 1915 sint
1105 1868 1297 1918 contra
1326 1877 1425 1918 nos
1445 1861 1581 1919 dura
1610 1870 1773 1935 atque

1880 675 2136 747 gionibus
2180 684 2523 756 angelorum,
2570 687 2857 744 assistente
2913 701 3112 749 cuncto
3140 695 3472 763 {ministerio

1880 768 2185 825 ccelestium
2218 780 2572 844 potestatum,
2593 784 2755 850 atque
2781 779 2969 836 electis
2988 783 3246 841 omnibus
3269 787 3337 842 ad
3366 788 3475 844 hoc

1882 861 2253 929 spectaculum
2274 863 2546 934 deductis,
2564 865 2670 923 ista
2697 866 2884 924 bellua
2897 871 3135 928 crudelis
3159 882 3213 930 et
3231 874 3391 932 fortis
3412 877 3471 933 in

1882 947 2127 1005 medium
2156 954 2375 1025 captiva
2411 954 2724 1025 deducitur,
2754 967 2809 1014 et
2839 975 2966 1016 cum
2996 977 3097 1017 suo
3139 980 3385 1035 corpore,
3419 966 3477 1023 id

1881 1048 1961 1096 est
1989 1057 2114 1097 cum
2146 1043 2394 1114 reprobis
2423 1045 2701 1114 omnibus,
2749 1049 2968 1105 zeternis
2999 1050 3260 1122 gehennae
3290 1054 3478 1121 incen-

1882 1128 1991 1185 diis
2024 1133 2393 1204 mancipatur,
2416 1151 2543 1193 cum
2573 1135 2815 1193 dicitur:
2841 1140 3101 1197 Discedite
3137 1161 3171 1198 a
3200 1161 3297 1212 me,
3316 1147 3477 1201 male-

1882 1219 2029 1286 dicti,
2052 1221 2108 1276 in
2136 1222 2306 1294 ignem
2327 1230 2600 1289 aeternum,
2623 1227 2715 1295 qui
2728 1235 3071 1298 prceparatus
3091 1236 3166 1285 est
3190 1231 3405 1289 diabolo
3430 1239 3479 1288 et

1882 1311 2081 1382 angelis
2101 1310 2213 1380 ejus
2240 1314 2459 1384 (Matth.
2492 1331 2629 1383 xxv,
2654 1314 2772 1387 41).
2802 1316 2847 1372 Ο
2877 1319 3038 1390 quale
3065 1321 3169 1374 erit
3191 1320 3332 1376 illud
3362 1338 3479 1393 spe-

1883 1401 2406 1475 ctaculum,quando
2427 1404 2544 1461 haec
2559 1405 2960 1466 immanissima
2988 1409 3161 1465 bestia
3180 1411 3481 1469 electorum

1884 1491 2061 1548 oculis
2089 1492 2427 1562 ostendetur,
2450 1510 2571 1567 quae
2592 1494 2697 1553 hoc
2725 1497 2858 1553 belli
2889 1505 3134 1571 tempore
3166 1500 3333 1556 nimis
3354 1501 3482 1559 illos

1882 1592 2084 1642 terrere
2114 1594 2387 1658 potuerat,
2421 1587 2467 1643 si
2498 1587 2811 1645 videretur!
2845 1589 2950 1646 Sed
2984 1591 3201 1646 occulto
3247 1607 3311 1650 ac
3340 1592 3483 1648 miro

1882 1673 1981 1728 Dei
2013 1674 2245 1730 consilio
2276 1676 2544 1746 agitur,ut
2563 1687 2617 1733 et
2635 1694 2784 1735 nunc
2804 1695 2900 1750 per
2919 1678 3037 1750 ejus
3066 1680 3297 1751 gratiam
3327 1697 3486 1753 apu-

1883 1763 2176 1835 gnantibus
2197 1780 2309 1819 non
2326 1763 2444 1819 visa
2466 1766 2809 1836 vincatur,et
2824 1775 2957 1826 tunc
2972 1784 3003 1823 a
3020 1768 3160 1825 laetis
3175 1768 3483 1827 victoribus

1876 1853 1993 1926 jam
2022 1853 2241 1925 captiva
2271 1853 2550 1911 videatur.
2592 1862 2782 1918 1100
2811 1857 2965 1913 Tunc
2993 1866 3178 1915 autem
3212 1856 3350 1932 justi
3379 1859 3480 1915 di-

170 1942 550 2001 intolerabilia
578 1963 689 2005 non
721 1947 995 2005 videmus.
1013 1949 1184 2005 Menti
1201 1950 1348 2006 enim
1383 1958 1585 2007 nostrae
1617 1968 1780 2009 omne
1812 1943 1859 2004 B
1888 1953 2021 2009 vino
2045 1950 2323 2025 adjutorio
2344 1960 2614 2025 quantum
2631 1952 2905 2010 debitores
2933 1963 3062 2011 sunt
3084 1954 3302 2027 plenius
3322 1971 3486 2012 reco-

171 2033 393 2106 pondus
422 2035 734 2106 vilesceret,
758 2036 803 2093 si
834 2053 897 2093 ea
924 2054 1043 2112 quae
1073 2055 1128 2095 se
1164 2039 1473 2112 opprimere
1502 2049 1777 2114 poterant,

170 2125 380 2184 occulti
408 2127 710 2187 adversarii
739 2127 884 2186 bella
904 2137 1176 2202 pensaret.
1201 2131 1347 2199 Quid
1366 2132 1514 2188 enim
1534 2132 1580 2188 si
1600 2132 1779 2189 omni-

170 2223 371 2288 potens
386 2218 531 2274 Deus
551 2233 718 2274 onera
748 2234 869 2290 quae
900 2217 1144 2291 patimur
1174 2220 1445 2291 sublevet,
1470 2222 1564 2279 sed
1596 2231 1779 2279 tamen

172 2321 275 2362 sua
308 2304 471 2361 nobis
503 2304 782 2378 adjutoria
811 2306 1121 2376 subtrahat,
1139 2315 1195 2366 et
1220 2308 1366 2367 inter
1392 2310 1781 2368 Leviathanis-

171 2394 288 2450 tius
341 2409 443 2450 nos
472 2401 815 2451 tentamenta
868 2395 1266 2471 derelinquat?
1300 2399 1571 2456 Saeviente
1625 2407 1782 2457 tanto

174 2482 335 2539 hoste
365 2500 473 2557 quo
503 2483 729 2553 ibimus,
748 2485 793 2540 si
814 2486 986 2542 nullis
1012 2487 1255 2545 auctoris
1283 2489 1459 2545 nostri
1489 2492 1781 2562 protectio-

173 2571 342 2629 nibus
370 2572 777 2633 defendamur?
807 2575 948 2643 Quia
976 2592 1105 2648 ergo
1133 2576 1324 2634 beatus
1338 2578 1440 2635 Job
1469 2581 1645 2652 culpae
1675 2581 1782 2645 sibi

172 2661 430 2719 conscius
458 2679 568 2719 non
597 2671 735 2732 erat,
768 2673 822 2721 et
851 2664 989 2720 dura
1016 2672 1200 2721 tamen
1248 2665 1463 2739 flagella
1492 2668 1779 2739 tolerabat,

174 2766 246 2806 ne
279 2750 510 2807 fortasse
541 2751 599 2807 in
627 2753 767 2808 vitio
812 2753 1271 2811 murmurationis
1313 2756 1326 2789 ¹
1369 2756 1620 2826 excedat,
1656 2773 1783 2813 me-

171 2846 425 2895 moretur
453 2837 601 2911 quod
628 2838 841 2906 timeat,
885 2848 939 2896 et
984 2840 1199 2897 dicatur
1226 2843 1276 2898 ei
1311 2861 1322 2899 :
1356 2843 1610 2900 Memento
1638 2843 1780 2911 belli,

170 2945 263 2985 nec
285 2929 432 2984 ultra
459 2928 481 2962 ³
509 2929 670 2984 addes
701 2930 847 3001 loqui
876 2928 1020 3004 [Rea
1039 2931 1278 3007 XVIII.]
1310 2933 1391 2990 Ac
1419 2933 1465 2989 si
1507 2934 1555 2990 ei
1599 2943 1783 3008 aperte

173 3022 456 3080 diceretur
487 3038 499 3077 :
533 3023 589 3079 Si
620 3024 823 3081 occulti
853 3023 1032 3081 hostis
1056 3035 1249 3083 contra
1274 3034 1327 3083 te
1360 3027 1571 3084 bellum
1589 3030 1783 3086 consi-

176 3112 356 3170 deras.
392 3112 665 3186 quidquid
695 3129 727 3168 a
756 3129 843 3170 me
875 3109 1098 3188 pateris,
1132 3133 1243 3172 non
1263 3134 1507 3175 accusas.
1539 3119 1594 3174 Si
1618 3119 1785 3191 impe.

176 3208 385 3259 tentem
438 3208 492 3258 te
551 3201 849 3260 adversarii
882 3203 1124 3276 gladium
1166 3206 1458 3279 prospicis,
1509 3206 1784 3279 ﬂagellum

1889 2050 2180 2115 gnoscunt,
2211 2041 2430 2115 quando
2450 2050 2562 2100 tam
2589 2042 2791 2100 fortem
2809 2042 3040 2102 bestiam
3061 2043 3306 2101 viderint
3321 2061 3485 2118 quam

1889 2149 2043 2189 nunc
2069 2131 2281 2189 inﬁrmi
2312 2133 2590 2201 vicerunt,
2624 2141 2679 2189 et
2712 2133 2771 2191 in
2803 2132 2981 2191 hostis
3027 2135 3115 2191 sui
3142 2134 3487 2192 immanitate

1890 2222 2243 2296 conspiciunt
2271 2230 2539 2296 quantum
2556 2223 2792 2281 debeant
2819 2225 3005 2299 gratiae
3036 2223 3341 2282 defensoris
3377 2224 3484 2281 sui.

1891 2312 2141 2370 Redeunt
2170 2313 2319 2370 enim
2349 2313 2417 2370 de
2447 2312 2554 2371 hoc
2582 2314 2775 2387 pralio
2796 2323 2931 2373 tunc
2944 2314 3150 2373 milites
3179 2315 3355 2371 nostri
3377 2315 3487 2370 vir-

1889 2408 2072 2459 tutum
2102 2402 2349 2476 trophaea
2395 2402 2725 2470 referentes;
2761 2411 2815 2459 et
2870 2404 3103 2476 receptis
3140 2402 3486 2476 corporibus,

1891 2509 2016 2549 cum
2042 2491 2158 2565 jam
2188 2492 2248 2549 in
2277 2493 2374 2549 illo
2397 2491 2611 2564 judicio
2624 2493 2859 2550 caelestis
2877 2495 3031 2565 regni
3055 2494 3345 2550 introitum
3362 2509 3491 2549 sor-

1890 2585 2129 2654 tiuntur,
2150 2585 2304 2658 prius
2323 2583 2751 2642 immanissimas
2778 2583 2928 2641 vires
2949 2583 3115 2656 hujus
3142 2584 3359 2658 antiqui
3379 2599 3487 2640 ser-

1890 2676 2071 2748 pentis
2099 2675 2395 2748 aspiciunt,
2426 2691 2494 2730 ne
2523 2675 2634 2731 vile
2667 2674 2960 2744 zestiment,
2993 2674 3141 2749 quod
3169 2682 3485 2732 evaserunt.

1894 2764 2037 2821 Bene
2067 2781 2195 2838 ergo
2224 2766 2430 2822 dicitur
2455 2783 2465 2820 :
2501 2767 2576 2822 Et
2592 2764 2889 2821 videntibus
2912 2765 3109 2820 cunctis
3132 2763 3487 2837 praecipitabi-

1895 2860 2003 2922 tur,
2025 2855 2155 2927 quia
2185 2855 2303 2911 visa
2334 2852 2607 2925 morsejus
2623 2863 2755 2910 tunc
2772 2853 3033 2925 gaudium
3051 2853 3299 2922 exhibet,
3331 2852 3488 2923 cujus

1894 2943 2123 2999 tolerata
2179 2943 2293 2999 vita
2352 2959 2501 2999 nunc
2552 2943 2719 3015 justis
2750 2943 2999 3015 quotidie
3052 2942 3110 2996 in
3149 2941 3488 2999 cruciatibus

1892 3032 2100 3088 bellum
2132 3040 2335 3089 movet.
2382 3030 2487 3088 Sed
2544 3031 2832 3088 audientes
2878 3032 3002 3100 ista,
3033 3046 3097 3087 ac
3143 3030 3190 3086 si
3237 3029 3489 3102 protinus

1893 3139 2290 3197 quereremur,,
2311 3122 2551 3179 Domino
2573 3121 2817 3178 dicentes
2851 3139 2862 3177 :
2895 3120 3151 3188 Domine,
3183 3119 3277 3192 qui
3298 3118 3490 3175 Levia-

1894 3212 2028 3268 than
2056 3212 2223 3267 istum
2252 3218 2418 3267 tantae
2448 3227 2565 3267 esse
2593 3210 2937 3268 fortitudinis
2966 3226 3076 3266 non
3109 3209 3345 3282 ignoras,
3363 3223 3488 3263 eum

179 3290 354 3366 patris
384 3291 703 3347 nullatenus
735 3291 1130 3364 perhorrescis.
1163 3294 1332 3351 Vides
1361 3295 1499 3352 inim
1528 3296 1674 3368 quali
1697 3294 1790 3351 ﬂa-
1818 3305 1862 3366 Ο
1892 3304 1949 3358 in
1981 3300 2278 3357 certamine
2306 3300 2645 3357 infirmitatis
2674 3308 2875 3356 nostrae
2905 3316 3003 3357 cur
3031 3298 3306 3356 suscitas?
3338 3298 3489 3353 illico

179 3379 324 3453 gello
352 3388 405 3436 te
438 3380 602 3450 ferio,
628 3380 722 3438 sed
760 3381 964 3439 intueri
996 3383 1227 3455 negligis
1255 3400 1285 3440 a
1314 3392 1521 3458 quanto
1544 3393 1593 3440 te
1626 3385 1782 3441 hoste

177 3469 508 3543 flagellando
540 3472 778 3528 liberum
833 3487 1013 3529 servo.
1044 3474 1302 3531 Memento
1347 3492 1469 3548 ergo
1511 3475 1654 3541 belli,
1694 3492 1784 3531 nec

178 3564 329 3619 ultra
358 3564 531 3620 addas
562 3565 727 3636 loqui,
760 3564 817 3623 id
846 3572 947 3634 est,
970 3572 1123 3622 tanto
1145 3573 1198 3621 te
1215 3565 1281 3623 ad
1299 3566 1646 3640 disciplinam
1677 3584 1784 3641 pa-

180 3652 283 3709 tris
310 3651 513 3709 exhibe
531 3653 783 3724 tacitum,
813 3664 1018 3728 quanto
1034 3662 1086 3711 te
1108 3655 1375 3728 prospicis
1403 3656 1471 3713 ad
1500 3656 1644 3713 bella
1672 3657 1784 3713 ho-

181 3744 284 3801 stis
314 3742 619 3800 inﬁrmum.
651 3746 796 3801 Dum
827 3761 955 3818 ergo
984 3762 1071 3802 me
1101 3747 1429 3821 corripiente
1460 3748 1783 3820 percuteris,

179 3841 247 3890 ut
275 3834 661 3906 aequanimiter
691 3835 854 3904 feras,
884 3834 1100 3893 hostem
1141 3843 1299 3893 tuum
1348 3836 1416 3893 ad
1460 3837 1783 3893 memoriam

180 3941 400 3996 revoca,
428 3931 483 3981 et
510 3924 712 3982 durum
742 3941 854 3981 non
901 3925 1139 3981 aestimes
1177 3941 1339 3981 omne
1368 3926 1515 3998 quod
1562 3926 1785 3999 pateris,

179 4019 317 4076 dum
348 4020 597 4076 externis
635 4019 976 4077 cruciatibus
1002 4018 1070 4076 ab
1100 4020 1318 4076 interna
1359 4018 1610 4092 passione
1636 4019 1786 4076 libe-

181 4109 344 4165 raris.
382 4108 527 4177 Quia
546 4116 733 4165 autem
762 4108 1066 4166 Leviathan
1100 4108 1200 4165 iste
1229 4108 1297 4165 de
1336 4106 1527 4165 divina
1556 4106 1785 4164 miseri-

180 4197 377 4255 cordia
414 4197 554 4254 falsa
607 4198 714 4254 sibi
762 4198 1128 4269 promissione
1156 4197 1460 4265 blanditur,
1494 4205 1783 4270 postquam

182 4295 449 4345 terrorem
476 4287 822 4345 fortitudinis
852 4288 969 4361 ejus
1025 4288 1239 4357 intulit,
1266 4295 1320 4345 et
1348 4287 1493 4344 beati
1523 4287 1625 4344 Job
1651 4288 1785 4344 ani-

184 4394 337 4434 mum
384 4379 442 4434 in
484 4377 601 4451 ejus
655 4378 1152 4451 circumspectione
1189 4377 1515 4445 commovit,
1546 4376 1736 4434 dicens
1769 4394 1781 4433 :

182 4469 441 4527 Memento
473 4468 615 4537 belli,
637 4484 729 4523 nec
749 4468 895 4523 ultra
928 4468 1098 4523 addas
1130 4467 1312 4538 loqui;
1340 4474 1403 4524 ut
1432 4466 1786 4525 irremissibi-

187 4560 299 4616 lem
329 4567 545 4617 reatum
574 4575 693 4631 ejus
719 4557 1053 4626 ostenderet,
1084 4558 1236 4614 illico
1266 4558 1527 4631 adjunxit
1556 4574 1568 4613 :

419 4649 647 4707 CAPUT
677 4648 785 4704 XX
817 4645 956 4720 [Vet.
990 4648 1187 4716 XXIV,
1219 4649 1338 4705 Rec.
1370 4647 1548 4722 XIX].

257 4747 430 4804 Vens.
464 4746 552 4803 28.
587 4776 661 4789 -—
684 4748 705 4781 ³
734 4746 867 4802 Ecce
895 4760 1008 4816 spes
1036 4742 1150 4813 ejus
1177 4742 1540 4815 frustrabitur
1576 4761 1713 4801 eum.

261 4835 579 4892 37.Diaboli
602 4840 650 4891 et
667 4834 1018 4907 reproborum
1038 4833 1272 4888 omnium
1285 4839 1481 4889 wtema
1496 4833 1789 4902 damnatio,

182 4925 536 4999 praesentibus
566 4923 807 4981 omnibus
835 4922 1006 4978 electis
1037 4922 1381 4993 publicanda.
1410 4954 1481 4965 —
1519 4924 1677 4992 Quod
1712 4924 1791 4981 sic

186 5016 256 5074 de
286 5032 350 5071 eo
385 5014 547 5072 debet
568 5012 905 5086 intelligi,ut
933 5010 1125 5067 referri
1156 5010 1320 5067 etiam
1341 5012 1575 5069 adillius
1594 5031 1796 5087 corpus

185 5103 380 5177 possit,
412 5102 543 5177 quia
569 5101 748 5175 iniqui
778 5116 970 5157 omnes
999 5100 1093 5174 qui
1123 5098 1527 5156 districtionem
1557 5100 1793 5174 justitiae

186 5191 398 5249 divinas
426 5208 540 5248 non
570 5198 843 5258 metuunt,
877 5192 1153 5248 incassum
1184 5188 1291 5245 sibi
1312 5189 1378 5246 de
1410 5189 1793 5247 misericordia

187 5280 576 5338 blandiuntur.
607 5281 845 5353 Moxque
874 5280 943 5337 ad
963 5280 1396 5336 consolationem
1427 5287 1670 5337 nostram
1694 5299 1795 5339 re-

189 5372 371 5441 diens,
402 5372 637 5429 extremi
660 5370 861 5444 judicii
889 5371 1141 5428 futurum
1170 5370 1287 5443 ejus
1341 5371 1625 5429 interitum
1656 5390 1790 5446 prie-

192 5463 438 5530 nuntiat,
467 5462 659 5520 dicens
693 5477 705 5516 :

264 5554 341 5610 Et
365 5552 662 5608 videntibus
688 5550 888 5608 cunctis
908 5550 1356 5623 pracipitabitur.

267 5643 499 5702 Cunctis
513 5642 663 5700 enim
685 5642 1007 5700 videntibus
1022 5641 1479 5715 praecipitabitur,
1493 5642 1622 5718 quia
1638 5652 1791 5701 aeter-

275 5790 291 5824 ¹
321 5785 494 5845 Laud.
527 5792 582 5843 et
608 5786 732 5845 Val.
765 5785 875 5855 CL,
907 5784 1131 5841 excidat.

269 5861 292 5895 ²
328 5860 451 5917 Duo
478 5858 663 5916 Germ.
694 5865 749 5915 et
775 5858 998 5927 Pratel.,
1030 5856 1221 5914 addas.

270 5934 294 5968 ³
324 5930 550 6000 Prtttel.,
571 5936 622 5987 et
644 5946 777 6005 spes.

1816 4671 1867 4731 D

1895 3388 2155 3463 adjunxit
2187 3406 2198 3444 :

1966 3478 2097 3536 CAP.
2153 3495 2267 3547 xu,
2297 3477 2470 3535 Vens.
2505 3477 2555 3533 1.
2584 3508 2655 3518 -
2683 3477 2803 3534 Νοη
2823 3477 2976 3549 quasi
2990 3476 3217 3533 crudelis
3237 3473 3494 3531 suscitabo

1895 3585 2030 3623 eum.

1969 3656 2107 3731 [νει.
2138 3657 2308 3722 XXV,
2351 3658 2471 3714 Rec.
2504 3655 2649 3731 XX.]
2680 3656 2752 3712 Et
2782 3657 2933 3714 velut
2980 3658 3025 3713 si
3080 3672 3212 3711 mox
3258 3671 3289 3709 a
3334 3654 3494 3712 nobis

1897 3762 2060 3803 causa
2083 3746 2315 3802 rationis
2343 3753 2697 3820 quaereretur.
2732 3745 3017 3814 Quomodo
3045 3760 3157 3800 non
3185 3759 3310 3799 eum
3341 3744 3495 3815 quasi

1897 3838 2137 3895 crudelis
2167 3838 2415 3906 suscitas,
2450 3855 2610 3912 quem
2640 3837 2847 3895 scimus
2866 3837 2996 3911 quia
3019 3843 3201 3893 tantos
3229 3834 3493 3892 invadere

1897 3935 1951 3985 et
1980 3927 2243 3984 devorare
2273 3927 2547 4001 permittis
2566 3928 2593 3983 ‘P
2622 3928 2809 3984 statim
2843 3926 3115 3995 subdidit,
3150 3925 3339 3982 dicens
3371 3940 3382 3979 ε

2499 4015 2727 4073 CAPUT
2756 4017 2910 4074 XXI.

1969 4106 2143 4164 Vsus.
2198 4106 2250 4175 1,
2292 4105 2345 4162 2.
2380 4137 2450 4147 —
2481 4105 2611 4174 Quis
2644 4106 2783 4162 enim
2835 4104 3074 4161 resistere
3112 4108 3282 4177 potest
3323 4101 3497 4158 vultui

1897 4213 2007 4253 meo
2028 4199 2056 4254 ?
2084 4196 2263 4267 etquis
2291 4202 2410 4252 ante
2432 4197 2574 4253 dedit
2600 4197 2751 4265 mihi,
2791 4203 2853 4253 ut
2878 4195 3097 4252 reddam
3125 4196 3172 4250 ei
3190 4197 3218 4251 Ῠ

1968 4286 2056 4344 38.
2090 4285 2281 4343 Gratia
2296 4285 2395 4341 Dei
2418 4287 2752 4359 gratuita.—
2767 4286 2977 4355 Quibus
2999 4285 3216 4342 duobus
3244 4282 3498 4339 versibus

1898 4382 1952 4431 et
1980 4375 2241 4432 virtutem
2269 4392 2380 4431 suae
2409 4376 2687 4448 potentiae,
2720 4385 2774 4433 et
2822 4392 2985 4431 omne
3017 4373 3231 4447 pondus
3269 4370 3500 4428 rationis

1897 4466 2302 4539 explevit.Nam
2322 4476 2543 4540 propter
2561 4466 2862 4539 potentiam
2883 4466 3030 4523 diXit
3053 4481 3063 4520 :
3092 4464 3221 4534 Quis
3259 4461 3399 4518 enim
3419 4478 3498 4515 re-

1898 4556 2081 4612 sistere
2103 4564 2271 4629 potest
2303 4558 2476 4613 ταιιαὶ
2494 4575 2605 4613 meo
2629 4559 2656 4614 ?
2685 4558 2757 4613 Et
2772 4566 2993 4630 propter
3013 4556 3282 4612 rationem
3311 4549 3501 4608 subdi-

1898 4643 1982 4700 dit
2006 4663 2017 4701 :
2044 4647 2171 4712 Quis
2191 4652 2312 4702 aute
2338 4646 2481 4701 dedit
2499 4647 2649 4715 mihi,
2681 4652 2740 4701 ut
2763 4647 2983 4702 reddam
2996 4647 3043 4702 ei
3063 4647 3090 4701 ?
3106 4647 3187 4703 Ac
3205 4644 3251 4700 si
3272 4642 3496 4699 diceret:

1898 4737 2020 4793 Non
2053 4751 2180 4792 eum
2210 4737 2364 4808 quasi
2386 4736 2625 4793 crudelis
2647 4738 2873 4805 suscito,
2906 4736 3036 4811 quia
3054 4736 3121 4793 de
3138 4733 3255 4807 ejus
3281 4729 3499 4787 fortitu-

1902 4823 2031 4880 dine
2051 4831 2105 4880 et
2133 4826 2333 4882 electos
2365 4843 2515 4883 meos
2560 4834 2811 4899 potenter
2838 4826 3035 4899 eripio,
3066 4832 3119 4881 et
3165 4840 3384 4880 rursum
3416 4836 3497 4876 re-

1902 4913 2103 4986 probos
2132 4930 2244 4970 non
2275 4914 2499 4986 injuste,
2526 4915 2619 4972 sed
2645 4914 3050 4971 rationabiliter
3078 4913 3297 4980 damno;
3321 4913 3378 4970 id
3393 4922 3499 4984 est,

1902 5010 1956 5060 et
1970 5020 2062 5059 eos
2082 5018 2219 5076 quos
2246 5004 2482 5077 benigne
2503 5005 2644 5077 eligo
2672 5005 2880 5078 eripere
2903 5003 3230 5059 mirabiliter
3250 5020 3499 5075 possum,

1903 5102 1957 5149 et
1979 5109 2070 5148 eos
2098 5109 2236 5166 quos
2284 5110 2481 5167 respuo
2528 5111 2641 5151 non
2698 5093 2899 5166 injuste
2947 5091 3288 5165 derelinquo.
3322 5094 3496 5153 Nemo

1904 5187 2105 5261 quippe
2136 5196 2197 5244 ut
2224 5188 2417 5245 divina
2448 5190 2604 5245 illum
2637 5191 2812 5262 gratia
2830 5188 3198 5262 subsequatur
3224 5188 3380 5261 prius
3398 5190 3499 5246 ali-
3542 5182 3549 5187 ’

1904 5278 2039 5352 quid
2068 5279 2308 5336 contulit
2327 5282 2459 5336 Deo.
2482 5280 2619 5337 Nam
2649 5280 2695 5335 si
2716 5297 2818 5335 nos
2846 5281 3020 5336 Deum
3049 5278 3188 5335 bene
3217 5281 3496 5351 operando

1901 5368 2289 5441 prmvenimus,
2321 5368 2417 5425 ubi
2445 5377 2527 5425 est
2553 5367 2701 5441 quod
2730 5367 3002 5440 Propheta
3028 5368 3105 5425 ait
3133 5387 3145 5425 ε
3176 5370 3500 5429 Misericor—

1903 5457 1994 5513 dia
2022 5457 2134 5528 ejus
2158 5458 2449 5530 prwveniet
2470 5475 2550 5513 me
2581 5458 2755 5529 (Psal.
2789 5475 2945 5526 LvuI,
2995 5458 3107 5531 11).
3140 5458 3197 5515 Si
3227 5460 3365 5533 quid
3394 5477 3495 5518 nos

1901 5546 2059 5604 bona:
2088 5545 2422 5621 Operationis
2449 5546 2723 5616 dedimus,
2755 5555 2817 5603 ut
2862 5547 2979 5621 ejus
3008 5548 3236 5621 gratiam
3268 5565 3499 5606 merere-

1905 5654 2051 5707 mur,
2076 5637 2171 5694 ubi
2203 5644 2284 5695 est
2308 5637 2456 5712 quod
2483 5638 2782 5711 Apostolus
2805 5638 2941 5696 dicit
2972 5654 2984 5694 :
3024 5639 3216 5696 Gratia
3245 5640 3267 5674 ‘
3304 5638 3502 5695 saluati

1934 5785 1997 5913 t.‘
2026 5785 2149 5913 Duo
2178 5784 2387 5856 Germ.,
2416 5784 2589 5844 Laud.
2599 5829 2616 5861 ,
2639 5784 2762 5844 Val.
2786 5783 2870 5843 Cl.
2903 5791 2958 5843 et
2977 5784 3213 5853 Gemet.,
3245 5783 3385 5840 salvi
3411 5782 3499 5859 fa-

1954 5873 2140 5913 iam.

1904 5873 1973 5914 σιι
1999 5873 2140 5917 esus.
