3936 6388
394 419 502 480 699
1601 405 1854 468 SANCTI
1891 403 2230 466 GREGORII
2263 403 2492 464 MAGNI
3595 401 3708 460 700

397 547 519 605 estis
535 561 635 618 per
661 545 817 618 ﬁdem
836 561 858 610 ;
877 549 926 600 et
951 544 1047 600 hoc
1072 559 1180 600 non
1217 558 1284 599 ex
1307 543 1478 610 vobis,
1509 543 1524 578 ¹
1551 541 1640 598 sed
1657 543 1756 599 Dei
1778 541 1975 598 donum
2002 535 2053 596 Α
2089 534 2273 607 gimus
2304 549 2426 608 quas
2460 548 2764 606 ageremus.
2795 530 3084 606 Sequitur:
3109 531 3301 590 Omnia
3319 549 3438 604 qua:
3453 535 3551 592 sub
3577 537 3714 593 οωιο

397 643 602 705 est,non
622 651 688 690 ea:
708 632 953 705 operibus
988 633 1212 704 (Ephes.
1237 650 1300 700 ιι,
1329 631 1386 705 8)
1412 633 1441 688 ?
1459 632 1515 688 Si
1551 641 1738 688 nostra
1769 631 1994 691 dilectio
2104 631 2229 680 sunt
2254 642 2366 680 mea
2386 629 2528 679 sunt.
2581 620 2852 680 Omnibus
2894 622 3067 695 liquet
3094 621 3243 695 quod
3271 639 3384 680 non
3413 624 3597 681 solum
3645 641 3714 681 ea

401 728 577 784 Deum
609 721 898 797 praevenit,
932 722 1028 779 ubi
1056 730 1138 778 est
1157 721 1303 795 quod
1331 722 1566 778 Joannes
1595 724 1874 794 apostolus
1913 723 1994 780 di-
2104 731 2227 787 quae
2257 713 2359 770 sub
2390 713 2530 769 coelo
2559 719 2710 780 sunt,
2743 709 2838 767 sed
2869 711 2984 784 ipsa
3011 727 3227 784 quoque
3256 727 3377 784 quae
3406 729 3574 784 super
3601 729 3714 769 οω-

400 814 480 872 cit
513 830 525 870 :
551 813 574 848 ³
599 813 721 871 Non
747 813 876 884 quia
903 829 999 868 nos
1035 811 1376 868 dilexerimus
1404 812 1592 878 Deum,
1623 811 1712 866 sed
1739 811 1867 882 quia
1887 813 1998 885 ipse
2106 805 2189 861 los
2217 802 2441 860 condita
2469 800 2711 858 coelestia
2738 808 3008 858 vocantur
3027 799 3146 873 ejus
3160 801 3435 858 voluntati
3456 801 3718 858 serviunt

393 904 556 978 prior
581 903 769 958 dilexit
797 919 894 958 nos
924 902 982 973 (Ι
1003 902 1159 958 Joan.
1193 917 1270 968 ιγ,
1306 901 1395 970 10)
1415 900 1444 956 ?
1471 899 1574 957 Ubi
1603 908 1686 956 est
1727 902 1869 974 quod
1902 920 1997 976 per

401 993 538 1050 Osee
552 993 823 1049 Dominus
841 991 979 1048 dicit
1007 1009 1018 1046 :
1037 991 1268 1061 Diligam
1287 1007 1372 1045 eos
1391 998 1667 1063 spontanee
1689 992 1858 1064 (Osca:
1877 1011 1995 1063 xxv,

2105 913 2136 952 a
2165 913 2274 969 quo
2306 910 2362 950 se
2391 900 2574 950 creata
2602 909 2718 947 esse
2749 891 3138 948 meminerunt.
3173 891 3284 950 Cur
3307 909 3436 965 ergo
3465 900 3718 950 tantum-

2105 982 2271 1039 modo
2301 981 2368 1038 de
2399 980 2754 1038 inferioribus
2785 981 3015 1054 loquens
3042 980 3138 1036 ait.

400 1086 494 1158 5)?
522 1085 577 1142 Si
603 1085 721 1141 sine
749 1083 867 1156 ejus
897 1098 1122 1140 munere
1151 1091 1338 1140 nostra
1383 1083 1588 1140 virtute
1616 1085 1790 1140 Deum
1820 1083 1997 1158 sequi-

403 1189 550 1242 mur,
571 1172 670 1228 ubi
699 1180 781 1229 est
795 1171 943 1245 quod
973 1188 1070 1244 per
1097 1173 1474 1244 Evangelium'
1492 1171 1712 1230 Veritas
1739 1181 1998 1245 protesta-

404 1270 516 1330 tur,
549 1261 776 1318 dicens:
819 1262 941 1318 Sine
966 1278 1047 1316 me
1071 1262 1209 1317 nihil
1229 1263 1446 1334 potestis
1479 1261 1656 1332 facere
1687 1262 1868 1334 (Joan.
1901 1279 1998 1330 xv,

407 1351 465 1424 5)
489 1351 518 1408 Ῡ
537 1350 641 1407 Ubi
663 1358 745 1408 est
765 1351 911 1425 quod
941 1351 1019 1409 ait
1046 1368 1057 1406 :
1081 1351 1244 1408 Nemo
1275 1358 1442 1424 potest
1463 1353 1638 1407 venire
1664 1352 1737 1406 ad
1768 1368 1868 1417 me,
1897 1350 2003 1406 nisi

407 1454 570 1512 Pater
589 1453 682 1524 qui
721 1452 866 1507 misit
894 1469 996 1518 me,
1029 1453 1258 1510 traxerit
1283 1469 1400 1508 eum
1432 1452 1592 1524 (Ibid.
1617 1469 1696 1522 v1,
1726 1449 1818 1522 se)
1839 1450 1866 1506 i
1899 1449 2005 1506 L’bi

406 1543 668 1617 estquod
699 1544 898 1600 iterum
925 1543 1064 1600 dicit
1105 1561 1116 1600 :
1149 1545 1271 1600 Non
1315 1559 1407 1598 eos
1433 1560 1514 1598 me
1553 1543 1774 1613 elegistis
1803 1541 1893 1597 sed
1919 1558 2007 1613 ego

407 1636 538 1708 elegi
592 1654 682 1691 vos
733 1635 896 1708 (Ibid.
948 1651 1045 1703 xv,
1080 1635 1145 1690 16
1150 1635 1220 1704 )?
1247 1633 1304 1690 Si
1333 1634 1523 1688 saltem
1555 1631 1699 1688 dona
1735 1632 2006 1688 bonorum

410 1741 640 1798 operum
665 1725 872 1780 virtute
902 1731 1089 1780 nostra
1116 1723 1254 1778 bene
1300 1720 1590 1793 cogitando
1619 1721 2009 1794 praevenimus,

407 1813 507 1870 ubi
538 1821 620 1870 est
649 1813 797 1886 quod
837 1829 1058 1868 rursum
1105 1828 1200 1884 per
1246 1811 1477 1866 Paulum
1508 1813 1527 1846 ³
1557 1819 1669 1866 tam
1719 1809 2013 1867 salubriter

2683 1079 2910 1136 CAPUT
2933 1079 3112 1136 XXII.

2180 1171 2318 1226 Imn.
2351 1170 2618 1227 —0mnia
2646 1187 2761 1240 qua:
2781 1170 2874 1224 sub
2903 1173 3026 1225 caelo
3056 1176 3201 1236 sunt,
3221 1188 3338 1226 mea
3364 1173 3532 1228 sunt?

2181 1260 2272 1316 41.
2311 1261 2503 1318 Omnia
2526 1261 2634 1317 Deo
2664 1261 2916 1316 serviunt.
2933 1259 3128 1316 —-Sed
3155 1261 3289 1334 quia
3317 1261 3385 1317 de
3405 1259 3727 1318 Leviathan

2111 1349 2380 1425 loquitur,
2414 1349 2510 1423 qui
2539 1349 2652 1423 jam
2682 1366 2792 1405 non
2824 1350 2879 1404 in
2910 1349 3132 1406 aetherei
3159 1351 3282 1406 coeli
3314 1351 3440 1408 sede
3468 1353 3725 1408 contine-

2112 1450 2232 1508 tur,
2263 1448 2465 1499 cuncta
2493 1457 2612 1513 qum
2643 1439 2744 1495 sub
2773 1442 2911 1496 ccelo
2953 1446 3084 1496 sunt
3125 1441 3319 1496 asserit
3353 1457 3451 1496 sua
3479 1457 3620 1510 esse,
3660 1449 3730 1497 ut

2118 1551 2245 1590 eum
2279 1550 2495 1608 quoque
2524 1533 2619 1606 qui
2649 1533 2715 1588 de
2748 1533 2887 1588 caelo
2913 1533 3134 1602 cecidit,
3190 1550 3302 1590 sum
3350 1531 3546 1591 doceat
3573 1541 3730 1606 pote-

2117 1625 2249 1683 stati
2281 1623 2511 1692 servire,
2543 1641 2606 1681 ac
2635 1623 2680 1679 si
2711 1622 2918 1680 diceret
2950 1642 2962 1679 :
2996 1623 3301 1680 Leviathan
3333 1625 3434 1680 iste
3473 1624 3733 1680 beatitu—

2119 1718 2313 1776 dinem
2344 1717 2571 1793 quidem
2603 1735 2779 1774 meam
2831 1717 3090 1790 perdidit,
3123 1717 3220 1774 sed
3265 1717 3582 1774 dominium
3612 1734 3730 1774 non

2119 1809 2316 1878 evasit,
2348 1809 2479 1883 quia
2509 1815 2563 1864 et
2593 1809 2722 1880 ipsze
2752 1808 2892 1864 mihi
2940 1816 3233 1880 potestates
3264 1808 3581 1864 inserviunt
3605 1824 3734 1882 qua:

409 1903 644 1972 dicitur,
673 1911 735 1960 ut
771 1902 954 1960 omnis
983 1901 1049 1958 de
1078 1918 1134 1957 se
1179 1899 1433 1957 humanae
1475 1899 1675 1956 mentis
1709 1899 1913 1956 ﬁducia
1941 1899 2010 1956 ab
2044 1894 2091 1956 B
2123 1898 2263 1955 mihi
2286 1898 2471 1971 pravis
2499 1897 2810 1954 actionibus
2839 1897 3216 1955 adversantur.
3248 1898 3510 1971 Sequitur
3541 1915 3554 1954 :

413 1995 533 2066 ipsa
561 1992 744 2050 cordis
773 1993 956 2050 radice
987 1991 1328 2060 succidatur,
1360 2008 1485 2050 cum
1515 1989 1652 2048 dicit
1679 2009 1690 2046 :
1724 1991 1843 2048 Non
1887 1990 2015 2062 quia

413 2082 718 2159 sufﬁcientes
745 2083 911 2139 simus
937 2083 1146 2153 aliquid
1171 2082 1400 2154 cogitare
1425 2100 1457 2137 a
1489 2081 1636 2136 nobis
1654 2081 1809 2152 quasi
1833 2099 1897 2136 ex
1924 2097 2014 2136 no-

415 2171 621 2241 bis,sed
647 2172 958 2246 suﬁcientia
985 2178 1170 2227 nostra
1199 2188 1264 2226 ea:
1283 2172 1391 2228 Deo
1411 2176 1485 2227 est
1515 2172 1610 2244 (II
1639 2170 1764 2226 Cor.
1794 2187 1880 2239 ιιι,
1910 2171 1966 2243 5)
1987 2170 2016 2228 ?

416 2261 590 2320 Nemo
618 2278 747 2334 ergo
777 2263 952 2318 Deum
983 2262 1195 2318 meritis
1224 2252 1510 2334 praevenit;
1559 2268 1622 2317 ut
1664 2268 1848 2316 tenere
1887 2276 2015 2316 eum

417 2278 590 2320 nemo
618 2278 747 2334 ergo
777 2278 952 2318 neum
983 2278 1195 2318 meritis
1262 2278 1510 2330 rmvenn,
1559 2278 1622 2317 ut
1664 2278 1848 2316 tenere
1887 2278 2015 2316 eum

417 2351 574 2424 quasi
604 2351 909 2409 debitorem
931 2351 1101 2424 possit
1125 2369 1138 2419 ;
1161 2278 1257 2408 εθὲ
1286 2351 1429 2406 miro
1450 2349 1612 2407 modo
1643 2367 1816 2424 equus
1835 2350 2018 2406 omni'

415 2441 522 2498 bus
545 2441 820 2508 conditor,
850 2451 904 2499 et
923 2442 1188 2516 quosdam
1210 2442 1504 2514 praeelegit,
1537 2449 1590 2496 et
1619 2442 1885 2514 quosdam
1913 2443 1934 2477 ⁴
1957 2440 2015 2496 in

418 2531 536 2589 suis
563 2533 748 2605 pravis
775 2532 1023 2589 moribus
1042 2532 1191 2606 juste
1219 2531 1574 2605 derelinquit.

499 2627 686 2684 1101
748 2621 836 2680 39.
867 2624 972 2680 Nec
997 2621 1167 2678 electis
1201 2623 1372 2694 pietas
1401 2621 1514 2676 sine
1543 2619 1782 2691 justitia,
1809 2636 1900 2676 nec
1929 2636 2016 2674 re-

412 2719 598 2793 probis
617 2719 836 2790 justitia
862 2720 974 2776 sine
999 2719 1365 2775 misericordia
1395 2720 1684 2776 exhibetur.
1714 2750 1786 2762 —
1803 2721 1913 2776 Nec
1939 2726 2016 2775 ta-

417 2827 546 2866 men
575 2810 764 2868 electis
793 2811 907 2866 suis
936 2810 1190 2883 pietatem
1223 2809 1341 2867 sine
1363 2809 1584 2884 justitia
1611 2809 1858 2880 exhibet,
1889 2811 2019 2884 quia

423 2900 516 2959 hic
543 2918 635 2960 eos
669 2901 822 2959 duris
851 2901 1244 2959 aﬂlictionibus
1273 2902 1502 2974 premit;
1537 2918 1638 2960 nec
1666 2919 1883 2959 rursum
1922 2919 2018 2959 re-

424 2989 611 3063 probis
633 2991 907 3064 justitiam
937 2991 1056 3046 sine
1087 2991 1468 3048 misericordia
1495 2998 1736 3060 exercet,
1767 2991 1897 3065 quia
1924 2991 2018 3050 hic

420 3083 808 3155 aequanimiter
835 3083 1033 3140 tolerat
1077 3099 1216 3156 quos
1245 3083 1574 3157 quandoque
1603 3083 1662 3139 in
1692 3091 2015 3157 perpetuum

426 3169 670 3228 damnat.
704 3173 760 3230 Si
790 3189 918 3247 ergo
947 3180 1002 3230 et
1030 3172 1190 3230 electi
1221 3173 1649 3246 praevenientem
1699 3190 1755 3230 se
1785 3173 2015 3246 gratiam

2194 1989 2366 2046 Vens.
2397 1987 2456 2044 3.
2489 2020 2560 2031 —
2590 1989 2710 2046 Non
2733 2005 2956 2061 parcam
2999 1989 3047 2044 ei
3079 1990 3099 2025 ⁷
3132 1988 3306 2045 verbis
3327 1989 3657 2063 potentibus,
3687 1994 3740 2045 et

2121 2079 2193 2135 ad
2222 2079 2606 2150 deprecandum
2634 2079 2951 2150 compositis.

2201 2165 2343 2240 [Lec.
2377 2167 2524 2224 XXI.
2549 2167 2663 2240 με.
2693 2169 2808 2235 Qua
2828 2166 3034 2222 ratione
3068 2167 3311 2223 diabolus
3333 2167 3534 2224 dicitur
3562 2169 3740 2226 Deum

2125 2261 2420 2332 deprecari.
2453 2290 2524 2302 —
2561 2259 2698 2328 Quis
2727 2259 2854 2329 hoc,
2885 2260 3033 2334 quod
3059 2261 3254 2333 legisse
3283 2278 3344 2318 se
3379 2277 3740 2336 nequaquam

2125 2353 2302 2421 novit,
2339 2352 2646 2421 existimet,
2671 2352 2802 2426 quia
2830 2354 3119 2426 culparum
3142 2370 3366 2412 suarum
3387 2353 3650 2411 diabolus
3664 2354 3744 2410 sit

2124 2441 2344 2499 veniam
2376 2443 2696 2516 petiturus?
2725 2443 2830 2500 Sed
2853 2444 2943 2500 ille
2971 2444 3199 2501 fortasse
3228 2445 3420 2514 homo,
3449 2461 3615 2518 quem
3637 2444 3741 2501 Le-

2127 2533 2357 2589 viathan
2387 2532 2491 2588 iste
2513 2531 2570 2587 in
2608 2532 2799 2589 mundi
2830 2533 3068 2590 termino
3097 2550 3195 2591 vas
3216 2533 3322 2592 sibi
3345 2534 3635 2610 proprium
3658 2534 3747 2590 fa-

2124 2623 2200 2680 cit
2233 2625 2274 2692 “,
2305 2641 2477 2695 quem,
2524 2630 2818 2679 attestante
2847 2624 3036 2693 Paulo,
3073 2625 3334 2682 Dominus
3377 2625 3531 2682 Iesus
3561 2625 3746 2680 inter—

2125 2713 2261 2785 ﬁciel
2280 2712 2474 2782 spiritu
2495 2713 2605 2768 oris
2644 2713 2746 2780 sui,
2768 2719 2815 2768 et
2835 2714 3065 2770 destruet
3090 2714 3450 2770 illustrations
3479 2713 3745 2769 adtentus

2126 2801 2211 2856 sui
2238 2801 2335 2870 (ΙΙ
2363 2801 2538 2856 Thess.
2584 2818 2647 2870 ιι,
2677 2802 2760 2874 8),
2791 2802 3018 2858 territus
3045 2810 3210 2860 tantae
3255 2801 3560 2874 majestatis
3585 2817 3746 2874 prae-

2126 2890 2462 2963 sentia,quia
2489 2907 2746 2948 exercere
2777 2893 2923 2948 vires
2951 2909 3077 2949 suas
3105 2910 3218 2949 non
3248 2893 3415 2962 valet,
3447 2891 3518 2950 ad
3546 2909 3746 2965 preces

2126 2979 2450 3036 inclinatur.
2483 2980 2643 3049 Quod
2674 2989 2857 3037 tamen
2882 2981 2949 3037 de
2978 2981 3096 3054 ejus
3123 2997 3374 3054 corpore,
3402 2981 3461 3038 id
3509 2989 3592 3038 est
3623 2981 3734 3038 ini-

2129 3070 2254 3143 quis
2284 3071 2305 3104 °
2339 3070 2599 3126 omnibus
2631 3070 2866 3144 intelligi
2897 3071 3079 3144 aptius
3123 3079 3321 3145 potest,
3353 3071 3450 3145 qui
3497 3087 3619 3128 sero
3664 3071 3750 3130 ad

2126 3157 2462 3232 petitionum
2493 3159 2661 3216 verba
2691 3161 2944 3228 veniunt,
2978 3161 3107 3234 quia
3133 3177 3283 3218 nunc
3330 3161 3562 3234 exsequi
3591 3160 3754 3218 facta.

424 3270 813 3336 sequuntur,et
829 3261 1047 3334 reprobi
1071 3262 1234 3334 juxta
1254 3263 1402 3334 quod
1424 3271 1704 3319 merentur
1717 3264 2020 3335 accipiunt,

2144 3257 2521 3306 contemnunt.
2554 3251 2709 3307 Unde
2738 3267 2836 3323 per
2880 3249 3246 3324 Evangelium
3270 3250 3494 3310 Veritas
3543 3249 3687 3307 dicit
3730 3265 3748 3305 :

424 3357 479 3405 et
498 3348 566 3405 de
585 3349 966 3405 misericordia
994 3349 1288 3405 inveniunt
1328 3350 1488 3406 electi
1518 3349 1664 3423 quod
1695 3351 1938 3420 laudent,
1971 3361 2025 3410 et

427 3435 496 3493 de
519 3436 740 3509 justitia
756 3453 868 3492 non
899 3437 1106 3494 habent
1132 3437 1352 3510 reprobi
1389 3437 1536 3511 quod
1563 3447 1842 3496 accusent.
1876 3441 2024 3497 Bene

426 3526 615 3598 itaque
644 3525 851 3582 dicitur
883 3543 895 3581 :
933 3526 1061 3594 Quis
1087 3531 1208 3582 ante
1234 3525 1375 3580 dedit
1411 3525 1562 3594 mihi,
1594 3533 1652 3582 ut
1678 3528 1898 3583 reddam
1931 3530 1978 3585 ei
1999 3533 2027 3587 ?

429 3619 513 3674 Ac
532 3615 579 3673 si
600 3623 785 3689 aperte
804 3615 1109 3673 diceretur:
1133 3614 1222 3674 Ad
1241 3615 1577 3688 parcendum
1607 3617 1856 3690 reprobis
1874 3619 2028 3676 nulla

431 3706 645 3762 ratione
673 3705 995 3780 compellor,
1027 3704 1158 3780 quia
1203 3706 1282 3763 eis
1313 3705 1528 3762 debitor
1565 3723 1635 3762 ex
1677 3723 1775 3762 sua
1813 3707 2028 3766 actione

432 3811 546 3854 non
565 3802 774 3852 teneor.
801 3795 1015 3854 Idcirco
1043 3795 1192 3852 enim
1214 3811 1559 3870 nequaquam
1583 3795 1818 3853 caelestis
1837 3799 2028 3870 patriae

429 3887 658 3959 praemia
686 3893 890 3942 aeterna
911 3885 1242 3959 percipiunt,
1268 3885 1397 3959 quia
1413 3901 1476 3942 ea
1492 3902 1647 3942 nunc
1662 3886 1793 3944 dum
1817 3903 2026 3961 prome-

430 3975 539 4032 reri
559 3983 834 4048 poterant,
864 3993 934 4032 ex
951 3975 1126 4032 libero
1141 3974 1370 4032 arbitrio
1387 3983 1609 4033 contem
1617 3977 2029 4048 pserunt.Quod

431 4065 695 4123 videlicet
721 4065 957 4124 liberum
985 4064 1278 4123 arbitrium
1309 4067 1330 4101 ⁵
1362 4067 1422 4124 in
1451 4066 1597 4124 bono
1624 4067 1896 4124 formatur
1924 4067 2032 4124 ele-

431 4155 557 4225 ctis,
588 4172 716 4213 cum
746 4172 939 4214 eorum
985 4172 1140 4212 mens
1181 4173 1213 4213 a
1255 4155 1488 4213 terrenis
1528 4156 1817 4214 desideriis
1859 4157 2034 4229 gratia

433 4243 712 4316 aspirante
745 4245 1120 4318 suspenditur.

505 4329 644 4406 [Vet.
675 4333 902 4409 XXVI.]
951 4333 1039 4390 40.
1071 4335 1284 4390 Bonum
1323 4333 1464 4404 quod
1489 4331 1694 4405 agimus
1723 4337 1770 4387 et
1795 4333 1896 4390 Dei
1939 4339 2032 4401 est,

433 4427 482 4478 et
509 4428 774 4478 nostrum.
805 4454 875 4464 —
903 4423 1118 4478 Bonum
1155 4425 1358 4497 quippe
1388 4423 1534 4496 quod
1583 4424 1820 4496 agimus,
1852 4433 1906 4482 et
1933 4427 2035 4484 Dei

441 4519 546 4578 est,
575 4521 631 4568 et
661 4519 917 4568 nostrum
944 4529 955 4567 :
978 4513 1077 4568 Dei
1095 4529 1191 4585 per
1220 4513 1645 4586 praevenientem
1667 4515 1920 4587 gratiam,
1938 4532 2034 4573 no-

2131 3339 2427 3396 Novissime
2446 3340 2659 3396 veniunt
2677 3346 2724 3395 et
2749 3340 2970 3412 reliquae
2983 3339 3234 3412 virgines,
3261 3341 3488 3396 dicentes
3512 3355 3526 3395 :
3555 3339 3751 3398 Domi-

2131 3448 2216 3496 ne,
2247 3429 2493 3497 Domine,
2523 3430 2676 3502 aperi
2717 3431 2868 3487 nobis
2918 3431 3131 3504 (Matth.
3161 3448 3301 3498 xxv,
3350 3431 3465 3504 11).
3513 3430 3742 3499 Quibus

2136 3519 2288 3576 illico
2317 3519 2684 3592 respondetur
2708 3538 2720 3576 :
2745 3520 2912 3576 Amen
2931 3520 3046 3576 dico
3067 3521 3234 3586 vobis,
3249 3521 3421 3577 nescio
3449 3520 3752 3593 oos(Ibid.,

2139 3609 2253 3681 i2).
2295 3609 2398 3666 Sed
2431 3627 2558 3666 cum
2589 3609 2757 3666 verba
2784 3611 3030 3682 potentia
3062 3610 3128 3669 ad
3157 3611 3566 3684 deprecandum
3595 3626 3754 3668 com-

2135 3716 2339 3773 ponere
2359 3699 2589 3770 dicitur,
2620 3707 2780 3772 urget
2808 3701 2982 3773 magis
3011 3708 3074 3757 ut
3102 3699 3248 3778 qupd
3269 3701 3337 3758 de
3365 3701 3487 3775 ejus
3512 3715 3756 3774 corpore

2140 3791 2198 3846 in
2229 3791 2420 3847 futuro
2453 3789 2700 3846 diximus
2731 3791 2787 3846 in
2817 3789 2923 3848 hoc
2951 3799 3197 3864 tempore
3225 3792 3551 3850 sentiamus.

2205 3880 2348 3955 [νει.
2395 3881 2498 3937 XX
2506 3879 2656 3954 VII.]
2694 3883 2884 3942 1102
2912 3879 3001 3937 43.
3035 3881 3220 3938 Irrita:
3240 3887 3365 3937 sunt
3402 3897 3583 3955 preces
3612 3898 3758 3952 quas

2133 3981 2231 4054 pia
2247 3981 2357 4036 vita
2387 3995 2494 4034 non
2516 3978 2778 4050 sequitur.
2814 3978 3101 4035 Nonnullis
3115 3979 3174 4034 in
3194 3996 3349 4035 usum
3375 3978 3760 4050 negotiationis

2138 4071 2363 4126 vertitur
2390 4068 2586 4124 oratio.
2614 4068 2798 4126 Veram
2819 4068 3116 4124 orationem
3135 4069 3360 4142 efﬁciunt
3387 4069 3568 4126 amari
3590 4069 3756 4141 gemi-

2142 4167 2245 4230 tus,
2289 4177 2395 4215 non
2424 4159 2584 4214 verba
2613 4159 2920 4230 composita.
2941 4159 3167 4216 —Sunt
3194 4175 3434 4232 namque
3465 4159 3759 4214 intrasan~

2146 4259 2290 4307 ctam
2320 4248 2628 4306 Ecclesiam
2657 4248 2938 4316 nonnulli,
2964 4247 3059 4321 qui
3076 4248 3324 4320 prolixas
3347 4247 3417 4304 ad
3443 4247 3758 4304 Dominum

2143 4356 2332 4413 preces
2351 4338 2579 4408 habent,
2611 4337 2706 4394 sed
2734 4337 2907 4394 vitam
2936 4337 3352 4410 deprecantium
3373 4353 3486 4394 non
3515 4335 3756 4403 habent;

2142 4445 2268 4486 nam
2299 4427 2572 4502 promissa
2599 4427 2845 4483 caelestia
2875 4425 3237 4498 petitionibus
3265 4433 3593 4499 sequuntur,
3625 4440 3759 4498 ope-

2144 4519 2300 4575 ribus
2320 4517 2640 4590 fugiunt.Hi
2656 4531 3054 4588 nonnunquam
3072 4515 3237 4572 etiam
3268 4515 3543 4588 lacrymas
3559 4513 3619 4570 in
3631 4529 3758 4570 ora-

434 4607 612 4658 strum
644 4618 741 4674 per
756 4601 1148 4676 obsequentem
1173 4604 1398 4660 liberam
1422 4605 1784 4662 voluntatem.
1807 4607 1864 4664 Si
1885 4609 2031 4664 enim
2065 4623 2113 4682 D
2144 4610 2294 4666 tione
2340 4607 2674 4681 percipiunt,
2723 4606 2820 4663 sed
2865 4621 2992 4662 cum
3021 4613 3146 4677 post
3189 4603 3456 4662 orationis
3503 4611 3763 4675 tempora

433 4691 534 4748 Dei
554 4707 665 4748 non
695 4699 798 4758 est,
828 4692 974 4749 unde
1003 4692 1052 4748 ei
1102 4693 1306 4766 gratias
1351 4695 1412 4750 in
1459 4703 1726 4752 aeternum
1783 4697 1996 4769 agimus
2018 4699 2046 4756 ?

434 4781 672 4838 Rursum
727 4783 772 4839 si
804 4791 1055 4841 nostrum
1096 4801 1207 4843 non
1262 4793 1364 4856 est,
1394 4786 1542 4843 unde
1593 4787 1753 4844 nobis
1810 4791 2041 4847 retribui

434 4872 664 4944 praemia
683 4889 964 4946 speramus
986 4874 1014 4931 ‘P
1037 4873 1178 4943 Quia
1205 4892 1332 4948 ergo
1376 4892 1488 4932 non
1517 4877 1800 4933 immerito
1837 4879 2042 4950 gratias

435 4961 670 5034 agimus,
701 4963 906 5020 scimus
935 4963 1081 5038 quod
1113 4963 1231 5037 ejus
1279 4981 1506 5021 munere
1536 4965 1943 5038 praevenimur;
1986 4976 2043 5024 et

436 5054 815 5127 rursum,quia
829 5070 940 5110 non
965 5053 1244 5110 immerito
1265 5053 1689 5111 retributionem
1719 5055 2040 5128 querimus,

437 5140 646 5200 scimus
677 5145 699 5180 ⁶
727 5143 876 5218 quod
904 5143 1242 5218 obsequente
1289 5143 1465 5200 libero
1507 5143 1740 5202 arbitrio
1765 5144 1911 5202 bona
1938 5146 2042 5204 ele-

513 5373 532 5409 ¹
563 5372 824 5443 Vindoc.,
856 5377 956 5435 Dei
981 5377 1185 5434 enim...
1217 5377 1415 5434 donum
1441 5384 1534 5433 est.

512 5463 536 5498 ι
566 5445 1077 5521 ΥἱηᾴοθηίΡιειῑθιη
1108 5457 1361 5518 etc.,non
1391 5451 1547 5521 quasi
1561 5447 2040 5506 nosdilexerimus.

515 5530 536 5564 ε
566 5515 771 5590 Laud,
801 5515 1321 5590 Vindoc.,'Prat'eL,
1378 5515 1544 5590 Utic.,
1597 5526 1706 5575 tum
1753 5521 2036 5578 subtiliter.

443 5595 566 5656 Duo
589 5587 802 5662 Qerm.,
835 5591 924 5646 ubi
951 5587 1155 5662 quod...
1189 5587 1315 5648 tant
1335 5587 1618 5650 subtiliter.

519 5673 541 5706 b
572 5660 771 5736 censet
801 5660 1071 5736 Jameiius
1103 5665 1474 5734 legendum,in
1501 5666 1612 5720 suis
1652 5662 2045 5736 reprobis,p'ro-

484 5750 568 5801 ter
597 5733 816 5805 Anglic.
851 5733 980 5790 Mss.
1004 5733 1410 5804 auctoritatem,
1434 5737 1637 5810 quibus
1668 5733 2042 5792 consentiunt.

446 5759 706 5872 Elindocu
740 5804 862 5861 Val.
883 5804 991 5872 CL,
1021 5804 1132 5860 duo
1161 5805 1344 5862 Germ.
1377 5809 1703 5872 et,plerique
1732 5823 1801 5864 ex
1820 5808 2042 5866 nostris.

499 5804 706 5886 indos,
736 5804 862 5886 γελᾷ.
883 5804 991 5873 CL,
1021 5804 1132 5860 duo
1161 5805 1344 5862 Germ.
1377 5804 1703 5882 etfplerique
1732 5823 1801 5864 ex
1820 5808 2042 5866 nostris.

519 5889 539 5922 δ
579 5879 694 5946 AL,
726 5878 781 5933 in
814 5878 1022 5935 bonum.

2155 4715 2342 4755 eorum
2375 4705 2614 4754 mentem
2662 4695 2918 4768 superbia
2962 4694 3285 4768 pulsaverit,
3318 4694 3470 4750 illico
3517 4693 3577 4748 in
3609 4691 3762 4748 fastu

2151 4788 2407 4846 elationis
2434 4788 2842 4853 intumescunt;
2892 4801 3018 4842 cum
3049 4784 3282 4840 avaritia
3327 4782 3575 4855 instigat,
3622 4797 3761 4838 mox

2150 4895 2247 4952 per
2271 4878 2530 4936 incendia
2548 4877 2724 4933 avidae
2741 4874 3091 4949 cogitationis
3110 4881 3569 4940 exaestuant;cum
3592 4872 3762 4928 luxu-

2153 4969 2236 5025 ria
2264 4967 2584 5036 tentaverit,
2608 4967 2821 5023 illicitis
2849 4965 3102 5038 protinus
3129 4963 3422 5021 desideriis
3448 4961 3721 5019 anhelant
3745 4978 3761 5026 ;

2150 5076 2277 5116 cum
2300 5058 2380 5114 ira
2399 5057 2790 5124 suaserit,mox
2812 5053 3288 5112 mansuetudinem
3311 5052 3514 5110 mentis
3535 5051 3766 5107 ﬂamma

2151 5147 2380 5205 insaniae
2425 5155 2758 5205 concremat.
2789 5144 2860 5202 Ut
2901 5161 3028 5216 ergo
3074 5143 3346 5211 diximus,
3377 5149 3433 5199 et
3487 5139 3655 5198 ﬂetus
3703 5138 3764 5194 in

2222 5380 2244 5415 ⁸
2275 5377 2524 5444 Ebroic.,
2555 5377 2789 5442 Gemet.,
2820 5376 2897 5448 al.
2925 5371 3336 5448 Normtetdug
3371 5371 3588 5448 G_erm.,
3619 5367 3766 5448 quod

2152 5439 2520 5525 subsequente:
2537 5449 2627 5504 Sic
2657 5439 2858 5525 legitur
2886 5444 3279 5525 in_vet._Ed.i-t_._
3503 5451 3578 5525 et.
3605 5439 3759 5523 aliis.

2223 5525 2242 5556 ⁷
2274 5514 2396 5578 Πιιο
2429 5521 2637 5588 Germ.,
2669 5514 2903 5587 Gemet.,
2935 5518 3160 5585 Pratel.,
3190 5515 3361 5588 Utic.,
3392 5521 3441 5570 et
3468 5514 3644 5570 verbis
3671 5527 3765 5584 po-

2156 5594 2376 5650 tentibus
2405 5593 2476 5648 ad
2511 5586 2912 5663 deprecandum.
2946 5589 3142 5662 Sicque
3171 5586 3451 5658 deinceps.

2228 5667 2249 5700 ⁸
2283 5665 2424 5722 Vide
2454 5663 2550 5720 lib.
2573 5680 2754 5730 xxxu,
2793 5679 2852 5720 n.
2885 5663 2973 5721 22.

2227 5739 2248 5772 θ
2280 5736 2476 5805 Laud.,
2520 5735 2832 5792 hominibus.
2885 5734 3010 5793 Val.
3043 5731 3151 5799 CL,
3192 5731 3490 5787 hominibus
3533 5731 3764 5803 intelligi

2155 5809 2338 5867 altius.
