3936 6376
115 408 226 468 701

877 410 1254 471 MORALIUM
1290 411 1425 471 LIB.
1466 410 1727 473 XXXIII.
1767 438 1840 459 --
1876 412 1951 472 IN
1991 412 2220 473 CAPUT
2257 414 2355 473 XL
2392 415 2456 473 B.
2496 414 2640 473 JOB.

3332 418 3436 479 703

106 551 275 609 prece
313 535 647 624 percipiunt,
677 544 732 593 et
761 545 965 606 tamen,
1009 538 1244 610 expletis
1280 513 1555 611 prccibus,
1587 555 1715 598 cum
1743 540 1798 604 A
1824 537 1960 595 boni
1991 538 2102 594 viri
2132 539 2191 594 in
2219 538 2298 594 eis
2327 538 2608 611 recipiunt
2634 539 2874 612 speciem
2893 555 3059 614 quam
3082 551 3293 613 amant,
3316 560 3435 617 per-

107 624 385 682 vitiorum
445 627 792 700 suggestione
845 629 1154 701 pulsantur,
1219 644 1565 703 nequaquam
1620 647 1719 703 pro

107 714 310 773 aeterni
342 716 497 788 regni
526 716 800 773 desiderio
828 733 884 774 se
912 718 1128 775 ﬂevisse
1146 719 1542 777 meminerunt.
1563 719 1721 788 Quod

107 813 305 877 aperte
329 803 399 861 de
426 820 485 860 se
511 805 733 862 Balaam
759 807 1023 877 innotuit,
1047 809 1141 882 qui
1163 807 1446 880 justorum
1468 810 1719 866 taberna-

107 896 618 970 culaconspiciens,
647 898 726 953 ait
757 915 769 954 :
796 900 1069 956 Moriatur
1094 900 1278 956 anima
1301 918 1416 957 mea
1442 906 1611 957 morte
1630 900 1722 971 ju-

108 990 343 1051 storum,
376 991 423 1041 et
458 987 592 1058 ﬁant
617 988 906 1045 novissima
937 1006 1051 1044 mea
1080 990 1266 1045 horum
1296 991 1504 1046 similia
1532 991 1718 1063 (Num.

107 1092 285 1145 χχιιι,
312 1076 424 1148 10).
444 1077 550 1133 Sed
570 1094 697 1135 cum
718 1080 1160 1151 compunctionis
1178 1088 1392 1154 tempus
1434 1081 1718 1151 abscessit,

109 1173 316 1223 contra
342 1182 535 1223 eorum
590 1167 763 1224 vitam
795 1169 998 1241 quibus
1033 1186 1089 1226 se
1131 1170 1371 1227 similem
1401 1171 1523 1227 ﬁeri
1552 1173 1720 1228 etiam

111 1255 406 1315 moriendo
449 1264 796 1330 poposcerat,
838 1257 1135 1315 consilium
1176 1260 1458 1332 praebuit;
1493 1268 1548 1316 et
1591 1277 1720 1317 cum

110 1346 461 1407 occasionem
512 1345 578 1403 de
630 1345 865 1404 avaritia
911 1350 1135 1421 reperit,
1186 1349 1337 1407 illico
1387 1349 1595 1406 oblitus
1637 1358 1720 1407 est

110 1435 388 1511 quidquid
413 1435 519 1492 sibi
549 1435 617 1493 de
646 1436 963 1495 innocentia
993 1440 1225 1510 optavit.
1277 1440 1521 1497 Virtutis
1550 1440 1721 1512 igitur

110 1526 334 1600 pondus
353 1527 530 1582 oratio
559 1542 671 1583 non
692 1526 877 1596 habet,
901 1543 1065 1600 quam
1088 1544 1434 1603 nequaquam
1456 1545 1723 1602 perseve-

110 1617 296 1675 rantia
341 1616 593 1673 continui
639 1616 845 1673 amoris
871 1624 1040 1674 tenet.
1089 1618 1209 1687 Quo
1250 1626 1443 1676 contra
1469 1618 1608 1675 bene
1653 1618 1722 1675 de

111 1707 279 1765 Anna
306 1706 469 1763 ﬂente
500 1705 822 1779 perhibetur
846 1725 857 1763 :
901 1708 1185 1780 Vultusque
1203 1708 1319 1779 ejus
1344 1726 1451 1764 non
1469 1716 1592 1763 sunt
1610 1726 1722 1764 am-

109 1797 262 1872 ptius
290 1797 349 1853 in
376 1797 589 1854 diversa
614 1797 808 1853 mutati
824 1798 889 1871 (Ι
922 1799 1045 1869 Reg.
1079 1816 1118 1867 Ι,
1153 1799 1267 1872 18),
1300 1799 1430 1872 quia
1458 1784 1724 1857 videlicet

1829 628 2057 685 mistum
2086 637 2313 685 sumant
2340 628 2509 685 etiam
2531 628 2686 685 virus
2705 630 2854 703 quod
2873 630 3075 687 vitant.
3100 631 3253 689 Unde
3275 650 3435 707 quos-

1828 718 1955 774 dam
1974 719 2178 776 Paulus
2198 720 2480 792 apostolus
2493 719 2716 776 intuens
2732 721 2836 777 sub
2856 721 3266 794 praedicationis
3292 726 3437 780 vela-

1831 807 1979 863 mine
2004 806 2215 863 ventris
2239 807 2426 863 studio
2447 808 2773 878 servientes,
2803 809 2917 865 ait:
2950 811 3070 882 Ipse
3091 812 3228 866 enim
3257 813 3433 868 Sata-

1830 913 1928 952 nas
1955 897 2304 968 transﬁgurat
2330 913 2383 951 se
2410 897 2468 951 in
2494 898 2739 968 angelum
2769 897 2902 954 lucis
2919 898 3017 969 (ἸΙ
3044 898 3170 955 Cor.
3204 915 3283 966 χι,
3321 899 3436 971 14).

1830 985 1977 1053 Quid
2004 1002 2132 1059 ergo
2149 987 2351 1042 mirum
2374 986 2421 1042 si
2449 987 2689 1043 ministri
2720 985 2838 1058 ejus
2859 986 3321 1060 transﬁgurantur
3348 1006 3438 1047 ve-

1829 1074 1914 1130 lut
1943 1074 2182 1130 ministri
2198 1072 2431 1145 justitiae
2454 1075 2481 1131 ?
2520 1076 2675 1131 Hanc
2718 1075 3255 1148 transﬁgurationem
3275 1079 3441 1135 Josue

1830 1162 2043 1232 timuit,
2077 1162 2301 1236 quando
2356 1162 2550 1219 videns
2579 1163 2857 1236 angelum,
2896 1163 3055 1237 cujus
3083 1172 3223 1221 esset
3269 1166 3442 1239 partis

1832 1253 2146 1327 inquisivit,
2165 1252 2358 1310 dicens
2378 1271 2389 1308 :
2415 1254 2606 1311 Noster
2620 1270 2693 1322 es,
2709 1271 2782 1309 an
2795 1254 3235 1310 adversariorum
3252 1257 3443 1327 (Iosue

1830 1360 1889 1413 v,
1922 1342 1989 1399 13
1992 1343 2021 1415 )
2040 1343 2067 1399 ‘l
2088 1350 2149 1398 ut
2177 1341 2439 1399 videlicet
2460 1342 2508 1399 si
2535 1342 2784 1401 adversae
2805 1343 3031 1401 virtutis
3049 1352 3211 1412 esset,
3228 1361 3294 1401 eo
3319 1346 3442 1418 ipso

1830 1448 1939 1506 quo
1968 1448 2027 1488 se
2057 1438 2376 1505 suspectum
2403 1441 2776 1505 cognosceret,
2797 1433 2866 1490 ab
2889 1433 3149 1490 illusione
3180 1434 3436 1493 resiliret.

1830 1521 1972 1590 Quia
2001 1538 2134 1595 ergo
2164 1521 2469 1579 Leviathan
2499 1522 2601 1579 iste
2621 1523 2680 1578 in
2700 1539 2765 1579 eo
2796 1523 2947 1596 quod
2973 1523 3287 1597 iniquitatis
3301 1540 3442 1597 opus

1830 1613 2085 1681 molitur,
2118 1628 2259 1685 saepe
2288 1614 2310 1647 ⁵
2341 1612 2523 1686 specie
2552 1612 2862 1669 sanctitatis
2908 1612 3198 1680 induitur;
3230 1622 3285 1669 et
3313 1612 3445 1687 quia

1829 1703 1938 1759 nisi
1968 1720 2064 1776 per
2093 1703 2344 1759 divinam
2367 1702 2599 1775 gratiam
2622 1702 2997 1759 simulationis
3021 1701 3140 1775 ejus
3155 1702 3335 1775 detegi
3355 1703 3440 1758 in-

1829 1791 2095 1849 dumenta
2120 1809 2235 1861 non
2266 1800 2517 1865 possunt,
2550 1792 2690 1848 bene
2718 1790 2925 1847 dicitur
2960 1809 2971 1847 :
3020 1791 3148 1858 Quis
3184 1791 3445 1846 reuelabit

113 1904 274 1944 mens
303 1886 423 1959 ejus
442 1903 789 1961 nequaquam
819 1896 941 1960 post
960 1904 1146 1961 preces
1174 1889 1360 1962 inepta
1385 1888 1579 1945 laetitia
1604 1889 1723 1945 las-
1750 1909 1798 1970 Β
1827 1881 2021 1953 faciem
2045 1880 2339 1937 indumenti
2364 1879 2477 1970 ejus
2493 1880 2521 1937 ?
2549 1879 2824 1970 Subaudis
2844 1877 2954 1970 nisi
2981 1894 3113 1970 ego,
3134 1878 3230 1951 qui
3249 1894 3435 1970 servo-

113 1976 376 2036 civiendo
404 1976 666 2049 perdidit,
699 1976 846 2050 quod
872 1978 1141 2035 orationis
1160 1994 1272 2035 suae
1288 1985 1534 2051 tempore
1552 1980 1723 2052 gemi-

118 2080 275 2128 tuum
312 2072 328 2105 ί
358 2069 539 2143 rigore
564 2070 888 2143 exquisivit.
905 2070 1203 2127 Nonnullis
1222 2087 1354 2127 vero
1371 2072 1430 2128 in
1451 2088 1614 2129 usum
1636 2087 1730 2129 ne-

115 2160 445 2233 gotiationis
489 2161 728 2218 vertitur
769 2160 927 2217 labor
973 2162 1259 2219 orationis.
1309 2164 1388 2220 De
1435 2162 1637 2236 quibus
1668 2162 1728 2218 in

113 2250 420 2322 Evangelio
448 2248 666 2307 Veritas
693 2250 831 2307 dicit
862 2269 873 2307 :
906 2252 1179 2307 Devorant
1217 2252 1398 2308 domos
1436 2252 1729 2309 viduarum

116 2341 214 2397 sub
243 2340 453 2396 obtentu
484 2340 718 2412 prolixae
742 2342 1023 2399 orationis.
1071 2343 1145 2399 Hi
1175 2343 1432 2415 accipient
1454 2343 1730 2416 prolixius

108 2431 377 2503 judicium
392 2432 594 2503 (Marc.
626 2447 730 2499 χιι,
770 2431 887 2503 40).
919 2432 1060 2500 Quia
1087 2450 1215 2505 ergo
1236 2433 1556 2507 iniquorum
1577 2435 1731 2507 peti-

121 2521 372 2578 tionibus
393 2521 489 2595 qui
507 2521 815 2578 Leviathan
837 2522 998 2579 istius
1016 2540 1217 2595 corpus
1235 2531 1366 2580 sunt
1385 2524 1541 2580 nullo
1562 2524 1729 2581 modo

118 2612 394 2687 parcitur,
421 2629 550 2671 cum
567 2629 757 2669 eorum
787 2629 975 2685 preces
990 2630 1151 2686 opere
1167 2614 1551 2684 destruuntur,
1581 2622 1731 2673 recte

119 2718 274 2760 nunc
306 2700 544 2759 dicitur:
577 2703 700 2759 Non
722 2720 948 2774 parcam
975 2704 1021 2758 ei
1052 2703 1223 2759 verbis
1255 2704 1554 2776 potentibus
1583 2711 1632 2760 et
1658 2704 1732 2762 ad

117 2793 512 2865 deprecandum
539 2793 857 2865 compositis.
891 2793 913 2827 ³
950 2792 1214 2860 Quamvis
1241 2802 1295 2850 et
1323 2810 1418 2867 per
1447 2794 1554 2851 hoc
1582 2795 1730 2869 quod

119 2880 291 2938 verba
321 2880 571 2952 potentia
597 2887 651 2935 et
693 2879 762 2937 ad
796 2879 1199 2953 deprecandum
1242 2882 1547 2955 composita
1579 2883 1733 2939 refe—

117 2977 345 3038 runtur,
366 2976 551 3042 aperte
569 2970 807 3026 inanitas
819 2969 1085 3027 orationis
1099 2970 1427 3028 ostenditur.
1448 2972 1732 3031 Veraciter

121 3074 364 3132 namque
394 3074 568 3127 orare,
592 3066 674 3115 est
700 3075 916 3116 amaros
937 3059 995 3115 in
1025 3060 1449 3133 compunctione
1470 3062 1729 3134 gemitus,

120 3157 175 3206 et
229 3164 344 3206 non
383 3147 690 3222 composita
733 3148 901 3205 verba
941 3165 1216 3206 resonare.
1263 3151 1403 3223 [Vet.
1435 3152 1539 3207 XX
1551 3151 1727 3227 VIII.]

1836 1987 1961 2027 rum
2010 1986 2260 2026 meorum
2280 1968 2561 2025 mentibus
2582 1968 2816 2041 gratiam
2846 1965 3225 2023 subtilissimae
3245 1964 3444 2024 discre-

1837 2061 2007 2120 tionis
2035 2061 2269 2135 inspiro,
2290 2067 2353 2117 ut
2376 2060 2617 2116 revelata
2644 2058 2858 2116 malitia
2876 2057 3073 2116 faciem
3094 2056 3214 2132 ejus
3232 2057 3444 2115 nudam

1837 2152 2092 2222 videant,
2127 2168 2292 2230 quam
2324 2157 2643 2223 coopertam
2666 2150 2761 2206 ille
2789 2149 2893 2207 sub
2921 2148 3121 2205 habitu
3141 2146 3449 2205 sanctitatis

1838 2242 2099 2301 occultat.
2124 2243 2198 2298 Et
2226 2241 2357 2316 quia
2373 2240 2671 2315 aliquando
2699 2239 2949 2296 ﬁdelium
2971 2244 3181 2294 mentes
3199 2253 3447 2295 corrum-

1837 2348 1966 2405 pere
1994 2330 2307 2388 ostensione
2340 2346 2460 2400 sua,
2494 2327 2792 2403 aliquando
2835 2327 3181 2400 suggestione
3209 2334 3442 2384 conatur

1842 2420 1977 2494 (agit
2010 2421 2159 2476 enim
2202 2419 2367 2477 modo
2401 2435 2586 2494 opere,
2636 2417 2800 2476 modo
2830 2416 3236 2490 persuasf.::ie),
3297 2421 3446 2476 recte

1838 2509 1958 2584 subj
1967 2510 2197 2584 ungitur
2214 2528 2227 2568 :

2418 2617 2646 2677 CAPUT
2676 2618 2858 2677 XXV.

1910 2727 2047 2784 lem.
2080 2757 2151 2769 -
2171 2728 2246 2784 Et
2266 2726 2324 2782 in
2350 2727 2580 2783 medium
2606 2726 2719 2783 oris
2738 2727 2853 2799 ejus
2882 2724 3003 2799 quis
3039 2722 3305 2781 intrabit?

1909 2816 1999 2872 45.
2031 2817 2175 2872 Deus
2203 2817 2374 2873 electis
2401 2816 2745 2873 calliditatem
2770 2816 2881 2887 ejus
2902 2816 3118 2871 revelat.
3149 2844 3220 2857 --
3240 2812 3448 2870 Subau-

1840 2903 1926 2961 dis
1954 2904 2064 2961 nisi
2093 2921 2212 2978 ego,
2245 2905 2339 2978 qui
2360 2920 2458 2978 per
2476 2905 2739 2962 discretas
2758 2904 3061 2962 electorum
3082 2910 3295 2960 mentes
3321 2919 3451 2975 sug-

1840 2993 2150 3067 gestionum
2178 2993 2294 3067 ejus
2326 2994 2494 3051 verba
2506 2993 2769 3063 discutio,
2795 3001 2849 3050 et
2871 3009 2985 3051 non
3012 2993 3092 3050 ita
3112 2992 3230 3050 hanc
3245 3008 3364 3048 esse
3387 3000 3449 3048 ut

1840 3093 2144 3141 sonuerunt
2174 3084 2488 3141 manifesto.
2520 3084 2736 3139 Bonum
2766 3098 3004 3155 namque
3035 3081 3299 3137 videntur
3326 3096 3448 3152 pro-

1840 3175 2083 3243 mittere,
2114 3175 2208 3231 sed
2236 3173 2306 3230 ad
2330 3173 2609 3246 perditum
2640 3172 2807 3228 ﬁnem
2838 3171 3086 3228 trahunt.
3118 3171 3182 3226 In
3202 3168 3448 3225 medium

120 3238 231 3297 Sed
253 3238 387 3313 quia
413 3238 675 3313 antiquus
697 3237 875 3296 hostis
895 3254 1003 3313 quo
1021 3238 1326 3296 districtius
1346 3240 1639 3313 frangitur,
1662 3258 1727 3297 eo

1847 3262 2013 3335 igitur
2032 3237 2144 3320 oris
2166 3263 2285 3336 ejus
2299 3237 2508 3319 intrare
2528 3270 2612 3319 est
2625 3261 2946 3319 calliditatis
2963 3260 3084 3333 ejus
3100 3259 3267 3316 verba
3281 3275 3442 3332 pene-

123 3328 363 3401 nequius
390 3344 487 3401 per
530 3326 867 3400 multiplicia
904 3336 1225 3401 argumenta
1252 3328 1537 3399 dilatatur,
1568 3330 1727 3403 cujus

123 3425 312 3474 tamen
340 3416 576 3474 insidias
621 3418 891 3474 Dominus
934 3426 1139 3490 quanto
1168 3416 1429 3475 subtilius
1459 3420 1727 3476 occultari

125 3505 457 3575 considerat,
479 3513 637 3563 tanto
667 3507 829 3564 nobis
848 3507 1260 3565 misericordius
1277 3509 1614 3578 manifestat,
1645 3526 1728 3566 re-

124 3604 213 3656 cte
241 3596 631 3671 subjungitur:

510 3738 739 3797 CAPUT
766 3738 954 3797 XXIV
986 3738 1131 3813 [Rec.
1163 3738 1371 3814 XXII].

202 3855 373 3913 Vnus.
408 3856 493 3913 14.
517 3886 588 3897 -
618 3854 748 3924 Quis
776 3855 1028 3912 reuelabit
1056 3854 1247 3927 faciem
1276 3855 1568 3911 indumenti
1597 3857 1626 3913 Ῠ

200 3944 291 4003 44.
335 3947 505 4004 Satan
549 3946 710 4003 aliter
753 3946 1031 4018 religiosas
1076 3952 1289 4016 mentes,
1336 3947 1497 4003 aliter
1536 3947 1733 4004 mundo

130 4036 336 4093 deditas
367 4043 547 4094 tentat.
572 4068 643 4078 —
676 4036 981 4093 Leviathan
1013 4036 1115 4093 iste
1144 4038 1304 4094 aliter
1331 4038 1615 4112 religiosas
1638 4038 1735 4095 ho-

134 4126 349 4184 minum
382 4135 615 4196 mentes,
645 4127 808 4183 aliter
835 4143 967 4184 vero
997 4126 1131 4184 huic
1160 4127 1369 4184 mundo
1389 4127 1600 4185 deditas
1618 4136 1737 4185 ten-

133 4222 214 4272 tat
230 4231 405 4284 ruam
434 4215 621 4289 pravis
648 4214 792 4271 mala
821 4230 941 4288 quae
971 4214 1286 4271 desiderant
1308 4224 1491 4289 aperte
1517 4215 1736 4289 objicit,

134 4306 294 4363 bonis
320 4312 504 4363 autem
534 4306 766 4362 latenter
784 4304 1075 4375 insidians,
1102 4306 1203 4362 sub
1225 4308 1405 4379 specie
1423 4306 1741 4364 sanctitatis

136 4396 345 4454 illudit.
378 4396 496 4452 Illis
516 4395 669 4451 velut
698 4394 1066 4451 familiaribus
1086 4396 1202 4452 suis
1232 4396 1486 4471 iniquum
1509 4413 1564 4453 se
1582 4398 1602 4432 ³
1627 4413 1740 4453 ma-

134 4476 394 4541 nifestius
407 4485 678 4552 insinuat;
698 4483 819 4540 istis
836 4499 966 4540 vero
982 4485 1134 4541 velut
1154 4486 1435 4543 extraneis
1454 4486 1740 4561 cujusdam

137 4576 293 4651 quasi
325 4576 630 4632 honestatis
660 4582 931 4648 praetextu
960 4589 1016 4630 se
1045 4575 1254 4647 palliat,
1279 4584 1341 4632 ut
1356 4577 1501 4633 mala
1521 4594 1640 4651 quae
1663 4577 1741 4635 eis

1838 3360 2005 3419 trare,
2040 3361 2103 3409 ut
2130 3368 2479 3426 nequaquam
2496 3358 2756 3424 pensatur
2770 3349 2906 3423 quid
2922 3356 3201 3416 resonant,
3226 3347 3323 3405 sed
3340 3364 3450 3421 quo

1839 3441 2148 3499 intendant.
2186 3444 2397 3499 Intrare
2427 3442 2603 3499 Adam
2631 3442 2691 3497 in
2721 3439 2968 3497 medium
2996 3439 3110 3496 oris
3136 3438 3257 3512 ejus
3287 3440 3308 3473 θ
3340 3454 3451 3495 no-

1841 3530 1969 3601 luit,
2017 3531 2239 3605 quando
2283 3531 2650 3589 intentionem
2680 3530 3052 3604 persuasionis
3103 3528 3256 3584 illius
3294 3534 3453 3585 caute

1840 3638 2070 3696 pensare
2101 3621 2348 3695 neglexit
2378 3640 2392 3691 ;
2424 3619 2782 3678 divinitatem
2804 3618 3008 3693 quippe
3029 3620 3049 3655 ⁷
3080 3631 3138 3673 se
3164 3632 3261 3689 per
3290 3617 3452 3673 illum

1841 3714 2088 3787 accipere
2106 3712 2365 3781 credidit,
2386 3719 2442 3769 et
2475 3712 2497 3746 ⁸
2525 3710 3001 3767 immortalitatem
3021 3706 3211 3763 amisit
3232 3704 3447 3778 (Genes.

1842 3806 1954 3877 III).
1988 3803 2143 3861 Unde
2171 3818 2303 3875 ergo
2334 3800 2403 3861 ab
2432 3800 2721 3858 intellectu
2751 3796 3047 3854 verborum
3076 3793 3195 3867 ejus
3224 3792 3448 3848 incaute

1842 3892 2086 3950 exterius
2100 3891 2271 3959 stetit,
2290 3888 2421 3946 inde
2439 3905 2497 3947 se
2516 3889 2600 3946 ori
2622 3887 2776 3945 illius
2794 3883 3173 3945 devorandum
3192 3880 3448 3939 funditus

1845 3983 2101 4058 praebuit.
2133 3982 2427 4056 Sequitur:

2207 4108 2437 4167 CAPUT
2466 4106 2655 4166 XXVI
2694 4102 2838 4179 meo.
2861 4098 3100 4175 XXIII].

1918 4221 2089 4279 Vens.
2122 4220 2176 4278 5.
2207 4250 2278 4262 —-
2306 4220 2503 4276 Portas
2534 4216 2711 4271 vultus
2739 4213 2851 4285 ejus
2880 4211 2999 4284 quis
3025 4206 3277 4283 aperiet?

1918 4312 2008 4370 46.
2039 4313 2218 4369 Porta:
2250 4310 2541 4366 Leviathan
2564 4303 3137 4380 pseudoprwdicatores
3166 4298 3457 4372 appellan-

1851 4410 1959 4460 tur.
1992 4402 2103 4459 Has
2130 4400 2390 4457 Dominus
2419 4398 2610 4472 aperit,
2632 4396 2913 4468 magistros
2942 4406 3193 4449 errorum
3219 4386 3461 4459 manife—

1852 4494 2062 4552 stando.
2089 4523 2160 4534 —
2178 4491 2355 4549 Portae
2378 4490 2568 4546 vultus
2583 4485 2702 4560 ejus
2717 4490 2846 4541 sunt
2870 4480 3050 4556 iniqui
3066 4479 3340 4547 doctores,
3363 4477 3459 4551 qui

1856 4583 2064 4642 idcirco
2094 4592 2267 4657 portae
2296 4582 2484 4638 vultus
2506 4577 2626 4651 ejus
2658 4574 2837 4634 vocati
2857 4581 3008 4643 sunt,
3039 4572 3169 4646 quia
3187 4585 3283 4645 per
3312 4568 3462 4642 ipsos

137 4645 359 4740 publice
390 4681 503 4721 non
520 4645 685 4732 valet,
707 4672 853 4721 tecta
872 4663 1028 4719 bonae
1047 4645 1283 4720 actionis
1311 4645 1585 4722 velamine
1606 4667 1747 4723 sub-
1773 4645 1824 4705 Β
1856 4645 2115 4751 (ιιιίειίῃιθ⁵
2135 4671 2467 4746 ingreditur,
2498 4645 2561 4725 ut
2590 4666 2897 4724 Leviathan
2918 4664 3020 4723 iste
3048 4645 3203 4737 quasi
3234 4659 3292 4751 in
3311 4666 3460 4732 pote-

138 4754 494 4813 intromittat.
530 4754 686 4812 Unde
716 4761 771 4810 et
800 4753 1048 4810 membra
1077 4752 1195 4825 ejus
1227 4771 1369 4828 saepe
1398 4771 1525 4812 cum
1554 4765 1744 4830 aperta

139 4847 393 4920 nequitia
424 4860 621 4903 nocere
649 4862 756 4902 non
786 4852 1035 4918 possunt,
1057 4844 1215 4901 bonze
1235 4847 1469 4904 actionis
1489 4846 1743 4904 habitum

140 4944 402 5004 sumunt;
437 4937 459 4972 ‘
488 4943 543 4992 et
572 4951 741 5009 prava
771 4933 992 5009 quidem
1040 4950 1097 4990 se
1126 4950 1288 5006 opere
1329 4935 1616 5007 exhibent,
1649 4937 1744 4994 sed

141 5040 331 5089 sancta
359 5031 543 5106 specie
572 5031 937 5087 mentiuntur.
970 5029 1155 5103 Iniqui
1173 5029 1320 5085 enim
1338 5032 1385 5086 si
1404 5041 1588 5103 aperte
1610 5033 1745 5090 mali

141 5127 346 5191 essent,
380 5137 411 5177 a
439 5121 604 5177 bonis
630 5120 805 5194 recipi
834 5119 1065 5176 omnino
1096 5134 1209 5175 non
1240 5126 1459 5192 possent
1484 5138 1497 5185 ;
1531 5119 1625 5177 sed
1657 5137 1748 5176 su-

143 5218 309 5270 munt
335 5210 550 5285 aliquid
588 5208 658 5266 de
704 5208 921 5266 visione
956 5208 1251 5276 bonorum,
1291 5213 1480 5271 1103
1509 5216 1571 5265 ut
1611 5208 1747 5267 dum

227 5402 242 5436 ¹
274 5399 479 5469 Laud.,
512 5398 637 5457 Val.
666 5397 774 5468 CL,
796 5398 996 5456 Pratel.
1019 5404 1074 5456 et
1100 5397 1211 5456 duo
1244 5397 1427 5456 Germ.
1437 5441 1454 5468 ,
1484 5398 1634 5471 rigor
1662 5415 1753 5454 es:-

182 5472 386 5529 uisivit.

144 5490 449 5602 qui’iii‘bx
483 5542 745 5600 omnibus
773 5541 976 5599 nostris
1003 5543 1131 5600 Mss.
1156 5542 1561 5600 restituendum
1590 5541 1752 5599 duxi-

146 5633 297 5684 mus,
328 5634 453 5689 cum
485 5615 640 5689 prius
668 5616 956 5689 legeretur,
986 5615 1115 5685 quia
1139 5621 1192 5689 et
1211 5632 1311 5686 per
1338 5615 1451 5674 hoc.

221 5690 243 5724 ³
269 5687 447 5745 Laud.
480 5686 536 5744 et
563 5686 741 5744 Corb.’
760 5687 970 5754 Germ.,
1002 5686 1333 5757 manifestus.

223 5762 245 5796 ‘
286 5760 511 5817 Ebroic.
545 5759 751 5832 aliique
783 5759 1000 5832 Norm.,
1027 5764 1075 5812 et
1105 5775 1372 5832 pravos...
1413 5757 1503 5814 sed
1526 5763 1752 5815 sanctos.

149 5832 277 5891 Val.
310 5832 421 5902 CL,
451 5837 502 5887 et
523 5829 702 5903 prava
728 5830 941 5903 quidem
966 5829 1139 5903 opere,
1174 5829 1378 5903 omisso
1397 5846 1470 5886 se.

226 5907 248 5943 ⁸
281 5898 486 5975 Laud.,
517 5898 755 5978 Epeciem'
772 5898 1069 5961 sanctitatis
1095 5901 1362 5973 induitur,
1389 5898 1759 5977 quemadmo-

1854 4750 2011 4823 statis
2040 4781 2152 4821 suae
2175 4762 2490 4836 principatu
2511 4757 2784 4816 videatur.
2814 4755 2968 4813 Sicut
2994 4752 3143 4809 enim
3174 4750 3463 4822 Scriptura

1852 4871 2006 4912 sacra
2040 4860 2257 4911 sanctos
2309 4851 2459 4907 viros
2507 4856 2694 4923 portas
2747 4846 2882 4903 Sion
2930 4857 3125 4899 vocare
3170 4836 3462 4897 consuevit

1857 4946 2014 5019 (Sion
2040 4944 2242 5019 quippe
2263 4940 2568 5017 speculatio
2616 4938 3035 5009 interpretatur,
3059 4939 3113 4987 et
3133 4945 3245 4986 non
3266 4930 3461 5019 imme-

1855 5015 1962 5091 rito
1993 5015 2378 5107 praedicatores
2409 5036 2628 5087 sanctos
2666 5032 2851 5101 portas
2880 5022 3011 5079 Sion
3040 5019 3301 5087 dicimus,
3333 5015 3463 5091 quia

1855 5142 1952 5200 per
1980 5139 2171 5181 eorum
2193 5121 2365 5177 vitam
2384 5128 2547 5193 atque
2575 5115 2889 5174 doctrinam
2913 5108 3237 5200 abscondita
3265 5123 3454 5200 supcr-

1856 5196 1943 5271 nae
1962 5210 2450 5285 contemplationis
2462 5204 2779 5275 intramus),
2799 5201 2877 5256 ita
2889 5198 3055 5257 etiam
3077 5199 3251 5272 portis
3267 5196 3460 5255 Levia-

1862 5390 1994 5448 dum
2026 5389 2085 5446 in
2115 5387 2257 5445 Psal.
2289 5403 2425 5451 xcn,
2445 5386 2495 5454 l,
2519 5384 2752 5439 decorem
2769 5379 2991 5454 indutus
3012 5382 3105 5433 est.
3128 5376 3305 5445 Quam
3321 5390 3467 5432 con-

1862 5463 2221 5520 structionem
2250 5451 2488 5532 probant
2509 5453 2707 5529 optimi
2732 5451 3059 5532 scriptores:
3107 5522 3117 5532 η

1935 5538 1957 5571 ⁸
2000 5536 2140 5591 Male
2178 5532 2238 5587 in
2252 5520 2424 5588 'Edit.
2470 5520 2582 5583 vet.
2624 5534 2678 5582 et
2708 5520 2943 5591 recent,
2973 5522 3158 5579 voluit.
3191 5520 3462 5578 Gussanv.

1863 5615 2048 5664 tamen
2078 5606 2227 5661 hunc
2256 5618 2496 5660 errorem
2525 5598 2863 5657 emendavit.

1936 5681 1956 5715 7
1993 5680 2229 5746 Gemet.,
2251 5674 2605 5747 superjllum.
2670 5743 2697 5747 _
2898 5739 2946 5747 __
3174 5744 3184 5747 ,
3336 5743 3345 5747 -
3380 5735 3390 5745 .

1939 5753 1959 5786 ⁸
1980 5739 2245 5817 νὶιιᾶοοξ,
2276 5739 2488 5817 Laud.,
2517 5745 2629 5803 duo
2658 5743 2844 5802 Germ.
2854 5782 2872 5815 ,
2898 5739 3114 5815 Norm.,
3137 5744 3269 5816 etc.,
3298 5743 3353 5794 et
3372 5739 3463 5797 im-

1864 5821 2209 5881 mortalitatis
2236 5819 2490 5896 gratiam.
