3936 6384
469 443 573 500 703

1667 430 1918 490 SANCTI
1957 429 2304 490 GREGORII
2333 432 2562 490 MAGNI

3691 433 3796 490 704

469 567 604 623 than
630 564 791 621 istius
810 577 1058 619 errorum
1081 561 1326 635 magistri
1342 561 1648 634 signantur,
1676 575 1912 632 quorum
1935 558 2068 614 dum
2099 560 2149 619 Α
2177 557 2344 613 etiam
2372 557 2630 614 inﬁrmus
2659 557 2961 613 Leviathan
2990 556 3150 614 istius
3175 556 3369 613 dentes
3390 573 3502 612 non
3525 555 3798 630 despice.-

472 652 788 728 praedicatio
835 669 1088 726 perversa
1127 651 1415 724 recipitur,
1459 649 1672 704 miseris
1718 647 2065 704 auditoribus

470 745 564 800 via
593 743 920 816 perditionis
949 742 1210 814 aperitur.
1243 740 1346 796 Sed
1373 748 1543 812 porta:
1573 739 1690 794 istae
1720 745 1846 794 ante
1878 739 2066 794 oculos

470 833 758 890 hominum
778 833 1100 904 plerumque
1116 831 1182 886 ad
1199 826 1656 885 introducendum
1676 826 1898 900 quidem
1917 843 2064 899 aper-

470 931 542 979 tae
563 929 712 990 sunt,
739 921 834 978 sed
857 929 1040 977 tamen
1061 920 1128 976 ad
1149 917 1668 991 deprehendendum
1690 917 1908 984 clausa,
1937 916 2066 989 quia

469 1018 616 1068 recta
659 1011 716 1066 in
750 1011 928 1082 specie
957 1009 1242 1076 exhibent,
1285 1007 1379 1063 sed
1425 1023 1586 1080 opere
1619 1023 1786 1079 prava
1833 1021 2065 1078 persua—

471 1100 620 1157 dent.
654 1100 740 1156 Ad
769 1097 1284 1172 deprehendendum
1307 1114 1434 1168 ergo
1462 1098 1662 1154 clausae
1677 1104 1826 1163 sunt,
1852 1096 1978 1168 quia
1998 1111 2065 1150 ne

472 1189 806 1246 intrinsecus
842 1187 1096 1259 cognosci
1135 1188 1372 1254 valeant,
1408 1185 1668 1242 exteriori
1714 1184 2066 1240 simulatione

472 1279 819 1334 muniuntur.
852 1277 996 1344 Quas
1025 1283 1211 1332 tamen
1233 1275 1372 1330 mira
1391 1273 1632 1347 potentia
1649 1273 1920 1330 Dominus
1945 1289 2059 1344 ape-

471 1367 562 1434 rit,
596 1367 726 1438 quia
755 1366 942 1422 electis
971 1366 1088 1422 suis
1109 1362 1528 1437 hypocritarum
1559 1369 1770 1418 mentes
1799 1378 2068 1434 compre-

471 1452 767 1510 hensibiles
787 1453 937 1510 facit.
957 1455 1152 1509 Portas
1171 1469 1298 1524 ergo
1313 1453 1490 1507 vultus
1509 1451 1624 1521 ejus
1643 1451 1762 1522 quis
1786 1452 1799 1485 ¹
1826 1451 2066 1521 aperiet?

470 1541 742 1598 Subaudis
770 1543 877 1598 nisi
931 1560 1050 1614 ego,
1083 1543 1179 1616 qui
1208 1542 1397 1598 electis
1430 1541 1565 1596 meis
1600 1541 1892 1612 magistros
1921 1554 2066 1594 erro-

471 1647 593 1686 rum
623 1630 726 1686 sub
755 1630 936 1703 specie
973 1631 1282 1687 sanctitatis
1322 1630 1673 1687 absconditos
1707 1635 1900 1692 1104
1931 1643 2066 1700 per-

471 1725 658 1798 spicua
685 1725 1000 1796 cognitione
1049 1725 1358 1781 manifesto.
1395 1727 1463 1782 Et
1511 1726 1640 1799 quia
1688 1725 2066 1780 Antichristus

473 1813 700 1870 veniens
729 1814 874 1886 ipsas
902 1815 1068 1869 etiam
1099 1830 1342 1870 summas
1369 1813 1536 1888 hujus
1557 1814 1742 1870 saeculi
1776 1822 2066 1886 potestates

2174 655 2276 716 ret,
2308 648 2354 704 si
2386 664 2495 704 non
2513 665 2606 704 eos
2633 664 2732 720 per
2759 647 3052 703 circuitum
3077 654 3410 718 potestatum
3427 647 3797 704 saecularium

2175 747 2350 794 terror
2381 740 2668 794 muniret?
2719 739 2824 794 Sed
2853 738 3063 810 duplici
3113 746 3305 794 contra
3348 755 3440 796 eos
3477 739 3799 798 calliditate

2175 829 2377 900 agitur,
2406 829 2537 901 quia
2586 829 2734 900 quod
2781 827 2860 883 eis
2890 827 2959 883 ab
2981 827 3104 883 aliis
3135 827 3321 884 \erbis
3368 829 3800 886 blandientibus

2176 917 2402 988 dicitur,
2434 918 2540 975 hoc
2568 919 2636 974 ab
2668 920 2793 974 aliis
2815 920 3011 990 gladiis
3035 920 3367 977 ferientibus
3397 923 3420 957 ⁶
3460 922 3797 994 imperatur.

2176 1007 2306 1074 Quae
2333 1015 2695 1080 utrorumque
2725 1008 2889 1076 actio,
2916 1007 2970 1063 id
3001 1019 3081 1064 est
3103 1009 3420 1080 potentium
3448 1018 3615 1084 atque
3646 1015 3667 1047 "
3703 1014 3803 1070 lo-

2175 1097 2484 1168 quentium,
2508 1095 2564 1150 in
2595 1097 2822 1152 Joannis
2844 1098 3174 1170 Apocalypsi
3210 1099 3367 1154 brevi
3403 1108 3486 1155 est
3514 1103 3802 1158 sententia

2175 1184 2588 1256 comprehensa,
2623 1201 2729 1257 qua
2757 1185 2964 1240 dicitur
2998 1203 3009 1240 :
3061 1187 3299 1242 Potestas
3327 1206 3588 1259 equorum
3619 1190 3678 1244 in
3707 1209 3804 1247 ore

2180 1279 2227 1328 et
2259 1273 2313 1328 in
2330 1274 2517 1327 caudis
2538 1290 2718 1328 eorum
2739 1281 2857 1328 erat
2885 1275 3080 1344 (Apoc.
3113 1292 3187 1343 Ix,
3214 1275 3328 1348 19).
3357 1277 3418 1332 In
3441 1293 3536 1333 ore
3553 1294 3803 1353 namque

2176 1363 2492 1432 doctorum,
2525 1364 2758 1420 scientia
2789 1383 2802 1430 ;
2835 1365 2892 1419 in
2917 1365 3090 1421 cauda
3109 1383 3264 1434 vero,
3295 1369 3654 1424 saecularium
3688 1386 3805 1442 po—

2174 1455 2351 1509 tentia
2384 1454 2670 1526 figuratur.
2705 1455 2806 1510 Per
2835 1455 3062 1510 caudam
3095 1456 3318 1528 quippe,
3351 1473 3473 1528 quae
3495 1465 3647 1514 retro
3676 1467 3797 1527 est,

2179 1541 2345 1614 hujus
2373 1543 2559 1599 saeculi
2607 1543 2986 1614 postponenda
3017 1546 3397 1617 temporalitas
3439 1546 3798 1620 designatur,

2177 1633 2243 1689 de
2289 1651 2396 1706 qua
2438 1634 2640 1690 Paulus
2691 1635 2970 1706 apostolus
2999 1634 3135 1691 dicit
3167 1653 3179 1692 :
3221 1637 3395 1693 Unum
3433 1645 3639 1704 autem,
3676 1657 3806 1711 quae

2175 1729 2317 1780 retro
2339 1729 2462 1777 sunt
2477 1723 2694 1789 oblitus,
2715 1724 2786 1778 ad
2807 1741 2865 1778 ea
2885 1741 3000 1794 quce
3018 1731 3138 1780 ante
3157 1733 3280 1780 sunt
3297 1732 3540 1782 extentus
3560 1728 3798 1801 (Philip.

2173 1812 2377 1885 111,13).
2411 1815 2575 1870 Retro
2595 1813 2742 1868 enim
2773 1821 2855 1869 est
2883 1830 3044 1870 omne
3065 1814 3212 1888 quod
3232 1817 3453 1884 transit,
3481 1825 3611 1872 ante
3640 1834 3802 1875 vero-

473 1901 766 1970 obtinebit,
797 1901 892 1974 qui
923 1903 1131 1974 duplici
1167 1919 1350 1958 errore
1387 1902 1619 1958 saeviens
1649 1911 1883 1959 conatur
1911 1903 1980 1960 ad
2009 1919 2065 1960 se
2094 1924 2142 1984 Β
2175 1909 2256 1958 est
2283 1917 2446 1958 omne
2475 1902 2620 1975 quod
2650 1902 2877 1958 veniens
2897 1911 3198 1974 permanet.
3223 1906 3346 1962 Istis
3366 1921 3496 1977 ergo
3518 1905 3700 1979 equis,
3732 1907 3794 1963 id

473 1990 637 2049 corda
657 1990 948 2048 hominum
975 1999 1030 2048 et
1061 1991 1242 2048 missis
1267 1991 1718 2065 praedicatoribus
1745 1992 1980 2063 trahere,
2013 2001 2068 2050 et

473 2082 768 2139 commotis
796 2083 1160 2155 potestatibus
1191 2083 1480 2152 inclinare,
1509 2083 1649 2139 bene
1671 2083 1738 2140 de
1768 2084 2072 2141 Leviathan

475 2169 582 2227 isto
610 2171 880 2228 Dominus
909 2171 1182 2242 subdidit,
1210 2172 1399 2230 dicens
1433 2191 1444 2228 :

810 2287 1038 2348 CAPUT
1063 2292 1274 2348 xxvu
1309 2289 1448 2364 [νει.
1481 2289 1712 2363 XXIX].

543 2379 680 2436 IBID.
711 2409 782 2420 —
800 2381 906 2436 Per
931 2398 1119 2452 gyrum
1145 2381 1376 2436 dentium
1396 2380 1507 2448 ejus
1521 2379 1776 2449 formulo.

542 2467 630 2524 47.
664 2467 853 2524 Dentes
879 2471 1169 2525 Leviatlum
1186 2471 1340 2525 iidem
1358 2469 1488 2540 falsi
1503 2470 1755 2524 doctores.
1778 2497 1841 2510 —
1863 2468 2070 2524 Mutato

473 2571 712 2630 namque
754 2559 999 2628 nomine,
1047 2559 1148 2617 hos
1177 2559 1296 2632 ejus
1336 2559 1526 2617 dentes
1576 2558 1860 2614 insinuare
1909 2556 2072 2613 aliter

475 2643 678 2713 voluit,
710 2662 847 2720 quos
876 2647 1126 2720 superius
1153 2657 1339 2720 portas
1369 2647 1609 2704 vocavit.
1641 2646 1890 2702 Perversi
1919 2645 2068 2701 enim

479 2733 864 2806 praedicatores
879 2743 1049 2808 portas
1077 2736 1196 2808 ejus
1223 2745 1372 2806 sunt,
1403 2737 1534 2810 quia
1553 2737 1861 2808 ingressum
1891 2733 2066 2807 perdi-

473 2821 644 2879 tionis
671 2825 942 2896 aperiunt.
975 2827 1176 2882 Dentes
1207 2825 1324 2898 ejus
1352 2833 1500 2895 sunt,
1533 2825 1660 2898 quia
1682 2841 1775 2880 eos
1803 2841 1940 2898 quos
1962 2824 1984 2858 ²
2010 2823 2068 2878 in

477 2927 660 2968 errore
713 2913 956 2986 capiunt,
989 2930 1020 2970 a
1066 2914 1312 2970 veritatis
1365 2914 1643 2970 soliditate
1685 2913 2063 2983 confringunt.

475 3001 630 3059 Sicut
643 3002 790 3058 enim
817 3011 1017 3058 sanctae
1043 3004 1300 3060 Ecclesiae
1321 3004 1512 3060 dentes
1531 3004 1838 3076 accipimus
1859 3018 1950 3057 eos
1971 3001 2068 3074 qui

471 3091 954 3163 praedicationibus
977 3092 1092 3148 suis
1111 3095 1456 3164 peccantium
1472 3093 1734 3149 duritiam
1751 3099 2064 3159 conterunt,

470 3181 618 3237 unde
645 3182 694 3237 ei
725 3197 821 3254 per
862 3181 1210 3238 Salomonem
1242 3182 1450 3239 dicitur
1481 3201 1492 3237 :
1527 3182 1713 3237 Dentes
1771 3181 1848 3235 tui
1882 3181 1903 3215 ³
1933 3179 2068 3234 sicut

2181 1998 2262 2045 est
2289 1991 2309 2025 ⁸
2342 1990 2694 2063 nequissimis
2712 1992 3182 2062 praedicatoribus,
3213 1993 3426 2068 ubique
3454 1995 3671 2052 carnali
3695 1995 3802 2052 im-

2182 2079 2347 2152 pulsu
2376 2081 2743 2150 currentibus,
2776 2083 2834 2138 in
2868 2099 2961 2139 ore
2989 2091 3043 2139 et
3087 2084 3144 2140 in
3189 2083 3368 2142 cauda
3395 2091 3644 2157 potestas
3694 2094 3799 2155 est,

2182 2170 2313 2243 quia
2343 2171 2446 2244 ipsi
2479 2172 2702 2244 quidem
2732 2189 2986 2246 perversa
3015 2173 3297 2231 suadendo
3326 2176 3657 2248 praedicant,
3691 2177 3793 2234 sed

2181 2261 2581 2332 temporalibus
2610 2263 2971 2334 potestatibus
2998 2263 3150 2332 fulti,
3179 2280 3276 2336 per
3303 2281 3365 2320 ea
3393 2282 3452 2321 se
3483 2282 3608 2338 qua:
3645 2274 3800 2324 retro

2181 2359 2310 2406 sunt
2353 2351 2619 2407 exaltant.
2675 2353 2746 2407 Et
2793 2353 2923 2425 quia
2974 2353 3077 2426 ipsi
3115 2370 3374 2426 apparere
3423 2354 3801 2426 despicabiles

2180 2448 2429 2512 possunt,
2461 2440 2528 2495 ab
2562 2439 2766 2513 iniquis
2795 2440 3143 2498 auditoribus
3172 2442 3288 2500 suis
3317 2459 3412 2515 per
3441 2460 3536 2500 eos
3567 2444 3681 2501 sibi
3715 2461 3800 2501 re-

2179 2529 2484 2584 verentiam
2532 2531 2781 2602 exigunt,
2815 2546 3048 2603 quorum
3099 2531 3424 2604 patrociniis
3457 2533 3799 2590 fulciuntur.

2179 2622 2333 2678 Unde
2365 2622 2458 2679 hic
2491 2638 2710 2696 quoque
2763 2629 2952 2686 1105
2983 2639 3096 2678 non
3131 2624 3413 2682 immerito
3456 2641 3555 2698 per
3591 2643 3804 2698 gyrum

2177 2720 2425 2776 dentium
2451 2720 2569 2793 ejus
2598 2719 2837 2777 formido
2858 2721 3034 2778 inesse
3055 2721 3412 2788 describitur,
3438 2724 3573 2796 quia
3603 2722 3806 2779 multis

2178 2809 2483 2866 terroribus
2513 2809 2716 2882 agitur,
2763 2817 2824 2866 ut
2867 2810 2923 2865 in
2969 2811 3240 2882 perversis
3286 2828 3482 2868 eorum
3513 2813 3808 2885 praedica-

2176 2899 2424 2956 tionibus
2447 2899 2550 2955 etsi
2581 2916 2691 2956 non
2722 2899 2972 2956 veritatis
2987 2901 3276 2970 sententia,
3294 2909 3442 2958 certe
3460 2903 3802 2975 temporalis

2177 2990 2420 3061 potentia
2445 2989 2724 3046 timeatur.
2757 2989 2910 3046 Unde
2927 2989 3064 3046 bene
3093 2990 3347 3047 eumdem
3371 2991 3802 3048 Antichristum

2175 3079 2462 3135 Psalmista
2506 3078 2816 3151 descripsit,
2865 3079 3055 3136 dicens
3085 3098 3096 3134 :
3131 3081 3238 3137 Sub
3270 3082 3453 3152 lingua
3481 3080 3599 3152 ejus
3637 3081 3800 3137 labor

2174 3173 2222 3220 et
2259 3168 2434 3236 dolor,
2471 3169 2493 3202 θ
2523 3168 2659 3222 sedet
2701 3168 2757 3222 in
2785 3167 2996 3223 insidiis
3023 3185 3140 3223 cum
3186 3170 3438 3225 divitibus
3485 3170 3542 3224 in
3575 3171 3805 3235 occultis

469 3287 643 3343 greges
670 3271 1010 3326 detonsarum
1032 3270 1412 3325 ascendentium
1445 3270 1506 3324 de
1537 3271 1746 3325 lavacro
1771 3270 1954 3341 (Cant.
1982 3285 2064 3336 Iv,

2182 3256 2353 3327 (Psal.
2396 3272 2477 3324 ix,
2505 3256 2622 3328 28).
2670 3257 2900 3328 Propter
2938 3257 3087 3313 enim
3115 3273 3371 3330 perversa
3396 3257 3659 3330 dogmata
3695 3261 3806 3316 sub

471 3358 530 3430 2)
557 3377 572 3426 ;
604 3359 700 3431 qui
728 3375 840 3414 non
869 3359 1150 3414 immerito
1167 3359 1414 3416 detonsis
1441 3374 1505 3416 ac
1533 3359 1660 3415 lotis
1691 3359 1889 3416 ovibus
1917 3374 2064 3414 com-

473 3453 756 3520 parantur,
779 3447 910 3520 quia
929 3447 1224 3503 innocuam
1248 3447 1420 3504 vitam
1441 3454 1740 3515 sumentes,
1764 3447 1823 3502 in
1850 3447 2068 3504 lavacro

471 3535 819 3608 baptismatis
857 3537 1290 3594 conversationis
1319 3537 1566 3610 pristinas
1608 3537 1810 3593 vellera
1853 3545 2070 3594 vetusta

472 3633 805 3700 posuerunt;
836 3627 916 3684 ita
943 3627 1106 3683 etiam
1123 3626 1381 3684 dentibus
1398 3627 1700 3684 Leviathan
1732 3627 1894 3684 istius
1923 3643 2066 3684 erro-

473 3729 598 3772 rum
645 3715 892 3788 magistri
937 3715 1260 3789 ﬁgurantur,
1309 3719 1439 3792 quia
1489 3717 1846 3790 reproborum
1893 3717 2064 3772 vitam

472 3802 775 3860 mordenda
794 3805 1087 3876 dilaniant,
1109 3815 1162 3864 et
1179 3825 1270 3864 eos
1290 3825 1322 3864 a
1341 3807 1591 3864 veritatis
1607 3806 1923 3879 integritate
1939 3806 2066 3864 sub-

469 3892 664 3951 ductos
687 3895 710 3930 ‘
742 3895 800 3950 in
816 3896 1088 3954 sacriﬁcio
1109 3897 1368 3954 falsitatis
1399 3905 1662 3954 mactant.
1684 3897 1929 3965 Quorum
1947 3897 2064 3970 qui-

471 3983 595 4040 dem
625 3983 942 4056 przedicatio
971 3986 1130 4043 facile
1151 3986 1357 4060 despici
1380 3987 1448 4043 ab
1463 3985 1810 4042 auditoribus
1832 3993 2064 4058 poterat,

469 4072 722 4132 sedhanc
748 4082 874 4132 ante
899 4075 1141 4132 humana
1151 4075 1367 4150 judicia
1393 4075 1690 4149 adjunctus
1717 4075 2063 4131 saecularium

469 4172 800 4238 potestatum
825 4172 1000 4220 terror
1029 4165 1254 4220 exaltat.

542 4253 632 4310 48.
664 4251 914 4313 Muniunt
945 4255 1065 4310 illos
1085 4254 1263 4310 saeculi
1285 4259 1583 4325 potestates.
1620 4252 1736 4308 Alii
1756 4253 1944 4322 verbis,
1967 4252 2068 4310 alii

471 4341 670 4416 gladiis
684 4343 922 4398 saviunt.
947 4344 1167 4400 Insidice
1180 4343 1497 4399 Antichristi
1511 4360 1576 4398 ea:
1594 4341 1752 4413 falsis
1767 4343 2062 4402 miraculis.

471 4460 543 4472 —
570 4430 736 4486 Recte
766 4446 892 4504 ergo
925 4430 1132 4488 dicitur
1157 4453 1168 4487 ;
1191 4433 1297 4487 Per
1331 4448 1521 4502 gyrum
1549 4431 1783 4487 dentium
1809 4433 1922 4502 ejus
1952 4432 2066 4504 for-

474 4518 639 4586 mido,
676 4518 734 4574 id
763 4526 865 4588 est,
895 4517 1118 4592 iniquos
1149 4519 1532 4592 praedicatores
1574 4520 1904 4578 Antichristi
1933 4537 2066 4595 per-

2179 3345 2365 3416 lingua
2393 3343 2512 3416 ejus
2542 3345 2695 3401 labor
2719 3353 2772 3401 et
2802 3345 2960 3402 dolor
2987 3353 3099 3414 est;
3135 3355 3358 3421 propter
3385 3349 3798 3406 miraculorum

2178 3449 2308 3490 vero
2338 3433 2574 3506 speciem
2597 3433 2747 3490 sedet
2777 3435 2834 3490 in
2860 3435 3116 3504 insidiis;
3143 3445 3365 3510 propter
3387 3437 3676 3495 saecularis
3695 3456 3800 3497 au-

2175 3532 2288 3580 tem
2321 3524 2609 3596 potestatis
2638 3525 2891 3597 gloriam,
2941 3541 3068 3582 cum
3112 3525 3386 3584 divitibus
3434 3528 3495 3585 in
3523 3529 3796 3600 occultis,

2177 3613 2318 3682 Quia
2338 3613 2486 3670 enim
2531 3615 2700 3670 simul
2731 3623 2782 3670 et
2809 3615 3203 3671 miraculorum
3252 3616 3446 3674 fraude
3487 3623 3541 3674 et
3569 3625 3805 3674 terrena

2175 3711 2442 3776 potestate
2468 3703 2667 3772 utitur,
2689 3711 2743 3760 et
2769 3704 2825 3760 in
2847 3705 3080 3762 occultis
3103 3713 3157 3761 et
3181 3721 3310 3762 cum
3336 3705 3614 3764 divitibus
3642 3707 3804 3764 sede-

2175 3811 2233 3850 re
2254 3793 2610 3866 perhibetur:

2513 3908 2742 3968 CAPUT
2765 3911 3001 3968 XXVIII
3032 3908 3176 3984 [Rea
3211 3911 3442 3986 XXIV].

2245 3997 2411 4054 Vens.
2451 3997 2504 4054 6.
2533 4029 2604 4039 —
2637 3999 2845 4070 Corpus
2870 3999 3018 4054 illius
3043 4000 3201 4071 quasi
3226 4006 3379 4056 scuta
3407 3999 3626 4072 fusilia.

2245 4086 2335 4144 49.
2363 4087 2498 4146 Mali
2527 4089 2938 4160 corripientibus
2967 4097 3171 4146 scutum
3217 4093 3576 4148 excusationis
3622 4110 3802 4166 oppo-

2175 4183 2326 4234 nunt.
2348 4209 2416 4220 —
2447 4180 2612 4236 Sacra
2641 4179 2927 4250 Scriptura
2955 4181 3100 4237 scuti
3131 4182 3358 4238 nomine
3379 4182 3690 4255 aliquando
3715 4185 3804 4241 uti

2175 4265 2232 4321 in
2275 4274 2426 4338 parte
2458 4282 2734 4338 prospera,
2780 4267 3077 4340 aliquando
3117 4267 3176 4324 in
3217 4267 3452 4325 adversa
3479 4271 3801 4328 consuevit.

2173 4355 2310 4410 Nam
2337 4371 2476 4427 saepe
2504 4353 2646 4410 scuti
2678 4353 2926 4412 defensio
2957 4373 3054 4428 pro
3083 4357 3275 4413 divina
3325 4359 3674 4430 protectione
3707 4377 3805 4433 po-

2173 4444 2346 4513 nitur,
2380 4461 2780 4518 nonnunquam
2813 4461 2942 4502 vero
2972 4463 3070 4519 pro
3098 4445 3344 4502 humana
3386 4449 3806 4521 repugnatione

2177 4541 2544 4590 memoratur-
2571 4535 2615 4568 1°
2637 4535 2742 4590 Pro
2757 4533 2952 4592 divina
2979 4535 3128 4592 enim
3159 4537 3502 4609 protectione
3536 4539 3800 4610 ponitur,

478 4625 650 4665 versae
678 4606 848 4681 hujus
875 4610 1063 4666 saeculi
1093 4618 1387 4683 protegunt
1415 4618 1726 4682 potestates.
1757 4613 1893 4668 Nam
1929 4629 2066 4686 quos

2182 4625 2321 4682 sicut
2343 4641 2440 4698 per
2469 4625 2817 4682 Psalmistam
2851 4625 3057 4684 dicitur
3089 4645 3100 4684 :
3142 4606 3299 4685 Scuto
3326 4629 3474 4684 bona
3499 4606 3803 4687 voluntatis

481 4697 566 4754 illi
605 4705 873 4772 appetunt
915 4699 1190 4773 loquendo
1230 4700 1507 4770 seducere,
1555 4701 1716 4758 multi
1763 4701 2070 4774 potentium

483 4789 709 4848 student
746 4789 1024 4846 saeviendo
1052 4797 1272 4846 terrere.
1306 4791 1409 4846 Per
1437 4807 1632 4864 gyrum
1665 4807 1792 4862 ergo
1821 4790 2072 4846 dentium

480 4877 598 4952 ejus
627 4878 870 4934 formido
901 4886 1002 4948 est,
1027 4895 1091 4936 ac
1111 4879 1156 4936 si
1173 4889 1356 4953 aperte
1372 4879 1676 4935 diceretur:
1706 4879 1920 4936 Idcirco
1941 4879 1961 4912 ⁸
1981 4879 2072 4934 isti

478 4969 722 5042 perversi
756 4969 1140 5042 praedicatores
1177 4971 1394 5043 aliquos
1427 4968 1717 5026 suadentes
1757 4976 2069 5036 conterunt,

477 5059 608 5130 quia
635 5059 782 5116 circa
810 5059 957 5132 ipsos
986 5066 1115 5116 sunt
1144 5059 1238 5118 alii
1257 5059 1352 5133 qui
1369 5057 1716 5114 inﬁrmorum
1739 5068 1945 5116 mentes
1967 5068 2070 5114 ter-

395 5175 405 5182 -
471 5157 652 5205 rentes
685 5149 958 5222 aﬂligunt.
992 5150 1162 5219 Quale
1182 5149 1366 5223 itaque
1395 5149 1534 5206 illud
1577 5157 1794 5222 tempus
1821 5165 2071 5223 persecu-

475 5245 646 5302 tionis
677 5246 980 5320 apparebit,
1021 5247 1243 5320 quando
1272 5247 1340 5303 ad
1374 5247 1790 5320 pervertendam
1821 5247 2068 5304 ﬁdelium

477 5332 736 5405 pietatem
760 5334 858 5390 alii
878 5335 1062 5392 verbis
1078 5335 1333 5408 saepiunt,
1365 5335 1462 5392 alii
1495 5335 1730 5408 gladiis?
1759 5336 1894 5405 Quis
1917 5335 2066 5393 enim

551 5534 570 5608 ξ
597 5534 798 5608 haud,
821 5539 1014 5608 aperit.

549 5603 572 5677 ξ
605 5603 928 5677 Gemet.,—in
957 5615 1175 5666 terrore.

553 5675 576 5754 ξ
606 5677 780 5754 haud.
812 5675 866 5736 et
893 5681 1294 5754 Gemet.,isicut
1320 5700 1467 5754 great.

557 5745 579 5827 ’ς
606 5749 831 5827 Ebroic.
863 5761 918 5808 et
939 5753 1080 5827 pler.
1112 5745 1301 5827 Noun.
1312 5745 1341 5822 ξ
1350 5756 1408 5810 in
1432 5755 1774 5827 sacrificium.

558 5817 588 5898 ⁵4
609 5821 833 5898 ϐβιῃθξ.
852 5833 906 5880 et
927 5817 1090 5898 Corb.
1125 5817 1334 5892 Germl,
1363 5827 1454 5882 isti
1488 5817 1586 5898 per
1612 5845 1684 5883 se.

567 5894 590 5930 ⁸
619 5897 745 5954 Val.
776 5895 886 5963 CL,
917 5895 1256 5965 impetratur.

2183 4721 2284 4770 tua:
2313 4717 2582 4770 coronasti
2610 4734 2704 4771 nos
2733 4717 2914 4789 (Psal.
2941 4733 2998 4786 v,
3028 4717 3139 4791 13).
3183 4717 3350 4775 Scuto
3393 4735 3495 4776 nos
3523 4721 3804 4777 Dominus

2182 4820 2445 4861 coronare
2499 4803 2842 4875 perhibetur,
2875 4806 3004 4878 quia
3034 4823 3169 4880 quos
3201 4813 3497 4881 protegens
3545 4808 3802 4882 adjuvat,

2182 4909 2544 4950 remunerans
2565 4902 2808 4950 coronat.
2841 4895 3076 4952 Rursum
3108 4912 3208 4968 pro
3238 4895 3483 4954 humana
3512 4915 3805 4972 repugna-

2179 4982 2331 5038 tione
2373 4998 2469 5054 per
2498 4982 2752 5038 eumdem
2783 4983 3112 5056 Prophetam
3142 4993 3361 5042 scutum
3393 4987 3631 5059 ponitur
3658 4988 3804 5044 sicut

2179 5071 2315 5127 alibi
2332 5072 2410 5128 ait
2430 5090 2440 5128 :
2460 5074 2543 5130 Ibi
2560 5072 2818 5145 confregit
2851 5090 3072 5144 cornua,
3090 5092 3298 5142 arcum,
3313 5083 3540 5144 scutum,
3557 5078 3802 5149 gladium

2178 5166 2226 5215 et
2256 5161 2450 5217 bellum
2484 5163 2656 5236 (Psal.
2689 5179 2861 5232 Lxxv,
2895 5163 2973 5236 4).
3012 5166 3072 5221 In
3096 5164 3364 5221 cornibus
3393 5166 3602 5239 quippe
3634 5167 3802 5223 elatio

2176 5250 2570 5322 superborum,
2587 5251 2643 5306 in
2659 5268 2792 5308 arcu
2807 5269 2939 5308 vero
2956 5253 3173 5310 insidia
3190 5255 3350 5326 longe
3366 5253 3720 5324 ferientiuni,
3745 5255 3802 5310 in

2176 5349 2332 5398 scuto
2344 5350 2527 5398 autem
2539 5343 2813 5398 obstinata
2823 5342 2947 5398 duri
2957 5343 3411 5402 tiadefensionum
3422 5345 3504 5414 ,in
3517 5346 3706 5418 gladio
3725 5363 3750 5400 ν
3761 5345 3801 5401 i-

2255 5549 2279 5622 ἶ
2307 5549 2430 5604 Duo
2450 5547 2659 5622 Germ.,
2683 5547 2883 5622 Laud.,_
2901 5547 3161 5622 Viud0c.,
3186 5548 3431 5622 Gemet.,
3454 5551 3767 5622 loquacium
3785 5595 3797 5606 .

2262 5619 2282 5653 ⁸
2312 5621 2478 5676 Deest
2505 5621 2840 5691 aequissimis
2871 5620 2928 5675 in
2959 5620 3132 5676 Laud.
3163 5627 3218 5676 et
3247 5621 3370 5678 Val.
3405 5621 3491 5680 Cl.

2258 5693 2278 5727 9
2310 5691 2550 5761 Gemet.,
2581 5693 2730 5747 sedit.

2257 5763 2302 5839 ἐξ
2332 5763 2566 5839 Gemet.,
2598 5763 2821 5839 Pra*tel_.,
2852 5763 3193 5839 Laud.,_duo
3233 5765 3514 5839 Germ.get
3537 5765 3644 5838 pL,
3669 5783 3797 5839 pro-

2190 5833 2374 5891 divina
2411 5834 2548 5890 enim
2569 5836 2888 5911 proiectione
2908 5853 3010 5910 per
3037 5835 3384 5892 Psalmistam
3410 5833 3632 5897 dicitur.
