3936 6374
129 310 239 371 705

902 308 1275 370 MORALIUM
1314 306 1447 368 LIB.
1490 304 1750 369 XXXIII.
1793 340 1858 353 —
1900 306 1977 369 IN
2016 306 2245 369 CAPUT
2283 312 2408 369 XLI
2446 262 2514 370 Β..
2550 312 2692 370 JOB.

3350 311 3453 371 706

124 443 258 500 cina
270 440 639 514 percussio,in
651 439 1068 514 belloveroipsa
1080 441 1577 498 contraDominum
1595 457 1741 498 men-
1767 443 1820 503 A
1854 442 2087 498 vetitum
2118 442 2459 514 contigisset,
2490 458 2599 498 non
2630 440 2698 498 ad
2727 458 2783 497 se
2809 442 3026 515 culpam
3062 443 3274 513 retulit,
3307 443 3405 501 sed
3424 459 3456 498 a

127 534 207 591 tis
228 539 406 588 motio
435 531 775 604 designatur.
806 532 965 601 Quod
997 533 1263 589 nimirum
1280 541 1458 589 totum
1478 533 1533 588 in
1555 542 1744 590 sancta

128 618 388 678 Ecclesia
406 619 800 691 confringitur,
832 621 964 677 dum
983 630 1194 678 mentes
1213 624 1326 678 Deo
1342 623 1739 691 resistentium,

129 709 486 783 superposito
495 708 630 781 jugo
653 709 1509 778 humilitatis,edomantur.Ilinc
1526 729 1741 767 rursum

130 818 231 874 per
250 799 507 857 eumdem
541 801 888 855 Psalmistam
924 801 1164 859 dicitur:
1198 803 1399 857 Arcum
1428 808 1670 869 conteret,
1698 807 1746 856 et

132 890 629 961 confringetarma,
657 897 703 945 et
720 896 867 945 scuta
881 892 1145 946 comburet
1165 892 1272 962 igni
1291 892 1602 962 (Psal.x1.v,
1630 890 1740 962 10).

124 973 345 1037 Arcum
369 978 518 1035 enim
541 980 814 1035 Dominus
827 982 1084 1050 conterit,
1105 998 1229 1038 cum
1250 981 1465 1037 occulta
1482 980 1744 1035 insidian-

132 1069 281 1126 tium
316 1069 763 1126 machinamenta
789 1070 1064 1127 dissolvit.
1087 1072 1255 1127 Arma
1275 1072 1594 1143 confringit,
1618 1088 1742 1127 cum

134 1176 201 1215 ea
230 1176 351 1233 quae
400 1167 595 1216 contra
624 1176 681 1215 se
712 1168 893 1217 erecta
921 1161 1139 1217 fuerant
1170 1161 1473 1233 patrocinia
1505 1160 1747 1214 humana

134 1248 494 1305 comminuit.
541 1249 707 1305 Scuta
750 1248 865 1322 igni
908 1250 1205 1319 comburit,
1241 1267 1367 1306 cum
1399 1250 1743 1322 peccantium

136 1347 353 1396 mentes
383 1338 660 1395 obstinata
690 1355 746 1395 se
777 1339 983 1394 duritia
1012 1338 1387 1406 defendentes,
1425 1340 1439 1373 ¹
1472 1338 1538 1394 ad
1562 1337 1748 1411 pmni—

138 1431 329 1486 tentia:
359 1438 415 1487 et
443 1431 812 1488 confessionis
830 1430 1094 1499 ardorem
1122 1431 1297 1486 sancti
1319 1430 1559 1501 Spiritus
1588 1430 1748 1485 calo-

136 1536 196 1576 re
245 1520 555 1577 succendit.
606 1519 746 1594 [νει.
788 1519 986 1594 ΧΧΧ.]
1033 1520 1191 1587 Quod
1234 1536 1365 1575 \ero
1404 1520 1462 1574 in
1489 1519 1595 1574 hoc
1625 1520 1747 1574 loco

135 1625 343 1681 corpus
372 1607 679 1665 Leviathan
710 1608 871 1665 istius
900 1608 1071 1665 scutis
1100 1608 1361 1664 fusilibus
1377 1615 1744 1679 comparatur,

137 1697 601 1771 perscrutandum
628 1697 791 1754 nobis
819 1698 1094 1766 innuitur,
1126 1698 1256 1770 quia
1275 1696 1474 1753 durum
1500 1695 1744 1770 quidem,

1856 534 2087 590 muliere
2113 548 2277 605 quam
2301 532 2574 589 Dominus
2598 531 2822 588 dederat
2841 549 2896 588 se
2916 535 3185 607 accepisse
3216 551 3454 608 respon-

1856 623 1940 680 dit
1970 623 2181 695 (Genes.
2214 639 2300 690 ιιι,
2348 622 2435 687 I2)
2463 640 2477 689 ;
2515 629 2577 678 ut
2606 621 2763 694 quasi
2796 630 3010 678 reatum
3039 641 3200 680 suum
3229 623 3454 697 oblique

1857 712 1915 768 in
1943 722 2221 769 auctorem
2253 711 2530 780 relideret,
2559 712 2652 784 qui
2681 712 2731 767 ei
2754 712 3039 767 mulierem
3070 712 3295 768 dederat
3332 730 3455 786 quae

1857 804 1989 860 talia
2032 802 2402 875 persuaderet.
2437 803 2553 858 Hoc
2581 811 2798 858 scutum
2831 802 2996 856 etiam
3029 803 3293 875 requisita
3323 819 3455 857 mu—

1858 894 1961 949 lier
1984 896 2183 963 tenuit,
2209 894 2430 967 quando
2460 910 2637 966 neque
2667 894 2784 965 ipsa
2813 892 2882 948 ad
2909 910 2965 949 se
2996 894 3215 965 culpam
3243 893 3454 961 retulit,

1858 984 1953 1041 sed
1982 985 2250 1055 serpentis
2272 985 2412 1040 illud
2432 984 2879 1056 persuasionibus
2896 984 3205 1055 replicavit,
3232 983 3452 1039 dicens:

1860 1075 2083 1145 Serpens
2111 1074 2305 1145 decepit
2332 1091 2430 1141 me,
2465 1080 2512 1128 et
2539 1075 2735 1127 comedi
2764 1073 2950 1143 (Ibid,
2975 1073 3165 1145 I3),ut
3187 1074 3303 1145 ipsa
3327 1090 3461 1145 quo-

1860 1180 1965 1236 que
2011 1172 2221 1219 reatum
2270 1180 2430 1219 suum
2475 1162 2698 1235 oblique
2732 1163 2789 1218 in
2820 1171 3118 1219 creatorem
3151 1163 3457 1232 reduceret,

1861 1253 1881 1285 ³
1910 1252 2005 1324 qui
2033 1253 2168 1308 illuc
2186 1254 2388 1309 intrare
2413 1260 2716 1323 serpentem
2749 1268 3138 1323 persuasurum
3170 1251 3302 1307 talia
3327 1268 3461 1324 per-

1861 1341 2118 1398 misisset.
2152 1343 2383 1413 Serpens
2414 1357 2544 1396 vero
2568 1338 2682 1411 jam
2712 1356 2825 1396 non
2861 1340 3182 1411 requiritur,
3207 1341 3339 1413 quia
3360 1356 3461 1397 nec

1860 1430 1977 1503 ejus
1998 1431 2322 1503 poenitentia
2346 1429 2709 1503 qumrebatur.
2752 1429 2819 1485 Hi
2849 1437 3032 1485 autem
3058 1446 3293 1501 quorum
3334 1447 3462 1501 pm-

1860 1520 2094 1575 nitentia
2122 1520 2316 1592 quaesit
2337 1536 2367 1574 a
2384 1528 2487 1587 est,
2508 1528 2723 1575 scutum
2746 1520 3099 1591 nequissimae
3121 1519 3461 1575 defensionis

1859 1618 2052 1666 contra
2095 1609 2417 1682 justissima
2472 1608 2836 1682 correptionis
2882 1609 3051 1666 verba
3112 1611 3463 1682 protulerunt

1864 1698 2072 1770 (Genes.
2129 1699 2240 1772 ιιι).
2280 1698 2436 1754 Unde
2464 1716 2613 1755 nunc
2642 1715 2813 1770 usque
2834 1698 2891 1753 in
2922 1715 3082 1753 usum
3113 1699 3461 1770 peccantium

138 1790 239 1847 sed
282 1798 470 1846 tamen
508 1807 634 1846 cum
672 1789 901 1857 labitur,
934 1788 1125 1861 fragile
1154 1788 1291 1844 solet
1318 1803 1432 1843 esse
1464 1804 1559 1841 vas
1586 1801 1749 1841 omne
1782 1810 1830 1871 B
1860 1790 2122 1857 trahitur,
2152 1797 2214 1844 ut
2234 1789 2397 1860 culpa
2423 1805 2547 1844 cum
2580 1788 2830 1860 arguitur
2859 1786 3219 1855 defendatur;
3244 1797 3299 1845 et
3317 1788 3464 1844 unde

140 1879 294 1954 quod
324 1878 489 1935 fusile
516 1888 616 1934 est.
649 1878 817 1936 Scuta
862 1894 990 1950 ergo
1020 1878 1065 1935 si
1095 1884 1226 1933 sunt
1254 1875 1463 1944 fusilia,
1492 1876 1550 1930 in
1581 1874 1751 1930 susci-

141 1969 347 2044 pienda
371 1968 695 2041 sagittarum
715 1969 1065 2040 percussione
1086 1966 1311 2023 robusta
1330 1973 1481 2034 sunt,
1500 1964 1594 2021 sed
1623 1979 1753 2020 casu

140 2058 511 2132 fragilia.Ictu
531 2056 756 2131 quidem
776 2056 1097 2113 ferientium
1120 2055 1350 2112 minime
1372 2061 1749 2127 penetrantur,

142 2149 241 2207 sed
287 2166 387 2206 suo
436 2164 493 2204 se
523 2147 679 2220 lapsu
708 2164 804 2221 per
840 2147 1150 2221 fragmenta
1178 2146 1510 2203 dissolvunt.
1544 2144 1756 2218 Corpus

143 2255 275 2312 ergo
303 2237 610 2295 Leviathan
642 2237 824 2307 istius,
853 2236 912 2293 id
938 2244 1019 2292 est
1048 2253 1238 2315 omnes
1268 2235 1468 2310 iniqui,
1502 2234 1632 2309 quia
1660 2250 1755 2307 per

145 2328 578 2385 obstinationem
610 2326 735 2384 duri
763 2334 915 2396 sunt,
938 2326 1031 2383 sed
1054 2344 1151 2399 per
1171 2328 1341 2383 vitam
1368 2326 1611 2397 fragiles,
1635 2340 1754 2381 scu-

144 2419 221 2476 tis
268 2418 533 2475 fusilibus
561 2425 974 2491 comparantur.
1010 2416 1147 2474 Cum
1177 2417 1324 2472 enim
1363 2416 1533 2471 verba
1561 2412 1755 2487 praedi-

145 2508 385 2567 cationis
412 2507 669 2576 audiunt,
704 2507 859 2563 nulla
896 2500 1260 2577 correptionis
1282 2504 1467 2577 jacula
1495 2520 1550 2559 se
1581 2519 1757 2575 pene—

145 2610 294 2657 trare
326 2600 677 2673 permittunt,
707 2598 836 2670 quia
863 2596 921 2651 in
942 2596 1095 2651 omni
1114 2602 1333 2667 peccato
1360 2593 1507 2667 quod
1525 2593 1754 2663 faciunt,

144 2698 373 2747 scutum
420 2688 669 2760 superbae
713 2685 1051 2743 defensionis
1094 2692 1403 2756 opponunt.
1444 2686 1582 2741 Nam
1630 2700 1757 2739 cum

146 2782 351 2837 talium
375 2780 608 2852 quisque
629 2778 697 2834 de
710 2784 869 2857 reatu
893 2792 1004 2831 suae
1021 2773 1332 2848 iniquitatis
1352 2774 1624 2846 arguitur,
1645 2789 1758 2829 non

150 2891 285 2930 mox
329 2872 536 2943 cogitat
568 2868 846 2943 quomodo
876 2868 1092 2939 culpam
1124 2866 1383 2938 corrigat,
1415 2865 1511 2921 sed
1537 2865 1671 2938 quid
1699 2864 1759 2919 in

147 2961 430 3035 adjutorio
478 2978 589 3016 suae
622 2958 960 3017 defensionis
989 2964 1247 3030 opponat.
1279 2957 1443 3012 Nulla
1473 2956 1641 3027 igitur
1670 2972 1759 3011 ve-

148 3053 333 3110 ritatis
378 3052 577 3124 sagitta
607 3056 946 3124 penetratur,
973 3048 1103 3120 quia
1132 3047 1296 3103 verba
1326 3054 1528 3102 sanctae
1569 3062 1760 3102 corre-

148 3141 361 3216 ptionis
410 3140 467 3196 in
512 3147 671 3196 scuto
701 3138 910 3211 excipit
937 3137 1183 3209 superba:
1215 3136 1570 3194 defensionis.
1605 3134 1759 3193 Unde

148 3234 291 3291 bene
323 3231 390 3288 de
419 3229 625 3287 Iudaeis
663 3236 853 3285 contra
884 3235 1152 3301 praecepta
1190 3228 1417 3284 Domini
1447 3225 1681 3299 superba
1710 3241 1766 3281 se

156 3321 485 3379 defensione
533 3318 820 3375 tuentibus
846 3333 942 3390 per
970 3317 1260 3373 Jeremiam
1292 3317 1534 3373 dicitur:
1568 3314 1766 3373 Reddes

155 3413 232 3470 eis
279 3413 465 3477 vicem,
513 3411 757 3479 Domine,
808 3408 977 3479 juxta
1033 3426 1195 3481 opera
1251 3425 1504 3464 manuum
1545 3423 1769 3461 suarum

160 3503 389 3576 (Thren.
428 3517 514 3567 ιιι,
546 3498 664 3571 64).
702 3503 893 3561 1106
919 3498 1158 3571 Moxque
1173 3496 1422 3553 eamdem
1460 3496 1632 3553 vicem
1662 3511 1770 3551 ex—

158 3601 405 3675 pressius
435 3598 687 3657 subdidit
718 3596 938 3655 dicens:
973 3597 1139 3655 Dabis
1167 3598 1241 3654 eis
1267 3605 1471 3654 scutum
1499 3595 1673 3652 cordis
1697 3595 1771 3651 la-

161 3692 337 3747 borem
370 3696 518 3745 tuum
548 3687 737 3760 (Ibid.,
768 3687 887 3760 65).
922 3687 1101 3743 Labor
1126 3688 1328 3760 quippe
1356 3685 1584 3743 Domini
1613 3700 1771 3757 appa-

160 3795 289 3837 rens
336 3780 483 3835 inter
527 3777 783 3835 homines
827 3777 1105 3850 passibilis
1151 3776 1269 3849 ejus
1298 3776 1614 3832 humanitas
1643 3773 1773 3841 fuit,

163 3885 327 3945 quam
358 3870 535 3928 Judaai
565 3868 799 3942 superbe
856 3868 1131 3939 sapientes
1161 3866 1292 3923 dum
1324 3872 1631 3934 cernerent,
1669 3863 1775 3920 de-

163 3967 508 4034 spexerunt;
552 3973 788 4031 eumque
829 3956 1197 4013 immortalem
1243 3955 1465 4014 credere
1494 3953 1776 4026 dedignati

162 4058 320 4120 sunt,
339 4066 503 4124 quem
522 4055 715 4104 natura
737 4047 987 4120 passibili
1010 4045 1297 4103 mortalem
1314 4045 1594 4101 viderunt.
1614 4043 1776 4101 Cum-

164 4157 271 4217 que
302 4140 419 4214 ejus
451 4140 472 4175 ²
491 4139 868 4196 humilitatem
897 4134 1582 4210 conspicerent,superbi:e
1610 4132 1778 4189 fasti—

163 4233 270 4289 bus
320 4230 598 4300 obdurati,
658 4244 874 4286 summa
928 4244 1061 4285 cura
1095 4227 1275 4283 moliti
1311 4232 1459 4294 sunt,
1490 4242 1557 4281 ne
1585 4240 1776 4281 eorum

166 4332 384 4379 mentes
407 4331 596 4379 sancta
617 4318 1037 4393 praedicantium
1059 4318 1227 4374 verba
1247 4322 1614 4390 penetrarent.
1633 4316 1778 4370 Dum

165 4430 297 4485 ergo
328 4413 410 4468 eis
439 4412 713 4468 Dominus
743 4410 922 4465 vicem
954 4409 1225 4463 malorum
1244 4420 1472 4478 operum
1504 4403 1777 4467 redderet,

1862 1880 1883 1913 ‘
1913 1878 2064 1933 ﬁniri
2089 1885 2269 1933 reatus
2298 1876 2513 1945 debuit,
2546 1876 2673 1932 inde
2693 1877 3025 1933 cumuletur.
3058 1877 3203 1933 Bene
3232 1894 3361 1949 ergo
3383 1877 3464 1933 di-

1860 1967 2042 2025 citur:
2081 1968 2287 2039 Corpus
2316 1967 2465 2022 illius
2495 1966 2649 2037 quasi
2679 1972 2825 2021 scuta
2854 1965 3066 2037 fusilia,
3097 1966 3227 2038 quia
3274 1982 3466 2022 omnes

1864 2057 2073 2131 iniqui,
2110 2072 2177 2113 ne
2221 2056 2291 2112 ad
2332 2072 2387 2112 se
2431 2055 2854 2128 corripientium
2903 2055 3070 2112 verba
3116 2056 3463 2127 perveniant,

1864 2147 2017 2220 quasi
2038 2155 2232 2204 contra
2255 2146 2695 2203 adversariorum
2709 2144 2897 2218 jacula
2909 2154 3064 2203 scuta
3083 2144 3495 2225 defensionum_

1864 2240 2076 2305 parant.
2129 2232 2289 2300 Quod
2318 2231 2579 2289 videlicet
2608 2230 2726 2304 ejus
2754 2248 2953 2304 corpus
2973 2231 3155 2288 adhuc
3186 2229 3345 2287 nobis
3373 2244 3466 2284 ex-

1864 2337 2083 2394 pressus
2111 2319 2336 2393 detegit,
2368 2319 2500 2377 dum
2531 2319 2847 2394 subjungit:

2452 2426 2680 2486 CAPUT
2709 2428 2919 2487 XXIX.

1936 2528 2076 2583 Ιιιιι).
2102 2555 2174 2567 -—
2205 2525 2546 2596 Compactum
2573 2526 2807 2597 squamis
2824 2542 2877 2580 se
2899 2523 3275 2596 prementibus.

1938 2614 2030 2671 5i.
2069 2615 2315 2685 Squamis
2338 2615 2452 2669 tecti
2481 2615 2692 2686 reprobi
2711 2613 2913 2684 jacutis
2938 2612 3175 2668 veritatis
3194 2612 3463 2667 resistunt.

1866 2733 1939 2745 -—
1966 2705 2163 2762 Fertur
2191 2706 2322 2777 quia
2344 2705 2600 2762 draconis
2644 2721 2844 2777 corpus
2873 2704 3117 2777 squamis
3146 2703 3372 2774 tegitur,
3402 2717 3471 2757 ne

1868 2792 2035 2849 citius
2075 2792 2411 2864 jaculatione
2443 2803 2780 2867 penetretur.
2810 2796 2892 2850 Ita
2920 2810 3121 2866 corpus
3149 2809 3312 2848 omne
3341 2791 3472 2847 dia-

1868 2879 2006 2951 boli,
2037 2883 2076 2937 il
2106 2890 2188 2939 est
2217 2883 2519 2938 multitudo
2535 2882 3057 2953 reproborum,cum
3080 2881 3147 2936 de
3178 2881 3472 2953 iniquitate

1868 2987 1968 3029 sua
2012 2972 2329 3045 corripitur.
2373 2970 2574 3044 quibus
2617 2970 2761 3025 valet
2808 2969 3356 3041 tergiversationibus
3414 2984 3472 3025 se

1869 3078 2127 3119 excusare
2153 3067 2405 3128 conatur,
2427 3066 2480 3115 et
2504 3059 2661 3131 quasi
2682 3058 2947 3131 quasdam
2960 3058 3298 3114 defensionis
3314 3073 3471 3130 squa-

1798 3175 1843 3236 C
1869 3169 1985 3208 mas
2040 3150 2252 3224 objicit,
2308 3166 2377 3206 ne
2432 3148 2682 3220 transfigi
2731 3148 2926 3221 sagitta
2973 3147 3222 3205 veritatis
3278 3146 3470 3220 possit.

1873 3242 2135 3316 Quisquis
2164 3241 2312 3297 enim
2336 3239 2468 3296 dum
2497 3238 2815 3310 corripitur,
2848 3245 3133 3309 peccatum
3154 3254 3316 3294 suum
3346 3252 3476 3292 ma—

1875 3332 1958 3405 gis
2007 3347 2269 3388 excusare
2314 3330 2524 3402 appetit
2570 3344 2734 3401 quam
2792 3326 3013 3396 deﬂere,
3048 3327 3205 3400 quasi
3236 3325 3480 3400 squamis

1874 3424 2101 3496 tegitur,
2144 3422 2277 3478 dum
2319 3439 2351 3478 a
2381 3419 2585 3477 sanctis
2624 3418 3080 3492 praedicatoribus
3110 3418 3292 3491 gladio
3320 3415 3479 3473 verbi

1873 3511 2171 3586 jaculatur.
2223 3512 2488 3586 Squamas
2522 3509 2708 3579 habet,
2749 3516 2804 3565 et
2857 3508 3064 3565 idcirco
3091 3507 3160 3564 ad
3198 3503 3316 3580 ejus
3343 3522 3476 3579 prae-

1879 3603 2068 3662 cordia
2099 3601 2423 3660 transeundi
2444 3601 2593 3657 viam
2624 3599 2779 3655 verbi
2797 3598 2995 3670 sagitta
3021 3615 3134 3654 non
3163 3596 3348 3653 habet.
3368 3599 3483 3653 Du-

1879 3694 2011 3751 ritia
2038 3693 2187 3751 enim
2213 3691 2420 3751 carnali
2453 3690 2757 3762 repellitur,
2790 3703 2858 3745 ne
2887 3687 3150 3761 spiritalis
3178 3686 3229 3744 ei
3270 3684 3484 3759 gladius

1881 3785 2162 3860 inﬁgatur.

1953 3877 2043 3934 52.
2089 3876 2187 3932 His
2234 3875 2469 3948 squamis
2506 3873 2823 3931 obduratum
2860 3889 2951 3929 cor
2972 3869 3148 3939 Sauli,
3177 3866 3366 3941 gratia:
3384 3882 3484 3923 sa-

1880 3966 2026 4038 gittis
2049 3965 2322 4037 patuit.—
2342 3962 2561 4021 Carnali
2590 3961 2859 4035 sapientia
2886 3969 3079 4017 contra
3091 3960 3265 4015 Deum
3287 3956 3486 4013 Saulus

1884 4054 2238 4122 obduruerat,
2299 4052 2519 4127 quando
2576 4068 2672 4109 cor
2725 4051 2843 4123 ejus
2889 4050 3045 4106 nulla
3072 4046 3484 4121 praedicationis

1883 4144 2230 4217 Evangelicae
2260 4143 2458 4215 sagitta
2497 4142 2652 4198 nulla
2687 4140 3024 4214 penetrabat.
3058 4136 3163 4196 Sed
3192 4145 3483 4211 postquam

1885 4234 2017 4290 forti
2046 4234 2263 4290 ccelitus
2293 4231 2669 4305 increpatione
2708 4231 3004 4304 jaculatus,
3049 4238 3103 4286 et
3136 4243 3377 4301 superno
3407 4242 3486 4281 re-

1885 4330 2077 4397 spectu
2105 4328 2346 4381 caecatus
2378 4331 2459 4379 est
2491 4322 2705 4395 (lumen
2735 4321 2937 4394 quippe
2965 4330 3025 4377 ut
3054 4318 3322 4392 acciperet
3352 4317 3487 4374 ami-

1886 4415 2007 4487 sit),
2029 4415 2097 4472 ad
2118 4415 2391 4472 Ananiam
2424 4414 2653 4470 veniens
2673 4413 3041 4469 illuminatur.
3066 4413 3128 4468 In
3157 4427 3265 4486 qua
3297 4416 3332 4471 1
3348 4414 3490 4473 107

167 4502 340 4603 fief1_it_
366 4500 478 4601 illis
774 4496 958 4555 cordis
987 4496 1231 4553 laborem
1259 4512 1445 4603 fumi]:
1478 4493 1608 4603 ξίιιίξι
1630 4498 1779 4549 rec“)
1812 4544 1862 4603 D
1891 4512 2299 4570 illuminatione
2330 4514 2461 4587 quia
2479 4512 2867 4569 defensionum
2897 4524 3121 4568 suarum
3152 4507 3360 4566 duritia
3389 4523 3492 4565 ca-

160 4592 381 4664 judicio
423 4590 556 4648 inde
604 4590 730 4646 illos
775 4596 965 4646 contra
1009 4605 1064 4643 se
1094 4585 1325 4657 superbe
1355 4582 1658 4639 obstinatos
1687 4597 1779 4635 ex-

168 4685 380 4754 hibuit,
436 4683 583 4739 unde
640 4683 755 4754 ipse
808 4697 909 4753 pro
937 4679 1099 4735 nobis
1128 4677 1450 4733 inﬁrmitate
1483 4672 1771 4731 laboravit.

170 4775 522 4847 Repulerunt
569 4772 771 4846 quippe
800 4787 832 4826 a
873 4785 929 4825 se
983 4768 1152 4824 verba
1180 4766 1619 4840 praedicantium,
1649 4762 1778 4835 quia

171 4863 458 4937 dedignati
490 4870 621 4918 sunt
654 4861 714 4917 in
742 4859 980 4916 Domino
1012 4857 1231 4913 infirma
1247 4856 1584 4930 passionum.
1606 4853 1778 4909 Labo-

172 4971 289 5011 rem
321 4954 493 5027 igitur
510 4951 738 5008 Domini
758 4957 951 5008 contra
971 4947 1223 5004 eumdem
1245 4946 1544 5003 Dominum
1560 4951 1778 5000 scutum

172 5044 359 5103 cordis
399 5043 737 5111 habuerunt,
786 5039 917 5114 quia
959 5037 1193 5110 superba
1234 5034 1576 5109 sapientibus
1598 5050 1663 5089 eo
1683 5031 1778 5089 de-

173 5140 399 5209 spectus
428 5131 707 5206 apparuit,
740 5145 849 5203 quo
879 5135 1102 5202 propter
1129 5143 1221 5183 eos
1249 5123 1481 5181 humilis
1508 5121 1635 5178 fuit.

250 5266 391 5348 [νεῗ.
442 5271 671 5345 ΧΧΧΙ.]
710 5271 799 5329 50.
839 5271 951 5326 Hoc
977 5273 1123 5323 scuto
1152 5265 1237 5321 usi
1263 5264 1440 5321 Adam
1468 5268 1515 5319 et
1538 5264 1783 5348 Eva.:—

175 5346 297 5422 Hoc
324 5369 566 5431 scutum,
593 5360 737 5418 sicut
746 5358 860 5432 jam
877 5352 1129 5431 superius
1163 5352 1431 5419 diximus,
1456 5350 1670 5423 primus
1690 5346 1785 5404 ille

176 5465 435 5529 peccator
462 5452 666 5521 tenuit,
698 5451 815 5524 qui,
838 5448 1151 5523 requirente
1183 5445 1421 5503 Domino
1442 5456 1542 5501 cur
1571 5441 1786 5514 lignum

254 5686 272 5720 ι
303 5675 470 5739 Corb.
503 5675 691 5733 Germ.
723 5678 777 5729 et
793 5666 1031 5737 Gemet.,
1059 5664 1131 5725 ad
1153 5666 1473 5740 paenitentiae
1496 5658 1791 5737 confessio-

177 5753 544 5829 nemardote
616 5820 631 5829 .
821 5816 831 5829 .

253 5828 278 5917 ξ
308 5825 434 5885 Val.
469 5821 578 5890 CL,
612 5820 1007 5879 humanitatem.

1887 4603 2019 4672 ruit,
2041 4601 2181 4660 bene
2210 4602 2277 4661 de
2313 4620 2377 4659 eo
2397 4604 2665 4675 scriptum
2686 4611 2786 4659 est:
2814 4600 3125 4659 Ceciderunt
3151 4600 3305 4671 quasi
3320 4615 3491 4669 squa-

1884 4710 1982 4749 ma:
2023 4695 2090 4750 ab
2133 4695 2300 4750 oculis
2343 4693 2460 4764 ejus
2493 4693 2633 4765 (Act.
2687 4711 2767 4763 rx,
2802 4693 2915 4765 18).
2955 4690 3203 4749 Carnalis
3234 4688 3492 4745 videlicet

1886 4786 2187 4857 tegumenti
2220 4785 2382 4841 illum
2413 4784 2620 4841 duritia
2650 4790 2937 4857 presserat,
2987 4790 3041 4837 et
3069 4779 3278 4836 idcirco
3307 4776 3492 4833 radios

1888 4876 2006 4930 veri
2030 4876 2259 4931 luminis
2288 4891 2400 4931 non
2427 4874 2667 4931 videbat.
2700 4873 2805 4929 Sed
2835 4878 3123 4944 postquam
3149 4867 3394 4940 superbas
3411 4882 3492 4922 re-

1889 4964 2252 5038 pugnationes
2280 4963 2399 5036 ejus
2427 4964 2589 5022 victae
2608 4970 2761 5031 sunt,
2792 4961 3178 5018 defensionum
3198 4955 3319 5029 ejus
3332 4971 3488 5029 squa-

1890 5072 1993 5111 ma;
2035 5056 2373 5114 ceciderunt.
2417 5055 2549 5124 Quae
2591 5054 2814 5128 quidem
2844 5053 2947 5109 sub
2976 5051 3205 5107 Ananizn
3234 5046 3493 5105 manibus

1889 5145 1959 5201 ab
1987 5147 2164 5203 oculis
2192 5145 2518 5203 ceciderunt
2548 5143 2815 5215 corporis,
2846 5140 2942 5197 sed
2970 5148 3097 5196 ante
3117 5139 3235 5211 jam
3262 5138 3368 5195 sub
3395 5136 3492 5194 do-

1890 5237 2097 5293 minica
2147 5235 2525 5308 increpatione
2568 5232 2881 5291 ceciderant
2942 5230 3011 5288 ab
3059 5231 3235 5286 oculis
3287 5228 3490 5286 cordis.

1894 5326 2033 5385 Cum
2064 5326 2214 5383 enim
2241 5326 2365 5384 alta;
2385 5323 2719 5382 invectionis
2740 5321 2928 5394 jaculo
2955 5320 3244 5379 confossus
3263 5318 3493 5392 jaceret,

1895 5416 2098 5475 humili
2128 5416 2244 5491 jam
2273 5425 2329 5475 et
2356 5422 2638 5491 penetrato
2680 5412 2845 5472 corde
2886 5411 3223 5486 requirebat,
3263 5409 3489 5468 dicens:

1969 5649 2250 5783 1%?eéi,
2280 5647 2604 5797 ἀὲιοβθτω.
2635 5656 2691 5708 et
2714 5644 2838 5709 Val.
2871 5643 2980 5717 CL,
3010 5644 3105 5721 qui
3121 5645 3254 5705 illic.

2130 5766 2143 5779 .
2240 5765 2276 5793 .,
2344 5741 2401 5779 m
2435 5740 2479 5781 ε.

2130 5766 2143 5779 .
2167 5740 2276 5793 UL,
2305 5740 2479 5793 (imre.
