3936 6380
483 335 589 398 707

1685 325 1934 391 SANCTI
1969 327 2309 390 GREGORII
2341 327 2568 390 MAGNI

3705 329 3818 390 708

479 463 859 534 Domine,quid
875 462 1050 518 mevis
1067 462 1243 534 facere
1257 461 1395 535 (Act.
1428 477 1510 528 χι,
1539 460 1632 536 6)?
1650 459 1900 534 Repulsis
1931 457 2081 514 vide-
2109 459 2160 518 A
2196 457 2361 530 pedes
2389 458 2660 518 introrsus
2692 457 2991 528 subtrahit,
3023 467 3186 532 caput
3212 458 3539 528 abscondit;
3584 468 3641 517 et
3671 460 3819 520 intra

480 553 613 610 licet
647 551 911 626 squamis,
954 550 1070 622 jam
1099 551 1168 608 ad
1195 551 1378 608 cordis
1394 551 1605 608 viscera
1619 549 1869 606 veritatis
1889 549 2085 621 sagitta

478 649 828 714 pervenerat,
850 641 1095 714 quando,
1125 641 1375 715 deposita
1389 641 1624 698 elatione
1643 640 1934 713 superbiae,
1956 655 2082 695 eum

479 747 644 804 quem
690 732 1130 804 impugnaverat,
1179 732 1480 788 Dominum
1521 731 1812 799 conﬁtens,
1858 737 1911 786 et
1949 729 2083 803 quid

481 832 666 895 ageret
695 823 963 890 nesciens,
996 821 1328 896 requirebat,
1361 822 1571 878 Intueri
1605 821 1742 878 libet
1769 821 1866 878 ubi
1891 829 1974 877 est
1988 839 2083 877 saa-

480 925 587 967 vus
616 909 708 966 ille
736 917 1077 982 persecutur,
1108 909 1204 965 ubi
1225 911 1386 982 lupus
1415 927 1602 983 rapax.
1649 909 1788 984 [Vet.
1822 909 2081 984 XXXII.]

477 1001 622 1056 Ecce
653 1001 711 1055 in
739 1015 897 1054 ovem
923 997 1037 1070 jam
1076 1015 1268 1056 versus
1295 1006 1394 1068 est,
1454 1001 1549 1073 qui
1578 1007 1968 1074 percunctatur
1994 1017 2084 1073 pa.

480 1088 646 1144 storis
691 1087 942 1143 semitam
989 1103 1153 1160 quam
1183 1096 1460 1162 sequatur.
1493 1090 1566 1145 Et
1593 1090 1903 1147 notandum
1935 1093 2084 1166 quod

479 1193 606 1234 cum
635 1175 842 1233 diceret
867 1195 878 1232 :
915 1177 1045 1245 Quis
1072 1195 1142 1246 es,
1175 1179 1396 1234 Domine
1422 1179 1563 1251 (Act.
1598 1197 1742 1245 xxxi,
1764 1182 1821 1252 8)
1845 1181 1874 1238 Ῠ
1901 1199 2014 1238 non
2033 1183 2084 1239 ei

480 1281 513 1322 a
537 1265 776 1322 Domino
813 1265 1210 1338 respondetur:
1244 1268 1360 1340 Ego
1390 1285 1509 1325 sum
1543 1269 1866 1342 unigenitus
1885 1272 2081 1341 Patris,

481 1370 582 1427 ego
595 1355 958 1429 principium,
988 1372 1088 1428 ego
1107 1356 1353 1413 Verbum
1371 1365 1499 1414 ante
1523 1359 1740 1414 saecula.
1772 1359 1914 1426 Quia
1936 1361 2085 1416 enim

479 1453 682 1510 Saulus
711 1453 1057 1510 incarnatum
1088 1453 1386 1510 Dominum
1415 1453 1637 1510 credere
1675 1455 2084 1525 contemnebat,

480 1551 536 1600 et
563 1543 682 1616 ejus
711 1543 1074 1602 humanitatis
1103 1543 1323 1601 infirma
1352 1543 1694 1616 despexerat,
1725 1544 1792 1601 de
1821 1545 1960 1602 coelo
1981 1544 2086 1602 hoc

483 1633 633 1708 quod
661 1641 1064 1708 contempserat
1092 1633 1344 1691 audivit:
1376 1636 1489 1706 Ego
1524 1651 1643 1690 sum
1663 1635 1816 1691 Iesus
1834 1635 2086 1693 Nazare-

481 1741 608 1792 nus,
657 1743 808 1797 quem
850 1731 906 1780 tu
947 1725 1279 1798 persequeris
1311 1724 1502 1794 (Ibid.,
1533 1723 1614 1796 8).
1649 1725 1732 1780 Ac
1761 1723 1806 1779 si
1840 1723 2080 1780 diceret:

2199 550 2443 607 tenentis
2469 568 2694 608 manum
2724 558 2904 608 totum
2933 550 3100 606 simul
3127 549 3426 619 amittitur,
3459 551 3612 624 quod
3635 559 3817 610 totum

2196 638 2371 695 simul
2403 648 2528 697 ante
2576 639 2888 696 videbatur.
2946 639 3037 696 Sic
3075 637 3340 695 nimirum
3389 639 3472 696 sic
3519 641 3818 700 malitiosa

2204 737 2415 785 mentes
2443 738 2596 798 sunt,
2643 747 2770 786 cum
2813 729 2872 785 in
2919 728 3034 785 suis
3075 728 3392 786 excessibus
3434 730 3818 804 comprehen-

2205 819 2434 876 duntur.
2468 819 2646 894 Caput
2676 821 2822 877 enim
2847 819 3042 876 hericii
3072 821 3338 890 cernitur,
3371 821 3500 894 quia
3516 840 3629 896 quo
3651 823 3818 882 initio

2203 918 2460 982 peccator
2482 910 2550 967 ad
2577 911 2792 984 culpam
2824 911 3112 968 accesserit
3139 910 3382 968 videtur.
3415 913 3588 971 Pedes
3615 915 3816 974 hericii

2194 1002 2638 1074 conspiciuntur,
2670 1002 2799 1075 quia
2820 1001 3022 1074 quibus
3049 1001 3297 1074 vestigiis
3312 1003 3564 1075 nequitia
3584 1006 3660 1062 sit
3681 1023 3819 1079 per-

2193 1107 2412 1174 petrata
2439 1095 2819 1167 cognoscitur;
2852 1101 2907 1149 et
2937 1101 3144 1161 tamen,
3175 1092 3432 1150 adductis
3466 1106 3696 1168 repente
3725 1119 3814 1158 ex-

2195 1187 2602 1254 cusationibus,
2635 1184 2911 1240 malitiosa
2941 1199 3097 1238 mens
3126 1183 3399 1242 introrsus
3427 1186 3594 1258 pedes
3639 1191 3818 1248 colli-

2195 1279 2435 1354 git,quia
2455 1285 2652 1335 cuncta
2667 1274 2977 1348 iniquitatis
2993 1291 3105 1331 suae
3125 1275 3684 1349 vestigiaabscondit.
3718 1281 3814 1340 Ca-

2199 1376 2298 1441 put
2317 1365 2624 1435 subtrahit,
2647 1365 2777 1438 quia
2793 1363 2949 1420 miris
2963 1363 3381 1421 defensionibus
3394 1382 3496 1423 nec
3513 1366 3813 1428 inchoasse

2198 1475 2253 1514 se
2274 1473 2506 1530 pravum
2529 1453 2741 1528 aliquid
2764 1453 3039 1522 ostendit;
3068 1461 3122 1509 et
3141 1454 3295 1527 quasi
3316 1455 3530 1528 sphaera
3552 1457 3609 1515 in
3639 1477 3812 1518 manu

2197 1545 2438 1602 tenentis
2466 1551 2730 1612 remanet,
2765 1543 2894 1617 quia
2923 1543 2970 1598 is
3009 1543 3104 1616 qui
3135 1543 3385 1617 corripit,
3431 1555 3641 1604 cuncta
3688 1565 3813 1622 quas

2190 1635 2305 1708 jam
2357 1641 2688 1707 cognoverat
2737 1631 2920 1688 subito
2961 1632 3242 1701 amittens,
3291 1633 3610 1692 involutum
3661 1637 3813 1694 intra

2195 1725 2590 1783 conscientiam
2637 1729 2975 1795 peccatorem
3023 1730 3192 1792 tenet,
3223 1730 3277 1780 et
3319 1723 3415 1798 qui
3459 1731 3644 1782 totum
3691 1725 3806 1799 jam

484 1812 604 1870 Hoc
631 1829 663 1869 a
691 1829 778 1868 me
807 1812 937 1869 audi
971 1812 1039 1868 de
1067 1811 1465 1884 superioribus,
1487 1810 1634 1884 quod
1655 1811 1712 1867 in
1734 1828 1820 1868 me
1849 1811 1916 1868 de
1950 1811 2084 1869 infe-
2119 1817 2166 1879 B
2201 1813 2662 1888 deprehendendo
2707 1811 2943 1880 viderat,
2995 1811 3448 1884 tergiversatione
3485 1831 3672 1888 pravas
3701 1815 3809 1873 de-

483 1899 730 1960 rioribus
757 1896 1013 1973 despicis.
1050 1902 1066 1935 ¹
1098 1901 1396 1958 Auctorem
1430 1901 1558 1958 coeli
1585 1901 1798 1957 venisse
1823 1901 2084 1975 despexe-

484 2005 573 2046 ras
623 1989 681 2046 in
730 1997 953 2059 terram,
980 2005 1050 2046 ex
1079 1996 1224 2045 terra
1251 2004 1379 2062 ergo
1405 1988 1690 2046 hominem
1727 2006 1992 2062 cognosce
2020 1990 2088 2048 de

483 2081 644 2152 coelo,
675 2088 738 2138 ut
759 2087 915 2140 tanto
943 2079 1004 2136 in
1027 2095 1115 2135 me
1135 2079 1374 2151 amplius
1393 2085 1732 2136 sacramenta
1746 2078 2088 2138 inﬁrmitatis

485 2179 720 2244 metuas,
745 2179 952 2246 quanto
975 2180 1029 2228 et
1043 2169 1162 2228 haec
1182 2169 1445 2244 perducta
1472 2171 1532 2228 in
1560 2173 1878 2231 caelestibus
1907 2174 1976 2230 ad
1994 2191 2089 2231 ex-

483 2263 798 2324 cellentiam
826 2263 1106 2335 potestatis
1135 2261 1351 2334 probas.
1397 2262 1754 2321 Prosternens
1800 2264 1970 2338 igitur
1998 2272 2079 2334 te,

486 2366 832 2426 nequaquam
861 2351 965 2408 tibi
983 2351 1089 2408 hoc
1117 2360 1300 2408 astruo
1326 2350 1474 2424 quod
1504 2361 1630 2409 ante
1685 2353 1889 2412 saecula
1939 2355 2086 2410 Deus

485 2459 606 2500 sum
633 2462 646 2512 ;
679 2443 773 2500 sed
802 2442 941 2500 illud
970 2459 1003 2499 a
1029 2458 1117 2498 me
1141 2442 1300 2498 audis
1327 2443 1475 2516 quod
1505 2443 1573 2500 de
1602 2461 1692 2500 me
1721 2444 1944 2504 credere
1979 2445 2086 2502 de-

481 2531 743 2604 dignaris.
775 2529 1068 2601 Postquam
1098 2529 1245 2586 enim
1276 2529 1424 2586 dixit
1464 2532 1638 2600 Iesus,
1667 2531 1856 2588 adhuc
1879 2532 1938 2587 in
1971 2547 2085 2589 ex-

479 2619 818 2694 pressionem
852 2625 1080 2676 terrenae
1101 2619 1524 2678 inhabitationis
1547 2619 1799 2678 subdidit
1831 2623 2084 2678 Nazare-

481 2727 626 2777 nus;
652 2711 805 2766 velut
832 2711 877 2766 si
907 2710 1147 2783 apertius
1184 2710 1490 2768 diceretur:
1551 2710 1895 2768 Humilitatis
1948 2727 2082 2768 mea)

481 2799 704 2858 infirma
733 2799 968 2873 suscipe,
999 2808 1053 2857 et
1075 2808 1186 2858 tuae
1211 2800 1482 2876 superbiae
1511 2817 1767 2875 squamas
1795 2803 2008 2862 amitte.

551 2945 640 3004 53.
673 2947 739 3004 In
767 2944 1052 3018 hypocritis
1079 2942 1324 3000 duriores
1353 2945 1465 3002 illo:
1490 2962 1743 3018 squama.
1797 2947 2084 3006 Malitiosa:

483 3043 674 3092 mentes
695 3035 907 3092 hericiis
925 3034 1140 3092 similes.
1171 3065 1243 3076 —
1271 3034 1569 3093 Sciendum
1603 3044 1786 3093 tamen
1821 3044 1903 3093 est
1930 3034 2082 3110 quod

481 3125 601 3182 ista:
629 3124 1015 3182 defensionum
1045 3140 1306 3197 squamae,
1343 3125 1598 3198 quamvis
1623 3141 1760 3198 pene
1790 3141 1952 3182 omne
1980 3125 2079 3182 hu-

481 3231 707 3272 manum
738 3231 906 3286 genus
934 3187 1247 3286 contegant,
1286 3187 1706 3289 bynpocritarum
1734 3221 1916 3270 tamen
1943 3231 2039 3289 spe
2058 3244 2078 3256 -
2111 3187 2155 3248 θ

481 3305 696 3363 cialiter
714 3311 768 3360 et
782 3302 1108 3361 callidorum
1130 3303 1420 3360 hominum
1439 3312 1650 3360 mentes
1675 3311 1952 3376 premunt.
1966 3306 2076 3378 Ipsi

482 3394 687 3451 etenim
718 3393 904 3464 culpas
931 3409 1058 3450 suas
1085 3398 1238 3451 tanto
1266 3393 1655 3451 vehementius
1699 3393 1951 3451 confiteri
1979 3411 2078 3452 re—

483 3481 725 3554 fugiunt,
758 3483 780 3518 ²
809 3489 1018 3556 quanto
1055 3499 1112 3540 se
1156 3483 1382 3540 stultius
1428 3482 1610 3539 videri
1641 3481 1710 3539 ab
1755 3483 2076 3542 hominibus

483 3581 792 3646 peccatores
828 3572 1178 3630 erubescunt.
1221 3573 1486 3645 Correpta
1530 3572 1720 3646 itaque
1763 3575 2074 3633 sanctitatis

479 3659 783 3731 simulatio,
813 3669 867 3720 et
903 3662 1118 3720 malitia
1159 3661 1376 3720 occulta
1415 3660 1776 3734 deprehensa,
1821 3680 2074 3737 squamas

479 3751 673 3825 objicit
693 3753 1049 3820 defensionis,
1063 3757 1118 3807 et
1135 3751 1385 3808 veritatis
1405 3751 1650 3824 gladium
1677 3753 2073 3825 repellit.Unde

476 3843 618 3901 bene
646 3859 744 3916 per
761 3841 1091 3914 Prophetam
1121 3848 1312 3899 contra
1339 3841 1566 3900 Judeam
1597 3842 1802 3900 dicitur
1825 3862 1836 3900 :
1871 3845 1955 3902 Ibi
1971 3863 2074 3901 cu-

477 3933 620 3990 babit
651 3932 835 3999 lamia,
866 3938 914 3988 et
939 3932 1138 3988 inveuit
1155 3932 1256 3988 sibi
1281 3933 1536 4004 requiem,
1555 3933 1630 3988 ibi
1659 3934 1844 3990 habuit
1867 3934 2074 4006 foveam

475 4022 706 4079 hericius
737 4022 894 4094 (Isai.
923 4037 1125 4088 xxx1v,
1157 4021 1242 4090 14,
1289 4022 1403 4096 15).
1459 4022 1561 4079 Per
1607 4023 1830 4080 iamiam
1873 4025 2072 4099 quippe

476 4116 804 4191 hypocrita,
837 4131 934 4189 per
960 4113 1236 4172 hericium
1265 4131 1396 4172 vero
1424 4115 1691 4174 malitiosi
1720 4117 1944 4193 quique,
1975 4119 2072 4193 qui

473 4206 711 4264 diversis
757 4223 814 4264 se
856 4205 1270 4262 defensionibus
1323 4213 1641 4278 contegunt,
1691 4207 2068 4282 designantur.

475 4293 667 4357 Lamia
696 4294 899 4352 etenim
928 4293 1229 4351 humanam
1264 4293 1464 4352 habere
1493 4294 1701 4352 dicitur
1729 4297 1948 4370 faciem,
1975 4298 2072 4358 sed

473 4403 678 4460 corpus
703 4384 952 4442 bestiale.
984 4384 1076 4442 Sic
1102 4393 1157 4441 et
1201 4400 1393 4442 omnes
1433 4383 1742 4459 hypocritae
1787 4389 1846 4446 in
1893 4391 2069 4464 prima

475 4477 616 4535 facie
657 4473 807 4549 quod
835 4473 1134 4532 ostendunt
1149 4475 1304 4548 quasi
1321 4489 1390 4532 ex
1417 4477 1630 4535 ratione
1645 4480 1952 4538 sanctitatis
1967 4489 2066 4551 est;

475 4565 571 4626 sed
625 4564 854 4622 bestiale
887 4571 969 4622 est
1019 4581 1216 4638 corpus
1260 4566 1406 4639 quod
1453 4570 1724 4642 sequitur,
1755 4571 1886 4644 quia
1913 4570 2073 4628 valde
2101 4553 2151 4613 Ῑ)

474 4661 668 4740 iniqua
694 4669 824 4721 sunt
851 4679 973 4738 quae
1001 4663 1103 4720 sub
1131 4661 1262 4720 boni
1290 4665 1470 4738 specie
1497 4667 1834 4724 moliuntur.
1865 4667 2072 4726 Hericii

470 4765 655 4816 autem
731 4755 956 4812 nomine
1027 4754 1427 4812 malitiosarum
1497 4757 1769 4814 mentium
1823 4757 2072 4816 defensio

470 4848 814 4924 designatur,
871 4845 1002 4922 quia
1055 4845 1318 4904 videlicet
1371 4846 1617 4905 hericius
1675 4863 1803 4907 cum
1866 4865 2070 4924 appre-

469 4936 736 5000 henditur
799 4935 916 5012 ejus
967 4943 1022 4994 et
1071 4941 1236 5009 caput
1289 4933 1556 5006 cernitur,
1590 4943 1780 5004 1108
1807 4945 1860 4997 et
1906 4940 2070 5014 pedes

470 5039 754 5111 videntur,
785 5043 839 5097 et
866 5052 1067 5111 corpus
1103 5051 1268 5094 omne
1295 5035 1634 5112 conspicitur
1663 5057 1678 5108 ;
1723 5041 1817 5098 sed
1845 5057 1978 5098 mox
2006 5047 2068 5098 ut

468 5129 846 5209 approbemus
863 5129 1052 5201 fuerit,
1081 5129 1440 5206 semetipsum
1456 5131 1514 5190 in
1539 5131 1810 5207 sphmram
1831 5133 2064 5208 colligit,

543 5326 564 5366 ί
591 5325 717 5398 Val.
745 5326 1208 5398 Cl,,utauetorem
1228 5323 1345 5384 cali
1369 5323 1541 5385 discas
1553 5323 1820 5398 uenissein
1837 5335 2061 5387 terram.

471 5393 669 5476 Laud,
700 5393 948 5476 Ebroicp
975 5400 1213 5476 Gentem,
1242 5399 1440 5476 Pratel,
1471 5404 1526 5476 e_t_
1553 5394 1670 5458 duo
1715 5401 1900 5462 Germ.
1910 5440 1926 5473 ,
1962 5416 2064 5476 pro

469 5470 804 5578 desipexeras,
832 5467 1036 5542 habent
1058 5467 1322 5544 desperas,
1353 5473 1441 5529 vel
1470 5473 1731 5545 disperas.

597 5543 674 5578 Ha
707 5549 904 5578 nminr
954 5543 1114 5578 (Iam
1159 5559 1346 5578 nmnn
1366 5544 1472 5578 “an
1514 5546 1731 5578 unae-in

595 5543 680 5612 Ita
707 5549 922 5612 praeter.
954 5543 1138 5599 Germ.
1154 5543 1348 5600 ’omnes
1366 5544 1495 5602 Mss.
1514 5543 1690 5601 nostri
1703 5552 1758 5602 et
1771 5553 1884 5604 vet.
1906 5545 2059 5604 Edit.

469 5613 545 5688 _At
573 5611 773 5688 Gilot.,
803 5611 968 5688 Utic,
999 5614 1296 5688 Gussanv.,
1343 5632 1470 5674 cum
1497 5613 1614 5688 jam
1659 5616 1809 5676 dicto
1849 5618 2061 5686 Germ.,

469 5684 592 5742 loco
621 5683 852 5752 stultius,
881 5681 1085 5742 habent
1121 5681 1292 5742 citius;

521 5757 561 5840 ,ἶ
591 5755 708 5826 AL,
730 5753 1080 5840 caligqqisqt
1103 5754 1306 5840 lrggitnr
1322 5759 1383 5822 in
1401 5758 1569 5825 duch.
1601 5765 1814 5836 Germ.,
1843 5766 2056 5826 Gemet.

463 5825 699 5902 aliisque
725 5825 1076 5887 vetustiorib.
1107 5825 1244 5886 God.

2195 1903 2465 1961 fensionis
2524 1902 2744 1971 illusus,
2799 1907 2980 1958 totum
3028 1902 3233 1975 pariter
3288 1903 3525 1978 ignorat.
3564 1905 3806 1963 Foveam

2195 2009 2324 2067 ergo
2383 1992 2628 2049 hericius
2681 1991 2739 2048 in
2795 1990 3042 2063 reprobis
3096 1991 3280 2060 habet,
3340 1992 3472 2066 quia
3525 1995 3806 2053 malitiosa

2196 2101 2352 2141 mens
2381 2099 2496 2140 sese
2529 2084 2675 2140 intra
2703 2099 2760 2140 se
2787 2083 3051 2156 colligens
3081 2083 3140 2139 in
3171 2084 3414 2141 tenebris
3456 2085 3806 2145 defensionis

2195 2172 2504 2232 abscondit.
2537 2172 2644 2230 Sed
2674 2172 2730 2228 in
2756 2171 2863 2229 hoc
2892 2172 3039 2246 quod
3069 2189 3128 2230 se
3155 2181 3410 2247 peccator
3449 2186 3704 2246 excusat,
3745 2177 3804 2234 in

2195 2261 2302 2319 hoc
2332 2260 2481 2335 quod
2530 2263 2552 2297 ³
2597 2261 2915 2334 caliginosis
2961 2261 3378 2320 defensionibus
3420 2263 3600 2322 ﬁxum
3641 2267 3702 2323 in
3747 2283 3806 2324 se

2196 2353 2422 2410 oculum
2455 2351 2806 2424 corripientis
2839 2351 3150 2423 obnubilat,
3176 2353 3403 2412 divinus
3427 2356 3593 2414 nobis
3621 2373 3805 2414 sermo

2194 2442 2360 2499 etiam
2391 2441 2670 2516 quomodo
2699 2459 2731 2499 a
2769 2441 3044 2500 similibus
3072 2443 3337 2503 fulciatur
3374 2447 3640 2506 ostendit.
3695 2449 3806 2506 Se-

2195 2532 2387 2606 quitur
2407 2550 2419 2588 ε

2509 2636 2737 2695 CAPUT
2783 2638 2967 2696 xxx.
3003 2639 3143 2716 [νει.
3177 2641 3472 2718 XXXIII].

2263 2729 2434 2787 Vnus.
2469 2728 2521 2784 7.
2560 2760 2632 2770 —
2667 2731 2780 2786 Una
2808 2731 2902 2786 uni
2933 2730 3294 2806 conjungitu-r,
3323 2739 3373 2790 et
3399 2752 3464 2791 ne
3492 2737 3516 2773 ⁴
3547 2735 3803 2809 spiracu-

2194 2819 2303 2875 lum
2334 2818 2544 2889 quidem
2567 2818 2760 2875 incedit
2779 2837 2881 2892 per
2909 2839 3016 2878 eas.

2260 2907 2348 2965 54.
2383 2909 2566 2980 Iniqui
2587 2909 2798 2965 alterna
2825 2927 2877 2966 se
2903 2909 3125 2968 invicem
3153 2912 3452 2984 defensione
3483 2920 3804 2974 tuentur.—

2190 3000 2311 3056 Istae
2339 3015 2580 3072 squamae
2613 2999 2980 3072 peccantium,
3026 3017 3094 3058 ne
3126 3001 3194 3058 ab
3243 3019 3336 3059 ore
3370 3002 3801 3077 pradicantium

2190 3091 2376 3166 aliquo
2403 3091 2532 3148 vitae
2563 3091 2838 3164 spiraculo
2868 3102 3244 3166 penetrentur,
3275 3103 3330 3154 et
3352 3095 3640 3156 obduratae
3670 3112 3803 3159 sunt

2189 3187 2243 3236 et
2272 3179 2600 3252 conjunctae.
2625 3181 2646 3215 ⁵
2671 3180 2818 3249 Quos
2847 3182 2994 3239 enim
3013 3183 3214 3242 similis
3243 3196 3426 3244 reatus
3452 3189 3652 3259 sociat,
3671 3208 3799 3249 con-

2187 3269 2341 3326 cordi
2365 3270 2667 3342 pertinacia
2687 3272 2851 3327 etiam
2868 3271 3117 3331 defensio
3138 3291 3393 3348 perversa
3413 3278 3720 3352 constipat,
3740 3291 3801 3339 ut

2186 3358 2254 3416 de
2291 3358 2632 3416 facinoribus
2665 3361 2780 3416 suis
2822 3361 3034 3418 alterna
3075 3381 3130 3421 se
3180 3366 3422 3424 invicem
3472 3367 3800 3430 defensione

2185 3455 2468 3504 tueantur.
2507 3448 2624 3506 Sibi
2659 3449 2808 3506 enim
2838 3452 3070 3526 quisque
3099 3456 3320 3526 metuit,
3348 3455 3484 3513 dum
3504 3457 3801 3518 admoneri

2185 3539 2274 3594 vel
2303 3538 2504 3612 corrigi
2534 3539 2766 3596 alterum
2799 3543 3007 3611 cernit;
3055 3551 3109 3600 et
3136 3543 3344 3604 idcirco
3381 3558 3583 3608 contra
3612 3554 3800 3610 corri-

2183 3629 2455 3702 pientium
2487 3630 2653 3688 verba
2682 3633 3020 3690 unanimiter
3039 3637 3298 3711 assurgit,
3320 3640 3451 3713 quia
3469 3659 3528 3699 se
3545 3642 3606 3699 in
3621 3645 3799 3703 altero

2181 3719 2438 3792 protegit.
2471 3719 2618 3777 Bene
2647 3736 2774 3795 ergo
2803 3721 3040 3780 dicitur:
3081 3726 3194 3784 Una
3222 3729 3318 3786 uni
3345 3730 3720 3805 conjungitur,
3753 3743 3800 3791 et

2183 3825 2248 3864 ne
2274 3809 2606 3880 spiraculum
2633 3813 2841 3882 quidem
2871 3814 3062 3870 incedit
3082 3833 3183 3888 per
3209 3835 3318 3889 eas,
3336 3820 3467 3893 quia
3498 3821 3557 3879 in
3588 3821 3799 3899 iniqui-

2184 3898 2394 3956 tatibus
2423 3901 2561 3970 suis,
2605 3899 2740 3957 dum
2790 3901 3038 3960 vicissim
3077 3906 3313 3978 superba
3365 3925 3424 3966 se
3468 3898 3798 3972 defensione

2182 3993 2496 4062 protegunt,
2527 3999 2728 4046 sanctae
2762 3991 3166 4052 exhortationis
3187 3996 3462 4070 spiracula
3490 3999 3562 4057 ad
3593 4019 3652 4060 se
3673 4005 3795 4062 nul-

2181 4077 2398 4136 latenus
2427 4079 2633 4136 intrare
2661 4082 3010 4153 permittunt.
3039 4083 3284 4153 Quorum
3313 4089 3639 4161 pestiferam
3659 4111 3794 4152 con-

2181 4167 2426 4227 cordiam
2457 4169 2640 4228 adhuc
2660 4172 2902 4243 apertius
2931 4173 3199 4247 subdidit,
3233 4177 3459 4238 dicens:

2749 4312 2978 4375 CAPUT
2999 4318 3210 4378 XXXI.

2253 4403 2425 4463 Vnus.
2470 4406 2524 4464 8.
2555 4437 2628 4450 -—-
2661 4410 2775 4466 Una
2797 4411 2959 4467 alteri
2987 4414 3008 4449 θ
3052 4414 3412 4484 adhwrebunt,
3461 4422 3512 4472 et
3569 4424 3792 4476 tenentes

2182 4509 2236 4550 se
2262 4511 2597 4568 nequaquam
2617 4500 3026 4571 separabantur.

2254 4585 2343 4642 55.
2381 4586 2484 4654 Qui
2511 4587 2673 4643 divisi
2699 4589 2793 4645 vix
2823 4591 3024 4663 corrigi
3043 4598 3311 4664 poterant,
3343 4596 3612 4666 quomodo
3625 4615 3790 4656 emen-

2179 4675 2454 4731 dabuntur
2471 4677 2736 4734 uniti‘i—
2759 4679 2864 4747 Qui
2893 4680 3042 4736 enim
3073 4681 3240 4739 divisi
3269 4683 3473 4758 corrigi
3507 4695 3784 4758 poterant,

2182 4762 2242 4819 in
2274 4763 2631 4837 iniquitatum
2651 4783 2875 4825 suarum
2901 4771 3203 4842 pertinacia
3219 4773 3363 4830 uniti
3385 4774 3712 4848 perdurant,
3736 4785 3788 4835 et

2177 4861 2334 4912 tanto
2371 4855 2544 4927 magis
2573 4857 2820 4929 quotidie
2851 4860 2871 4894 ⁷
2903 4875 2935 4915 a
2961 4862 3275 4933 cognitione
3299 4864 3535 4936 justitise
3555 4883 3787 4939 separa-

2176 4942 2404 5001 biliores
2433 4954 2584 5012 sunt,
2613 4955 2934 5020 quantoase
2955 4949 3197 5008 invicem
3218 4953 3372 5010 nulla
3402 4955 3784 5030 increpatione

2177 5042 2524 5107 separantur.
2556 5037 2691 5094 Nam
2723 5037 2867 5096 sicut
2897 5056 3012 5097 esse
3053 5043 3288 5100 noxium
3318 5044 3461 5101 solet
3501 5045 3550 5102 si
3598 5047 3785 5105 unitas

2175 5121 2318 5182 desit
2345 5125 2530 5197 bonis,
2563 5127 2640 5186 ita
2665 5129 3040 5202 perniciosum
3069 5139 3153 5192 est
3179 5134 3228 5191 si
3267 5150 3381 5192 non
3424 5134 3572 5194 desit
3595 5136 3780 5195 malis.

2245 5326 2268 5414 ξ
2297 5325 2534 5414 gemet”
2573 5330 2982 5414 inspiraculum,
3015 5344 3070 5392 et
3101 5335 3179 5394 ita
3207 5353 3424 5414 semper

2171 5398 2532 5526 80;“?emet.,
2589 5398 2699 5460 alio
2746 5419 2932 5476 sensu,
2967 5398 3113 5479 quos
3167 5410 3305 5466 enim
3327 5398 3558 5469 'similes
3596 5418 3782 5470 reatus

2243 5543 2264 5577 ⁶
2293 5543 2354 5597 In
2381 5540 2640 5628 Vulgata,
2676 5547 2983 5628 adhaerebit.
3000 5553 3074 5608 At
3093 5553 3152 5609 in
3169 5549 3440 5628 Hebraico
3457 5554 3614 5612 fonte
3624 5556 3776 5628 plur.

2169 5621 2486 5742 ἱξεῗξῖἓξῑιὲτ,
2515 5617 2824 5696 legiturque
2847 5623 2916 5680 ad
2945 5621 3187 5682 litteram
3219 5626 3343 5682 :vir
3363 5625 3541 5698 fratri
3565 5617 3665 5684 sub
3682 5629 3779 5686 ad-

2243 5727 2528 5844 tg;;;;g_,,_,,
2555 5779 2592 5819 α
2607 5727 2993 5844 famulitione...
3017 5764 3170 5840 ﬁunt.
3192 5765 3412 5844 Habent
3439 5770 3610 5829 etiam
3635 5769 3776 5844 liqu

2167 5833 2416 5909 plerique
2439 5837 2569 5900 Mss.
2600 5833 2762 5898 Corb.
2785 5838 2996 5908 Germ.,
3017 5833 3060 5897 ἀ
3089 5837 3470 5912 cogitatione...
3501 5833 3660 5917 ﬁunt.
