3936 6378
204 288 312 359 709

198 426 495 488 Perversos
524 432 725 507 quippe
739 437 923 494 unitas
947 441 1286 514 corroborat,
1309 444 1441 502 dum
1465 450 1796 521 concordat;

197 523 256 572 et
274 524 431 576 tanto
460 522 633 594 magis
661 524 1086 601 incorrigibiles,
1118 542 1324 606 quanto
1343 539 1632 597 unanimes
1655 542 1805 600 facit.

195 609 278 698 De
299 608 403 666 hac
432 614 645 669 unitate
670 616 1029 687 reproborum
1062 625 1076 658 ¹
1109 638 1206 694 per
1224 623 1537 698 Sapientem
1563 630 1803 689 dicitur:

200 696 408 794 Stuppa
435 702 669 794 collecta,
701 720 964 780 synagoga
977 696 1313 782 peccantium
1328 717 1520 786 (Eccli.
1545 736 1666 786 XXI,
1692 721 1806 794 10).

196 789 277 842 De
304 787 410 845 hac
437 790 657 847 Nahum
687 797 955 868 propheta
988 800 1065 856 ait
1101 819 1112 857 :
1150 803 1297 859 Sicut
1325 807 1491 876 spina:
1522 808 1738 864 invicem
1756 787 1808 866 se

195 880 630 950 complectuntur,
653 883 727 938 sic
755 888 1050 943 convivium
1078 908 1259 947 eorum
1282 895 1493 965 pariter
1512 899 1807 968 palantium

198 966 438 1056 (Nahum
467 986 506 1038 I,
535 970 653 1053 ρο).
687 971 1022 1033 Convivium
1072 996 1308 1054 namque
1338 966 1694 1056 reproborum
1725 996 1806 1045 est

192 1054 490 1113 delectatio
510 1063 898 1133 temporalium
920 1067 1286 1141 voluptatum.
1311 1074 1372 1129 In
1399 1054 1509 1147 quo
1535 1077 1804 1135 nimirum

192 1146 463 1205 convivio
496 1151 703 1222 pariter
731 1161 921 1225 potant
949 1158 1043 1230 qui
1073 1146 1455 1221 delectationis
1483 1182 1593 1223 suae
1623 1168 1803 1225 illece-

191 1241 312 1301 bris
345 1244 546 1338 _1199
597 1264 678 1338 se
729 1252 1077 1311 concorditer
1132 1257 1403 1317 debriant.
1452 1262 1626 1335 Igitur
1676 1266 1804 1338 quia

194 1334 447 1391 membra
472 1336 779 1395 Leviathan
808 1339 989 1413 istius,
1012 1344 1069 1400 id
1089 1354 1168 1402 est
1191 1347 1411 1422 iniquos
1432 1334 1644 1421 omnes,
1665 1334 1803 1426 q—uos

190 1422 295 1478 Dei
324 1439 505 1481 sermo
536 1442 886 1499 squamarum
908 1437 1382 1507 compactionibus
1412 1422 1712 1514 comparat,
1734 1443 1802 1499 ad

192 1510 576 1571 defensionem
598 1532 755 1573 suam
778 1535 873 1592 par
893 1523 1055 1595 culpa
1070 1527 1385 1598 concordat,
1406 1510 1796 1589 bene-dicitur:

201 1604 318 1661 Una
354 1607 515 1663 alteri
543 1608 904 1682 adhaerebunt,
934 1620 982 1669 et
1018 1622 1239 1673 tenentes
1272 1637 1325 1675 se
1354 1636 1687 1694 nequaquam
1714 1642 1804 1682 se-

186 1696 551 1767 parabantur.
597 1699 866 1759 Tenentes
904 1704 1053 1761 enim
1108 1723 1166 1763 se
1212 1710 1450 1781 separari
1498 1723 1801 1787 nequeunt,

986 311 1360 377 MORALIUM
1397 320 1533 379 LIB.
1575 320 1836 385 XXXIII.
1880 359 1946 373 —
1984 328 2059 390 IN
2094 330 2323 392 CAPUT
2359 335 2482 396 XLI
2518 334 2581 397 B.
2620 335 2765 401 JOB.

3422 354 3528 412 710

1831 462 1885 523 Α
1910 459 2048 518 tatio
2077 460 2339 534 splendor
2369 464 2513 536 ignis
2544 475 2794 527 vocatur.
2824 471 2887 527 In
2915 489 2980 530 eo
3008 476 3157 532 enim
3188 478 3337 552 quod
3365 497 3422 539 se
3449 483 3519 540 ad

1919 552 2321 626 persequendos
2362 552 2541 624 justos
2586 568 2922 631 commovet,
2984 571 3110 620 ante
3157 568 3517 639 reproborum

1919 641 2109 696 oculos
2136 641 2423 713 signorum
2452 643 2756 703 virtutibus
2802 648 2966 707 lucet.
3006 653 3079 708 Et
3108 655 3238 726 quia
3264 655 3385 729 ejus
3418 667 3519 732 ty—

1919 727 2139 783 rannidi
2166 729 2439 801 sapientes
2466 733 2662 790 mundi
2705 735 3007 808 adhaerent,
3054 727 3353 817 eorumque
3382 727 3516 804 con-

1917 816 2058 873 siliis
2087 834 2250 875 omne
2279 821 2432 894 quod
2462 839 2692 895 pravum
2712 827 2939 884 molitur
2962 838 3199 901 exercet,
3225 842 3372 891 recte
3390 837 3517 894 sub-

1910 903 2169 979 jungitur
2210 926 2223 964 :

2235 1006 2465 1067 CAPUT
2492 1012 2732 1069 XXXIII
2767 1011 2907 1087 [Vet.
2939 1015 3185 1092 XXXV].

1984 1103 2122 1161 Iam.
2152 1134 2224 1147 -
2250 1108 2326 1163 Et
2350 1110 2492 1166 oculi
2520 1109 2634 1179 ejus
2651 1117 2712 1166 ut
2724 1113 2995 1185 palpebrae
3022 1116 3269 1174 diluculi.

1984 1194 2074 1250 57.
2110 1196 2265 1253 Oculi
2286 1198 2420 1269 ejus,
2448 1199 2504 1254 id
2533 1205 2609 1255 est
2633 1201 2952 1272 consiliarii,
2972 1219 3069 1258 cur
3082 1207 3358 1278 palpebris
3383 1209 3522 1266 dilu-

1914 1280 2026 1336 culi
2050 1293 2456 1356 cmnparanlur.
2489 1317 2560 1328 —
2588 1288 2692 1343 Per
2718 1289 2908 1346 oculos
2935 1292 3157 1365 quippe,
3186 1295 3302 1367 qui,
3334 1296 3521 1354 inhae-

1912 1379 2093 1428 rentes
2149 1374 2340 1446 capiti,
2414 1376 2645 1432 utilitati
2715 1378 2947 1435 visionis
3020 1382 3351 1455 inserviunt,
3411 1402 3523 1444 non

1911 1458 2193 1519 immerito
2205 1466 2325 1537 ejus
2337 1465 2645 1522 consiliarii
2658 1465 3035 1540 designantur,
3048 1471 3144 1544 qui
3155 1472 3288 1530 dum
3301 1491 3519 1548 perver-

1911 1550 1987 1606 sis
2010 1551 2520 1611 machin-tionibus
2548 1572 2670 1629 quae
2697 1557 2935 1629 qualiter
2962 1560 3172 1630 agenda
3197 1571 3347 1632 sunt,
3377 1580 3520 1637 prae-

1913 1638 2124 1709 vident,
2153 1642 2420 1716 malignis
2446 1642 2566 1715 ejus
2585 1645 2851 1718 operariis
2876 1649 3032 1720 quasi
3057 1656 3339 1709 ostensum
3369 1653 3520 1727 pedi-

1909 1727 2014 1784 bus
2042 1728 2147 1785 iter
2183 1730 2449 1802 praabent.
2485 1732 2592 1799 Qui
2617 1741 2763 1791 recte
2786 1735 3062 1807 palpebris
3090 1737 3325 1798 diluculi
3353 1758 3521 1801 com-

1585 1785 1598 1787 _
1785 1785 1792 1787 _
2183 1785 2234 1802 ,,
2492 1785 2756 1799 ,ην-ν--
2826 1785 3060 1807 __,-_-_
3092 1785 3325 1798 _______
3355 1785 3519 1801 ,ΜΓ

192 1785 325 1857 quia
370 1803 436 1844 eo
480 1788 549 1845 ad
590 1789 966 1894 defensionem
1009 1811 1163 1853 suam
1219 1797 1468 1858 vicissim
1514 1805 1799 1863 constricti
1832 1823 1880 1885 Β
1915 1824 2194 1887 parantur.
2209 1819 2503 1891 Palpebras
2517 1835 2754 1894 namque
2772 1785 3030 1893 diluculi,
3048 1834 3324 1886 extremas
3337 1834 3519 1890 noctis

191 1884 345 1946 sunt,
367 1893 477 1951 quo
497 1895 554 1936 se
583 1880 692 1936 sibi
713 1898 810 1955 per
830 1885 1018 1941 omnia
1032 1886 1244 1945 similes
1263 1904 1379 1946 esse
1403 1893 1797 1953 meminerunt.

188 1966 481 2041 Descripto
508 1970 695 2044 itaque
723 1971 842 2045 ejus
870 1991 1118 2049 corpore,
1153 1977 1223 2035 ad
1251 1988 1417 2054 caput
1442 1997 1621 2039 sermo
1642 1985 1801 2043 redu-

190 2056 364 2125 citur,
386 2068 441 2118 et
468 2061 604 2135 quid
640 2078 737 2135 per
759 2065 1116 2139 semetipsum
1148 2077 1410 2127 extremae
1449 2074 1801 2145 persecutio-

195 2146 286 2204 nis
306 2157 553 2223 tempore
571 2153 835 2228 antiquus
852 2153 1031 2214 hostis
1059 2166 1312 2218 exerceat
1333 2162 1644 2222 nuntiatur.
1662 2164 1800 2224 Nam

194 2238 448 2312 sequitur
481 2258 494 2298 :

326 2358 557 2419 CAPUT
585 2362 802 2422 XXXII
842 2365 982 2441 [νει.
1016 2370 1269 2444 XXXIV,
1298 2374 1418 2431 Rec.
1451 2374 1651 2450 XXV].

260 2449 434 2509 Vens.
464 2453 518 2511 9.
557 2484 629 2496 —
660 2456 986 2515 Sternutatio
1008 2461 1122 2533 ejus
1140 2463 1390 2534 splendor
1408 2465 1567 2536 ignis.

258 2540 349 2598 56.
385 2544 598 2610 Quanta
625 2548 899 2603 commotio
929 2566 995 2604 ea:
1028 2550 1348 2608 Antichristi
1377 2554 1542 2625 signis
1566 2562 1613 2610 et
1630 2556 1799 2612 virtu-

187 2627 329 2684 tibus
356 2630 644 2689 immineat.
677 2664 748 2675 —
775 2635 935 2703 Quod
963 2637 1162 2694 melius
1188 2641 1541 2713 exponimus,
1570 2643 1618 2699 si
1644 2643 1798 2716 prius

183 2721 521 2777 sternutatio
550 2723 828 2795 quomodo
848 2732 1041 2799 agatur
1060 2726 1402 2801 indagemus.
1433 2732 1498 2787 In
1527 2741 1797 2790 sternuta-

181 2808 338 2866 tione
368 2809 572 2884 quippe
604 2812 819 2870 inﬂatio
867 2832 900 2872 a
944 2824 1163 2889 pectore
1209 2822 1475 2892 exsurgit,
1517 2839 1637 2897 quae
1669 2840 1794 2881 cum

181 2906 408 2972 apertos
430 2900 500 2956 ad
528 2902 900 2960 emanandum
922 2920 1087 2978 poros
1108 2922 1220 2963 non
1250 2907 1487 2980 invenit,
1509 2912 1795 2969 cerebrum

184 2988 385 3061 tangit,
424 2996 477 3044 et
514 2998 771 3063 congesta
815 3007 911 3065 per
948 3009 1107 3050 nares
1151 2995 1362 3065 exiens,
1408 3004 1586 3055 totum
1633 3009 1798 3074 caput

183 3079 443 3154 protinus
472 3082 740 3138 concutit.
772 3083 836 3139 In
860 3083 968 3141 hoc
994 3084 1180 3159 itaque
1207 3087 1513 3145 Leviathan
1543 3106 1793 3164 corpore,

1915 1903 2078 1962 horas
2105 1908 2430 1981 accipimus,
2460 1909 2520 1965 in
2545 1911 2745 1984 quibus
2774 1912 2930 1985 quasi
2958 1929 3073 1971 nox
3100 1917 3292 1975 oculos
3318 1922 3515 1994 aperit,

1915 1993 2049 2051 dum
2080 2004 2325 2054 venturae
2366 1998 2508 2056 lucis
2548 1998 2664 2071 jam
2713 2000 2877 2057 initia
2922 2004 3182 2063 ostendit.
3215 1993 3517 2070 Prudentes

1915 2083 2086 2157 igitur
2114 2086 2326 2157 saaculi,
2354 2088 2581 2145 malitia:
2606 2089 2943 2148 Antichristi
2972 2097 3243 2167 perversis
3264 2100 3516 2158 consiliis

1913 2173 2266 2246 inhaerentes,
2297 2179 2454 2251 quasi
2473 2180 2744 2253 palpebras
2764 2189 2897 2239 sunt
2914 2182 3171 2257 diluculi,
3201 2189 3331 2261 quia
3349 2189 3514 2248 ﬁdem

1914 2279 2079 2337 quam
2109 2265 2169 2322 in
2199 2266 2420 2326 Christo
2448 2269 2744 2328 inveniunt
2772 2272 2929 2345 quasi
2957 2275 3160 2331 erroris
3187 2285 3407 2335 noctem
3434 2295 3517 2337 as-

1913 2362 2123 2425 serunt,
2153 2363 2208 2413 et
2220 2359 2631 2418 venerationem
2651 2362 2988 2420 Antichristi
3010 2380 3203 2422 verum
3223 2383 3340 2425 esse
3355 2385 3515 2427 mane

1912 2444 2266 2516 pollicentur.
2298 2449 2584 2521 Spondent
2621 2451 2771 2507 enim
2804 2468 2864 2509 se
2892 2453 3145 2513 tenebras
3172 2459 3436 2531 repellam
3459 2467 3515 2516 et

1914 2543 2163 2600 veritatis
2186 2544 2366 2603 lucem
2386 2548 2559 2621 signis
2577 2548 3005 2608 clarescentibus
3028 2556 3065 2611 1
3078 2552 3114 2606 1
3128 2553 3218 2608 1O
3234 2558 3512 2628 nuntiare,

1911 2631 2043 2704 quia
2070 2649 2173 2691 nec
2201 2638 2527 2707 persuadere
2556 2656 2677 2714 quae
2706 2643 2907 2701 volunt
2933 2654 3184 2720 possunt,
3214 2647 3325 2703 nisi
3353 2646 3512 2704 exhi-

1908 2720 2037 2778 bere
2080 2740 2138 2780 se
2184 2728 2415 2785 meliora
2456 2729 2753 2789 fateantur.
2806 2735 2961 2793 Unde
3003 2737 3096 2796 hic
3142 2739 3257 2811 ipse
3286 2738 3513 2796 coluber

1909 2811 1970 2903 in
1996 2812 2252 2886 paradiso
2270 2818 2465 2889 primis
2484 2819 2807 2881 hominibus
2826 2827 3054 2899 loquens
3078 2827 3289 2901 (Genes.
3313 2846 3397 2899 In,
3423 2829 3505 2903 1),

1908 2900 1969 2957 in
1997 2917 2061 2957 eo
2105 2903 2252 2975 quod
2295 2920 2352 2961 se
2390 2908 2589 2964 melius
2620 2911 2833 2984 aliquid
2878 2916 3171 2986 providere
3198 2900 3506 2990 simulavit,

1907 2992 2064 3066 quasi
2091 2994 2324 3051 diluculi
2344 2998 2629 3069 palpebras
2648 3003 2884 3075 aperuit,
2915 3006 3136 3079 quando
3155 3008 3216 3064 in
3242 3009 3507 3066 innocen-

1906 3085 2056 3142 tibus
2073 3088 2350 3146 mentibus
2364 3090 2728 3151 humanitatis
2747 3095 3114 3168 ignorantiam
3129 3099 3504 3172 reprehendit,

184 3170 244 3227 id
271 3177 356 3227 est
375 3169 491 3226 sive
517 3170 576 3227 in
604 3172 863 3245 malignis
878 3174 1185 3248 spiritibus,
1209 3178 1326 3234 sive
1350 3178 1407 3235 in
1428 3180 1676 3253 reprobis
1696 3182 1792 3239 ho-
1830 3186 1875 3248 ο
1904 3183 1958 3232 et
1985 3177 2270 3235 scientiam
2308 3180 2621 3240 divinitatis
2665 3187 2939 3259 promisit.
2972 3190 3138 3258 Quasi
3182 3192 3506 3264 ignorantia:

184 3258 453 3326 minibus,
484 3260 580 3333 qui
608 3261 694 3318 illi
721 3279 819 3336 per
832 3264 1258 3323 similitudinem
1275 3268 1589 3342 iniquitatis
1618 3271 1797 3329 inhae-

183 3358 397 3422 serant,
423 3352 580 3425 quasi
614 3352 828 3412 inﬂatio
858 3356 1035 3430 surgit
1062 3373 1094 3413 a
1122 3366 1361 3430 pectore,
1386 3359 1520 3417 dum
1547 3362 1711 3419 elatio
1731 3379 1788 3419 se

182 3439 347 3513 erigit
383 3458 454 3497 ex
482 3444 767 3515 praesentis
799 3447 988 3504 saeculi
1018 3455 1301 3520 potestate.
1354 3451 1486 3518 Quae
1533 3452 1690 3525 quasi
1717 3452 1787 3509 ad

183 3531 551 3589 emanandum
579 3549 743 3606 poros
785 3551 898 3593 non
945 3536 1182 3607 invenit,
1212 3538 1341 3613 quia
1386 3542 1446 3597 in
1487 3541 1595 3600 hoc
1639 3542 1787 3617 quod

181 3632 377 3682 contra
398 3622 580 3697 justos
629 3627 939 3700 extollitur,
978 3629 1302 3703 disponente
1346 3633 1485 3703 Deo,
1516 3642 1786 3707 quantum

180 3714 390 3787 appetit
419 3716 717 3788 praevalere
746 3717 1091 3791 prohibetur.
1128 3721 1449 3795 Exsurgens
1474 3731 1658 3780 autem
1688 3739 1788 3781 ce-

182 3802 409 3859 rebrum
440 3806 620 3877 tangit
648 3813 703 3862 et
729 3809 998 3878 concutit,
1031 3810 1162 3882 quia
1188 3810 1418 3869 collecta
1445 3812 1610 3870 elatio
1639 3814 1787 3871 Sata-

180 3909 266 3949 nae
295 3909 519 3951 sensum
550 3896 609 3952 in
654 3895 765 3953 ﬁne
794 3898 990 3955 mundi
1021 3900 1043 3934 ²
1072 3900 1278 3958 arctius
1307 3903 1566 3975 percutit,
1606 3911 1661 3975 et
1687 3920 1790 3962 ca-

178 3993 282 4059 put
310 3986 515 4057 turbat,
550 3987 682 4045 dum
713 3988 895 4062 ipsum
923 3997 1202 4049 auctorem
1235 3992 1605 4066 malignorum
1628 3995 1787 4068 spiri-

176 4081 339 4132 tuum
369 4092 466 4149 per
498 4093 624 4134 eum
651 4079 750 4152 qui
794 4080 1174 4139 Antichristus
1202 4082 1408 4141 dicitur
1436 4083 1496 4141 in
1525 4102 1790 4160 persecu-

177 4165 330 4222 tione
358 4164 610 4224 ﬁdelium
655 4169 1039 4230 vehementius
1078 4174 1302 4233 excitat.
1350 4175 1505 4233 Tunc
1535 4185 1791 4250 congesta

176 4254 398 4313 inﬂatio
416 4273 515 4330 per
543 4257 660 4331 ejus
689 4277 846 4318 nares
878 4263 1175 4336 egreditur,
1217 4266 1348 4339 quia
1374 4274 1495 4323 tota
1518 4268 1789 4341 superbiae

176 4345 297 4419 ejus
326 4348 594 4424 iniquitas
618 4353 820 4425 apertis
851 4356 1079 4413 malitias
1109 4356 1335 4416 ﬂatibus
1356 4358 1787 4418 demonstratur.

173 4440 321 4508 Quia
348 4460 476 4517 ergo
500 4447 830 4505 sternutatio
851 4456 1015 4523 caput
1037 4450 1280 4506 maxime
1299 4452 1572 4521 concutit,
1600 4451 1790 4509 Levia-

174 4531 315 4589 than
347 4534 506 4592 istius
532 4540 859 4595 sternutatio
879 4548 1110 4598 vocatur
1128 4541 1225 4597 illa
1244 4539 1363 4612 ejus
1378 4549 1625 4598 extrema
1643 4560 1791 4602 com-
1822 4560 1871 4621 D

174 4625 352 4680 motio
366 4642 474 4699 qua
489 4626 811 4686 damnatum
828 4630 1113 4688 hominem
1129 4633 1459 4707 ingreditur,
1476 4642 1529 4692 et
1545 4652 1640 4708 per
1655 4651 1781 4692 eum

173 4717 426 4789 reprobis
489 4719 853 4794 principatur.
913 4722 1020 4790 Qui
1073 4731 1224 4780 tanta
1280 4733 1413 4782 tunc
1460 4726 1667 4781 virtute
1725 4742 1782 4783 se

173 4818 507 4879 commovet,
541 4820 604 4867 ut
625 4811 870 4867 membra
897 4812 1141 4881 Domini,
1167 4813 1211 4869 si
1236 4822 1414 4886 potest
1441 4814 1584 4883 ﬁeri,
1614 4814 1780 4870 etiam

173 4898 350 4955 electa
369 4901 687 4971 perturbet;
723 4904 889 4959 tantis
916 4903 1088 4976 signis
1117 4912 1171 4959 et
1200 4905 1470 4978 prodigiis
1498 4905 1695 4972 utitur,
1718 4912 1781 4960 ut

168 4988 571 5048 miraculorum
613 4992 861 5065 potentia
902 4993 1057 5067 quasi
1107 4993 1345 5067 quodam
1381 4994 1524 5069 ignis
1570 4994 1781 5050 lumine

169 5084 521 5157 resplendere
566 5085 836 5144 videatur.
875 5087 1018 5155 Quia
1063 5102 1189 5161 ergo
1232 5094 1571 5145 commotum
1617 5094 1782 5159 caput

170 5174 328 5234 illius
356 5176 641 5236 miraculis
669 5177 961 5237 clarescere
990 5178 1211 5250 nititur,
1246 5186 1392 5237 recte
1420 5177 1539 5252 ejus
1567 5186 1778 5236 sternu-

248 5397 795 5477 ‘Gemet.,Pratel.,
840 5401 1008 5475 Utic.,
1053 5403 1316 5474 Vindoc.,
1348 5400 1472 5463 Val.
1520 5402 1629 5477 Cl.,
1674 5402 1785 5462 duo

170 5475 362 5560 Germ.
411 5483 487 5560 et_
511 5476 649 5550 pler.
698 5477 978 5560 M8§.,_pqr
1015 5479 1367 5560 Salomonem.
1409 5477 1573 5560 Quod
1601 5475 1785 5560 obser-

170 5548 397 5631 vatione
434 5548 686 5631 dignum,
708 5548 984 5631 quiaihde
1002 5549 1785 5631 conjicere_licet~Gregorium

168 5619 457 5705 salomoni
718 5619 1394 5705 Ecclesiasticitribuisse.
1415 5619 1785 5705 Saepe'tamen

168 5692 307 5750 alibi
338 5692 489 5755 hunc
516 5693 722 5750 librum
751 5693 962 5763 laudat,
985 5692 1333 5753 dissimulato
1353 5690 1670 5752 Salomonis
1688 5710 1784 5751 no-

167 5765 341 5847 mine.
361 5765 444 5846 Ita
472 5765 529 5847 1.Δ
543 5781 623 5821 xx
644 5766 863 5847 Moral.,
893 5766 1051 5847 nihl
1079 5784 1095 5847 ε
1110 5768 1261 5826 Recte
1275 5782 1483 5839 quoque
1489 5784 1596 5847 per
1610 5778 1785 5847 quali}-

167 5837 295 5894 dam
322 5836 611 5908 sapientem
656 5838 873 5897 dicitur.
908 5836 1050 5896 Vide
1080 5837 1119 5896 l.
1152 5836 1337 5908 xxvii,
1376 5836 1434 5897 Ii.
1482 5836 1550 5897 47
1594 5836 1653 5898 et
1694 5837 1785 5909 53,

1895 3269 2046 3324 enim
2068 3270 2320 3327 tenebras
2336 3274 2655 3345 repellebat,
2676 3284 2731 3333 et
2746 3285 2962 3335 aeternas
2984 3281 3229 3339 scientiae
3249 3282 3506 3340 divinum

1896 3375 2057 3417 mane
2086 3362 2398 3430 nuntiabat,
2449 3364 2638 3424 dicens
2670 3385 2682 3423 :
2715 3369 3039 3442 Aperientur
3078 3374 3222 3429 oculi
3248 3374 3430 3441 vestri,
3458 3378 3508 3431 et

1895 3451 2043 3506 eritis
2070 3453 2205 3508 sicut
2223 3454 2322 3523 dii,
2351 3454 2564 3513 scientes
2585 3458 2776 3515 bonum
2802 3466 2852 3515 et
2869 3462 3071 3517 malum
3098 3464 3291 3536 (Ibid.,
3318 3466 3400 3539 5).
3426 3467 3509 3524 Ita

1896 3542 1956 3599 in
1985 3542 2083 3600 illo
2111 3552 2246 3603 tunc
2264 3546 2525 3606 damnato
2555 3549 2782 3610 homine
2802 3554 3055 3623 veniens,
3078 3554 3199 3629 ejus
3218 3558 3366 3615 oculi
3394 3559 3510 3632 pal-

1895 3638 2078 3713 pebris
2112 3640 2347 3700 diluculi
2394 3654 2809 3718 comparantur,
2852 3650 2983 3722 quia
3028 3651 3303 3723 sapientes
3348 3652 3506 3711 illius

1896 3731 2310 3805 simplicitatem
2339 3753 2483 3793 verae
2524 3737 2658 3796 ﬁdei
2690 3741 2846 3814 quasi
2877 3749 3164 3799 transacta
3211 3744 3390 3801 noctis
3418 3753 3504 3802 te-

1897 3825 2094 3882 nebras
2122 3836 2407 3900 respuunt,
2439 3836 2496 3885 et
2521 3830 2541 3864 ³
2573 3828 2692 3903 ejus
2720 3831 2877 3905 signa
2905 3833 3193 3891 mendacia
3226 3835 3383 3908 quasi
3412 3851 3504 3893 ex-

1896 3920 2171 3993 surgentis
2197 3921 2328 3977 solis
2354 3920 2537 3979 radios
2557 3924 2879 3982 ostendunt.
2912 3926 3018 3984 Sed
3038 3926 3167 4000 quia
3195 3928 3505 3986 Leviathan

1897 4009 2000 4067 iste
2029 4028 2142 4068 non
2171 4012 2351 4069 solum
2398 4012 2563 4070 habet
2599 4016 2789 4073 oculos
2820 4017 2917 4091 qui
2965 4018 3224 4091 malignis
3252 4019 3508 4077 consiliis

1897 4122 2154 4181 perversa
2180 4106 2526 4179 provideant,
2558 4106 2654 4163 sed
2683 4124 2742 4164 os
2771 4124 2988 4182 quoque
3014 4108 3083 4165 ad
3114 4110 3507 4182 pervertendas

1899 4208 2109 4258 mentes
2138 4200 2430 4258 hominum
2461 4200 2659 4276 aperit,
2703 4202 2967 4277 quoniam
2996 4219 3092 4276 per
3120 4201 3506 4276 praedicatores

1898 4309 2096 4367 pravos
2144 4292 2213 4349 ad
2250 4290 2586 4365 diligendam
2621 4293 2824 4349 erroris
2879 4292 3156 4352 fallaciam
3185 4291 3503 4350 auditorum

1899 4385 2065 4444 corda
2091 4385 2396 4456 succendit,
2428 4394 2551 4459 apte
2577 4383 2935 4460 subjungitur
2971 4403 2983 4443 :

2224 4514 2453 4573 CAPUT
2482 4514 2725 4573 XXXIV
2774 4512 2920 4589 [Rec.
2951 4510 3180 4590 XXVI].

1967 4626 2139 4685 Vnus.
2185 4619 2272 4676 10.
2307 4649 2380 4661 -
2424 4618 2503 4674 De
2529 4634 2621 4673 ore
2648 4616 2763 4687 ejus
2794 4616 3065 4689 lampades
3086 4616 3400 4690 procedunt.

1961 4716 2051 4774 58.
2088 4715 2160 4772 Os
2200 4710 2521 4769 Antichristi
2562 4714 2686 4764 sunt
2727 4707 2843 4778 ejus
2865 4707 3266 4780 praedicatores.
3298 4734 3372 4746 —
3401 4705 3513 4774 Qui

1891 4806 2042 4863 enim
2074 4802 2373 4876 provident
2410 4798 2582 4868 oculi,
2631 4797 2727 4871 qui
2759 4805 2942 4854 autem
2973 4795 3281 4870 pradicant
3309 4809 3371 4850 os
3399 4809 3512 4850 vo-

1890 4901 2108 4951 cantur.
2144 4891 2253 4948 Sed
2280 4890 2350 4947 de
2384 4889 2493 4947 hoc
2520 4903 2615 4945 ore
2644 4885 2924 4959 lampades
2943 4893 3171 4953 exeunt,
3194 4884 3325 4956 quia
3353 4899 3509 4940 men-

1887 4991 1971 5040 tes
2000 4982 2345 5041 audientinm
2392 4980 2461 5039 ad
2487 4994 2728 5036 amorem
2777 4976 3019 5050 perﬁdiae
3049 4974 3358 5033 accendunt
3387 4991 3403 5043 ;
3443 4982 3503 5031 et

1889 5073 2037 5131 unde
2064 5074 2220 5146 quasi
2248 5088 2345 5145 per
2370 5070 2697 5146 sapientiam
2716 5069 2925 5137 lucent,
2948 5067 3077 5123 inde
3102 5065 3295 5139 procul
3323 5064 3501 5121 dubio

1904 5180 2012 5240 per
2038 5161 2345 5237 nequitiam
2377 5165 2757 5222 concremant.
2789 5156 2897 5216 Sed
2926 5155 3108 5231 qualis
3128 5158 3149 5192 ⁴
3171 5156 3291 5230 ipsa
3317 5154 3507 5229 sapien

1894 5417 2109 5461 necnon
2137 5401 2176 5457 l.
2207 5414 2415 5467 XXXIII,
2461 5415 2519 5455 n.
2563 5394 2658 5454 '23.
2690 5394 2814 5452 Non
2854 5391 3015 5467 aliter
3056 5390 3247 5467 laudat
3274 5399 3502 5467 sanctus

1892 5478 2123 5602 ﬁgam;
2138 5464 2463 5602 sgrigtésre'm
2505 5467 2637 5527 libri
2674 5466 2988 5542 Sapientiae,
3040 5472 3121 5535 ut,
3144 5464 3334 5525 videre
3371 5465 3503 5525 licet

1894 5548 1992 5626 lib:
2018 5562 2226 5626 luxu}.
2252 5544 2350 5602 26.
2375 5614 2385 5626 _

1967 5621 1989 5701 ξ
2016 5618 2241 5701 ξηιθι,
2268 5618 2470 5701 acrius.
2518 5686 2528 5701 Ο
2608 5686 2619 5699 _

1965 5691 2256 5767 igemetﬂ
2287 5691 2665 5767 etejus__ignis.
2753 5757 2785 5767 Α
2922 5765 2931 5767 ᾗ
3047 5763 3056 5767 _
3142 5757 3156 5767 _
3258 5752 3270 5767 ,

1967 5765 1990 5800 ⁴
2034 5765 2158 5838 Duo
2195 5757 2405 5838 GermI,
2452 5757 2703 5833 Eb'roic.,
2744 5757 2959 5820 Gemet.
3008 5763 3065 5818 et
3106 5757 3181 5815 al.
3191 5798 3206 5835 ,
3248 5757 3367 5831 ipsa
3401 5765 3502 5807 sa-

1889 5835 2123 5911 pientiw.
