3936 6378
467 273 565 333 711

1667 278 1920 337 SANCTI
1959 276 2300 338 GREGOBII
2336 278 2565 340 MAGNI

3682 281 3787 340 712

459 403 543 460 tia
571 419 764 461 eorum
795 401 890 458 lux
911 402 984 459 sit
1004 399 1330 472 ostenditur,
1353 419 1478 462 cum
1497 403 1748 476 protinus
1785 403 2062 462 subinfer-
2089 407 2141 467 A
2177 413 2344 463 tatem
2373 405 2546 473 illius,
2579 413 2702 478 post
2733 403 2988 477 ﬁguram,
3029 401 3099 459 ad
3127 411 3440 460 extremum
3475 419 3610 462 vero
3639 421 3792 478 pon-

461 499 557 548 tur
587 508 600 547 :

777 618 1004 677 CAPUT
1037 620 1255 680 XXXV
1298 619 1436 696 [Vet.
1468 621 1744 696 XXXVI].

537 745 675 800 Iam.
705 773 776 791 --
806 746 953 802 Sicut
979 747 1123 802 ιωάω
1150 747 1289 818 ignis
1314 764 1555 802 accensae.

535 833 628 889 59.
660 834 865 888 Ardent
886 853 985 906 per
1002 836 1288 904 malitiam,
1321 837 1488 891 lucent
1502 853 1600 906 per
1616 835 1829 889 virtutis
1851 834 2068 889 simula-

475 921 684 978 tionem.
715 952 787 962 —
813 923 956 978 Ecce
969 921 1084 994 jam
1111 923 1420 994 hypocrisis
1439 939 1630 978 eorum
1659 931 1846 995 aperte
1871 923 2068 978 descri-

467 1010 622 1066 bitur
649 1027 884 1083 quorum
916 1013 1232 1084 praedicatio
1260 1013 1526 1069 tzedarum
1558 1013 1904 1084 lampadibus
1924 1030 2069 1068 com-

468 1106 716 1172 paratur.
739 1099 901 1155 Taeda
918 1101 1067 1157 enim
1087 1119 1211 1158 cum
1240 1101 1563 1158 accenditur
1589 1102 1815 1158 odorem
1847 1101 2069 1174 quidem

472 1205 700 1244 suavem
731 1187 914 1256 habet,
945 1189 1039 1245 sed
1069 1191 1256 1246 lumen
1289 1191 1604 1247 obscurum.
1641 1192 1725 1247 Ita
1753 1190 1847 1246 isti
1879 1188 2073 1261 pradi-

473 1285 684 1334 catores
711 1277 1064 1348 Antichristi,
1089 1280 1220 1351 quia
1247 1281 1555 1336 sanctitatis
1583 1279 1692 1336 sibi
1717 1281 1954 1351 speciem
1984 1297 2072 1336 ar-

474 1375 688 1438 rogant,
720 1367 816 1424 sed
844 1376 1027 1426 tamen
1057 1385 1221 1440 opera
1260 1369 1570 1442 iniquitatis
1608 1377 1888 1438 exercent,
1919 1369 2073 1442 quasi

472 1455 744 1512 blandum
765 1457 992 1530 quidem
1013 1465 1095 1512 est
1111 1457 1259 1530 quod
1279 1457 1548 1526 redolent,
1569 1457 1662 1516 sed
1685 1459 1904 1531 nigrum
1927 1457 2075 1532 quod

473 1544 680 1602 lucent.
713 1546 878 1602 Olent
911 1547 1060 1605 enim
1106 1563 1202 1618 per
1244 1547 1654 1603 simulationem
1675 1546 1948 1620 q'ustitite,
1980 1547 2075 1604 sed

475 1634 775 1692 obscurum
803 1635 997 1692 ardent
1016 1653 1112 1708 per
1140 1637 1399 1708 nequitiae
1420 1637 1900 1709 perpetrationem.
1931 1637 2076 1705 Quo-

476 1741 600 1780 rum
647 1725 1022 1780 simulationis
1054 1725 1323 1780 malitiam
1360 1725 1596 1780 Joannes
1639 1725 1698 1780 in
1739 1726 2076 1799 Apocalypsi

475 1811 632 1869 brevi
654 1813 1023 1886 descriptione
1042 1813 1478 1886 comprehendit,
1501 1814 1690 1872 dicens
1724 1832 1736 1871 :
1773 1816 1891 1874 Vidi
1908 1817 2074 1872 aliam

479 1902 695 1959 bestiam
722 1903 1072 1959 ascendentem
1107 1903 1169 1958 de
1211 1909 1376 1970 terra,
1422 1904 1689 1959 habentem
1731 1903 1836 1959 duo
1878 1922 2078 1961 cornua

478 1992 684 2049 similia
711 1993 859 2064 agni,
888 1999 938 2048 et
967 1992 1276 2064 loquebatur
1302 1998 1362 2047 ut
1388 1993 1548 2048 draco
1581 1992 1770 2064 (Apoc.
1802 2009 1928 2062 xm,
1960 1994 2076 2066 11).

479 2081 726 2138 Priorem
757 2082 961 2154 quippe
990 2081 1241 2150 bestiam,
1288 2080 1345 2137 id
1374 2089 1454 2136 est
1484 2081 1894 2138 Antichristum
1923 2099 2080 2156 supe-

481 2169 626 2227 riore
651 2168 765 2241 jam
795 2169 1162 2242 descriptione
1192 2175 1542 2236 narraverat;
1578 2178 1700 2242 post
1719 2187 1884 2244 quem
1911 2173 2080 2228 etiam

481 2257 602 2315 hac
651 2259 760 2314 alia
797 2257 971 2315 bestia
1005 2258 1312 2316 ascendisse
1346 2259 1570 2329 dicitur,
1619 2260 1750 2333 quia
1794 2269 1918 2334 post
1954 2277 2080 2318 eum

483 2347 782 2404 multitudo
811 2349 1231 2422 praedicatorum
1280 2349 1430 2405 illius
1477 2366 1545 2405 ex
1579 2357 1791 2406 terrena
1820 2359 2082 2423 potestate

482 2435 771 2508 gloriatur.
803 2439 882 2494 De
910 2445 1052 2494 terra
1081 2439 1282 2511 quippe
1323 2437 1614 2494 ascendere
1644 2447 1727 2495 est
1774 2439 1841 2495 de
1867 2447 2085 2496 terrena

483 2526 658 2598 gloria
677 2527 982 2600 superbire.
1015 2528 1147 2596 Quae
1169 2527 1333 2585 habet
1357 2528 1468 2585 duo
1486 2546 1694 2586 cornua
1707 2531 1833 2604 agni
1855 2532 2081 2601 similia,

483 2615 615 2687 quia
643 2633 739 2687 per
769 2615 1109 2689 hypocrisim
1152 2617 1459 2674 sanctitatis
1504 2634 1622 2674 eam
1665 2635 1830 2691 quam
1865 2622 1880 2688 ξ
1925 2621 1981 2676 in
2028 2637 2084 2677 se

486 2705 757 2760 veraciter
799 2707 1070 2762 Dominus
1115 2705 1314 2762 habuit
1344 2707 1364 2740 ²
1403 2707 1737 2778 singularem
1771 2709 1878 2764 sibi
1909 2709 2085 2768 inesse

486 2801 542 2850 et
572 2794 896 2866 sapientiam
939 2795 1206 2850 mentitur
1233 2802 1287 2850 et
1316 2795 1508 2851 vitam.
1542 2795 1645 2852 Sed
1677 2797 1808 2870 quia
1834 2797 1937 2854 sub
1960 2799 2084 2872 agni

485 2883 666 2954 specie
691 2881 1040 2940 auditoribus
1068 2883 1312 2955 reprobis
1341 2885 1720 2956 serpentinum
1751 2887 1906 2944 virus
1936 2889 1956 2923 ³
1989 2887 2087 2942 in-

486 2973 693 3042 fundit,
727 2982 872 3030 recte
903 2973 1018 3031 illic
1045 2972 1301 3030 subditur
1334 2991 1346 3030 :
1380 2977 1453 3030 Et
1482 2976 1790 3047 loquebatur
1817 2983 1874 3032 ut
1901 2978 2081 3035 draco.

485 3064 595 3118 Ista
635 3079 762 3134 ergo
801 3061 994 3130 bestia,
1026 3059 1082 3118 id
1127 3069 1208 3118 est
1236 3062 1655 3134 praedicantium
1685 3066 2005 3135 multitudo,
2038 3067 2084 3123 si

485 3158 668 3224 aperte
698 3155 758 3206 ut
783 3149 948 3206 draco
994 3149 1328 3222 loqueretur,
1359 3167 1500 3223 agno
1531 3153 1734 3209 similis
1775 3171 1888 3211 non
1915 3172 2092 3228 appa-

487 3247 632 3297 reret
658 3257 672 3306 ;
705 3239 800 3296 sed
819 3237 1053 3295 assumit
1067 3239 1194 3310 agni
1213 3239 1472 3312 speciem,
1487 3249 1549 3297 ut
1570 3241 1824 3300 draconis
1845 3255 2094 3304 exerceat

492 3329 884 3403 operationem.
915 3327 1074 3395 Quod
1095 3327 1187 3384 hic
1216 3336 1510 3402 utrumque
1541 3347 1636 3403 per
1665 3332 1930 3389 taedarum
1961 3337 2094 3392 lam-

495 3420 659 3494 pades
686 3420 1038 3494 exprimitur,
1071 3418 1202 3492 quia
1220 3429 1274 3476 et
1293 3421 1589 3479 obscurum
1621 3423 1817 3480 ardent
1841 3443 1938 3498 per
1967 3428 2094 3484 effe-

491 3520 643 3569 ctum
665 3509 911 3578 malitiae,
941 3517 997 3566 et
1018 3510 1173 3583 quasi
1201 3527 1368 3568 suave
1393 3511 1643 3570 redolent
1671 3532 1769 3588 per
1789 3517 2094 3575 simulatio-

493 3615 619 3657 nem
643 3601 794 3660 vitae.

562 3689 650 3746 60.
681 3690 842 3749 Multi
861 3687 980 3760 jam
1009 3689 1550 3748 exstantAntichristi
1568 3693 1963 3766 praedicatores.
1986 3695 2092 3754 Eo-

492 3795 614 3833 rum
643 3777 753 3833 vita
782 3777 1113 3850 exploranda
1142 3785 1199 3834 ut
1226 3787 1449 3838 moneta.
1493 3783 1854 3854 Antiquorum
1874 3792 2096 3858 patrum

488 3865 748 3922 institutis
776 3868 1065 3924 concordet.
1098 3900 1169 3912 —
1197 3869 1304 3926 Sed
1332 3883 1682 3946 nequaquam
1709 3874 2092 3932 aestimandum

495 3963 576 4013 est
607 3955 753 4030 quod
781 3961 914 4015 tunc
941 3959 1120 4014 solum
1151 3959 1482 4018 Antichristi
1515 3959 1905 4034 prmdicatores
1933 3981 2090 4038 appa-

492 4045 714 4116 rebunt,
746 4054 798 4104 et
827 4063 976 4106 nunc
1003 4047 1072 4104 ab
1108 4047 1369 4108 humanis
1415 4050 1839 4126 deceptionibus
1874 4052 2090 4112 desunt.

485 4140 649 4198 Modo
700 4143 884 4199 1111
937 4163 1172 4220 namque
1216 4147 1534 4221 priusquam
1598 4165 1694 4222 per
1738 4152 2090 4225 semetipsum

491 4237 770 4302 appareat,
799 4233 1054 4290 nonnulli
1101 4235 1262 4292 illum
1292 4234 1544 4306 vocibus,
1580 4238 1602 4273 ‘
1635 4237 1880 4312 plerique
1909 4245 2092 4298 autem

491 4318 742 4375 moribus
771 4321 1086 4392 praedicant.
1120 4327 1206 4378 An
1237 4323 1619 4396 praedicatores
1639 4325 2009 4386 simulationis
2028 4329 2092 4385 il-

492 4407 604 4463 lius
627 4423 739 4463 non
771 4417 922 4477 sunt,
953 4411 1048 4483 qui
1079 4427 1204 4467 cum
1228 4428 1410 4468 sacros
1436 4413 1534 4469 Dei
1567 4413 1790 4472 ordines
1818 4417 2090 4487 obtinent,

2179 503 2282 559 dus
2311 504 2655 573 examinant,
2697 521 2766 560 ne
2803 510 2900 560 aut
2943 500 3048 558 sub
3091 501 3214 558 auri
3256 501 3437 574 specie
3483 519 3557 558 ωε
3600 501 3792 572 lateat,

2177 600 2272 649 aut
2295 592 2402 650 hoc
2431 594 2579 667 quod
2610 594 2880 650 veraciter
2916 607 3110 648 aurum
3141 598 3223 647 est
3259 597 3495 649 monetae
3542 591 3793 665 reprobaa

2177 681 2356 754 figura
2374 682 2699 738 dehonestet
2726 701 2740 751 ;
2773 690 2868 739 aut
2895 681 3043 756 quod
3089 688 3144 738 et
3184 697 3403 750 aurum,
3433 689 3489 737 et
3517 689 3683 738 rectae
3717 681 3798 736 ﬁ-

2182 788 2328 842 gurae
2357 781 2460 838 est,
2502 771 2608 828 hoc
2654 789 2764 826 non
2810 773 3084 844 integrum
3131 769 3346 844 pondus
3393 771 3616 844 leviget.
3650 770 3795 829 Cum

2181 861 2354 932 igitur
2382 861 2523 916 mira
2553 862 2869 934 ignotorum
2900 861 3190 918 hominum
3219 861 3363 918 facta
3391 861 3794 936 conspicimus,

2180 949 2421 1006 residere
2463 951 2532 1006 ad
2581 955 2784 1009 mentis
2833 961 3033 1009 nostrai
3080 952 3347 1008 trutinam
3377 951 3536 1026 quasi
3565 952 3799 1008 solertes

2183 1039 2547 1098 nummularii
2579 1041 2864 1110 debemus,
2886 1051 2947 1098 ut
2975 1043 3129 1116 prius
3152 1040 3411 1098 discretio
3439 1059 3637 1098 aurum
3669 1058 3800 1098 exa-

2184 1132 2378 1200 minet,
2414 1149 2480 1187 ne
2500 1130 2602 1187 sub
2627 1132 2829 1188 virtute
2855 1149 2911 1188 se
2933 1133 3131 1188 vitium
3149 1131 3408 1200 occultet,
3431 1141 3485 1188 et
3505 1130 3656 1204 quod
3677 1149 3800 1205 pra-

2185 1237 2254 1276 va
2285 1221 2596 1278 intentione
2626 1223 2827 1294 agitur,
2861 1225 2881 1258 ⁸
2911 1222 3048 1278 recti
3078 1221 3293 1278 visione
3314 1222 3593 1294 pallietur.
3625 1219 3802 1294 Cujus

2187 1309 2232 1366 si
2265 1309 2590 1366 intentionis
2637 1311 2874 1383 qualitas
2906 1311 3258 1384 approbatur,
3291 1312 3312 1345 ⁷
3345 1311 3626 1384 impressa:
3665 1328 3801 1367 mox

2187 1398 2439 1455 formulae
2472 1398 2647 1471 ﬁgura
2675 1401 2969 1472 quaerenda
2997 1408 3100 1469 est,
3131 1401 3175 1456 si
3205 1417 3237 1456 a
3262 1399 3506 1472 probatis
3538 1407 3801 1457 moneta-

2187 1487 2308 1558 riis,
2343 1486 2398 1544 id
2426 1495 2507 1543 est
2532 1488 2600 1544 ab
2625 1489 2872 1562 antiquis
2900 1489 3148 1562 patribus
3164 1489 3408 1559 ducitur,
3439 1497 3494 1546 et
3519 1489 3589 1546 ab
3604 1507 3798 1547 eorum

2187 1576 2318 1634 vitae
2351 1577 2721 1634 similitudine
2752 1579 2908 1635 nullo
2932 1595 3115 1636 errore
3136 1579 3389 1636 vitiatur.
3413 1578 3552 1637 Cum
3583 1596 3720 1636 vero
3750 1588 3800 1636 et

2189 1684 2286 1740 per
2313 1667 2680 1725 intentionem
2711 1669 2964 1742 qualitas,
3005 1675 3059 1724 et
3087 1675 3234 1727 recta
3259 1685 3358 1742 per
3387 1669 3710 1742 exemplum
3741 1669 3800 1726 ﬁ-

2107 1760 2154 1820 B
2189 1773 2320 1828 gnra
2347 1757 2718 1829 cognoscitur,
2749 1766 2916 1814 restat
2943 1765 3006 1814 ut
3035 1758 3307 1832 integrum
3330 1757 3450 1830 ejus
3469 1758 3690 1832 pondus
3709 1775 3802 1815 ex-

2193 1847 2465 1919 quiratur.
2500 1845 2715 1903 Bonum
2749 1847 2951 1921 quippe
2972 1847 3119 1922 quod
3140 1865 3235 1922 per
3263 1848 3419 1922 signa
3447 1857 3501 1906 et
3531 1849 3802 1907 miracula

2189 1945 2464 2006 coruscat,
2489 1939 2534 1993 si
2565 1939 2922 2010 perfectionis
2943 1955 3216 1996 summam
3241 1955 3354 1996 non
3370 1938 3557 2009 habet,
3582 1940 3801 2013 pensari

2189 2025 2428 2082 sollicite
2446 2044 2540 2098 per
2559 2027 2828 2084 cautelam
2849 2028 3364 2102 circumspectionis
3381 2028 3563 2099 debet,
3578 2046 3650 2086 ne
3668 2029 3802 2086 dum

2192 2116 2514 2189 imperfecta
2543 2133 2628 2173 res
2663 2119 2682 2153 ⁸
2713 2119 2869 2192 quasi
2895 2136 2993 2191 pro
3023 2119 3263 2192 perfecta
3291 2118 3590 2192 accipitur,
3623 2119 3682 2175 in
3707 2135 3804 2176 ac-

2191 2205 2448 2280 cipientis
2479 2206 2742 2265 damnum
2765 2217 3032 2266 vertatur.
3063 2209 3456 2267 Praedicator-es
3484 2209 3671 2282 itaque
3693 2211 3806 2265 An-

2191 2295 2433 2353 tichristi
2463 2297 2740 2370 quomodo
2768 2315 2954 2356 veram
2985 2299 3336 2356 numismatis
3356 2298 3682 2373 qualitatem
3715 2306 3808 2355 te-

2192 2394 2346 2457 nent,
2387 2385 2481 2460 qui
2511 2387 2567 2442 in
2598 2386 2688 2444 his
2735 2405 2858 2461 quae
2905 2397 3076 2462 agunt
3121 2388 3447 2445 intentionis
3493 2396 3657 2446 rectae
3690 2390 3806 2445 vim

2193 2477 2467 2548 nesciunt,
2500 2478 2630 2552 quia
2660 2495 2755 2551 per
2791 2479 2910 2537 haec
2956 2496 3066 2536 non
3098 2479 3372 2536 caelestem
3405 2479 3667 2552 patriam,
3712 2478 3808 2535 sed

2193 2569 2412 2626 culmen
2447 2568 2634 2640 gloriae
2675 2569 2994 2642 temporalis
3035 2569 3338 2643 exquirunt
3382 2569 3412 2625 Ἰ
3455 2568 3751 2637 Quomodo
3778 2585 3809 2624 a

2195 2666 2429 2715 moneta:
2459 2657 2635 2730 ﬁgura
2664 2675 2774 2716 non
2822 2659 3154 2731 discrepant,
3187 2661 3282 2733 qui
3311 2657 3380 2714 ab
3414 2658 3571 2714 omni
3600 2660 3808 2732 pietate

2190 2746 2468 2820 justorum
2495 2747 2676 2820 justos
2715 2750 3090 2823 persequendo
3117 2749 3435 2806 discordant
3461 2749 3491 2805 ‘l
3516 2748 3812 2817 Quomodo

2196 2838 2252 2894 in
2281 2855 2336 2894 se
2369 2838 2700 2911 integritatis
2744 2839 2960 2912 pondus
3001 2841 3320 2909 ostendunt,
3352 2841 3450 2914 qui
3480 2857 3595 2896 non
3627 2841 3811 2897 solum

2195 2925 2536 2984 humilitatis
2565 2927 2960 3000 perfectionem
3007 2945 3353 3004 nequaquam
3388 2930 3628 2987 assecuti
3659 2939 3811 2998 sunt,

2195 3017 2291 3074 sed
2319 3034 2494 3090 neque
2531 3017 2705 3091 ipsam
2735 3019 2969 3093 primam
2993 3018 3112 3092 ejus
3135 3019 3362 3092 januam
3393 3021 3759 3094 contigerunt
3787 3022 3815 3079 (ἲ

2120 3128 2164 3189 ο
2201 3107 2342 3164 Hinc
2377 3123 2528 3181 ergo,
2559 3108 2692 3166 hinc
2721 3109 2880 3166 electi
2927 3117 3259 3182 cognoscant
3305 3109 3587 3184 quomodo
3615 3127 3812 3168 eorum

2202 3197 2358 3270 signa
2385 3196 2710 3270 despiciant,
2742 3215 2975 3272 quorum
3007 3199 3254 3272 profecto
3285 3199 3430 3257 actio
3468 3215 3634 3256 omne
3665 3200 3816 3275 quod

2202 3301 2234 3342 a
2261 3287 2369 3359 piis
2411 3286 2661 3360 patribus
2699 3296 2913 3360 gestum
2961 3297 3300 3346 memoratur
3345 3290 3658 3362 impugnat.
3712 3289 3816 3347 Sed

2203 3377 2306 3450 ipsi
2336 3392 2554 3450 quoque
2585 3377 2745 3435 electi
2785 3376 2918 3433 dum
2951 3385 3034 3435 tot
3063 3379 3219 3451 signa
3265 3379 3646 3451 conspiciunt,
3680 3379 3815 3436 dum

2202 3474 2618 3524 contemnentes
2646 3467 2818 3524 vitam
2852 3475 3002 3524 tanta
3031 3467 3150 3541 ejus
3183 3469 3451 3527 miracula
3479 3469 3816 3542 perhorres-

2202 3565 2358 3626 cunt,
2383 3557 2659 3631 quoddam
2689 3558 2990 3616 dubietatis
3021 3559 3277 3616 nubilum
3308 3560 3366 3616 iu
3395 3560 3561 3618 corde
3591 3561 3816 3634 patiun-

2201 3657 2313 3717 tur,
2347 3649 2478 3722 quia
2504 3647 2636 3705 dum
2677 3665 2733 3705 se
2761 3665 2858 3722 per
2886 3649 3138 3722 prodigia
3179 3649 3332 3706 illius
3363 3649 3579 3706 malitia
3607 3650 3815 3720 elevat,

2202 3737 2262 3795 in
2292 3737 2411 3794 istis
2443 3737 2790 3813 aliquatenus
2817 3739 2971 3798 visus
2999 3739 3204 3798 certior
3222 3739 3442 3813 caligat.
3475 3737 3633 3796 Unde
3667 3749 3817 3798 recte

2201 3826 2458 3885 subditur
2492 3846 2503 3885 :
3225 3875 3260 3885 -

2505 3947 2736 4011 CAPUT
2769 3953 3014 4014 xxxvr
3071 3951 3216 4029 [περ.
3247 3952 3506 4029 XXVII].

2273 4049 2444 4110 Vnus.
2483 4053 2568 4108 11.
2594 4082 2665 4094 -
2687 4053 2766 4109 De
2794 4052 3014 4109 naribus
3037 4053 3151 4124 ejus
3173 4055 3411 4126 procedit
3437 4053 3646 4125 iunius.

2273 4141 2360 4198 61.
2394 4141 2528 4200 Visis
2550 4142 2866 4198 Antichristi
2889 4143 3176 4215 prodigiis,
3205 4145 3350 4203 electi
3381 4143 3750 4200 turbabuntur
3777 4149 3822 4198 et

2204 4230 2515 4287 titubabunt.
2553 4231 2618 4288 Ut
2644 4231 2701 4286 in
2728 4249 2912 4288 errore
2932 4234 3086 4304 plene
3113 4233 3397 4304 capiantur
3423 4233 3544 4306 ﬁeri
3571 4251 3688 4289 non
3711 4251 3818 4307 po-

2205 4325 2316 4375 test.
2350 4351 2418 4363 —
2451 4320 2752 4377 Oculorum
2783 4322 2985 4394 quippe
3013 4322 3159 4378 acies
3186 4322 3342 4379 fumo
3375 4321 3682 4380 sauciatur.
3717 4324 3820 4380 Fu-

2202 4426 2328 4466 mus
2355 4426 2487 4482 ergo
2517 4409 2585 4466 de
2613 4409 2731 4482 ejus
2751 4412 2980 4468 naribus
3001 4412 3295 4484 procedere
3324 4411 3552 4482 dicitur,
3585 4415 3729 4486 quia
3755 4413 3819 4469 de

491 4495 794 4568 fugientem
825 4499 958 4554 totis
981 4497 1267 4555 desideriis
1284 4501 1553 4558 mundum
1569 4510 1790 4572 tenent;
1829 4508 1923 4579 qui
1945 4509 1966 4542 ε
1985 4507 2093 4564 vir.
2123 4495 2173 4555 D
2203 4498 2596 4555 miraculorum
2627 4499 2746 4572 ejus
2778 4501 3000 4558 insidiis
3043 4501 3112 4558 ad
3141 4510 3484 4558 momentum
3513 4502 3820 4574 caliginosa

493 4593 642 4642 tutes
685 4604 800 4643 esse
846 4588 1144 4645 ostendunt
1189 4606 1309 4663 quae
1347 4590 1580 4660 faciunt,
1630 4593 1724 4649 sed
1772 4594 1972 4651 vitium
2017 4603 2098 4652 est

499 4693 664 4733 omne
693 4677 840 4750 quod
869 4688 1037 4752 agunt
1086 4680 1114 4736 ‘l
1149 4679 1288 4754 [νει.
1321 4681 1473 4736 XXX
1483 4683 1585 4738 VII
1589 4680 1628 4756 .]
1659 4682 1763 4738 Sed
1793 4685 2096 4741 electorum

495 4784 653 4823 mens
674 4776 882 4840 quanto
911 4769 1086 4841 magis
1110 4769 1339 4826 internae
1371 4770 1480 4826 luci
1513 4770 1767 4840 inhaeret,
1789 4779 1943 4828 tanto
1973 4773 2097 4829 sub-

493 4856 652 4914 tilius
666 4874 775 4930 quo
791 4857 956 4914 modo
975 4858 1207 4914 virtutes
1227 4877 1258 4914 a
1277 4859 1430 4916 vitiis
1451 4859 1761 4917 discernere
1788 4859 1983 4920 debeat
2003 4862 2100 4918 vi-

492 4945 603 5004 det.
636 4946 782 5015 Quid
808 4955 991 5004 autem
1023 4948 1225 5004 mirum
1252 4956 1334 5004 est
1361 4947 1468 5006 hoc
1493 4966 1593 5005 nos
1622 4949 1951 5021 spiritaliter
1978 4967 2097 5025 age-

488 5052 546 5092 re
565 5036 712 5110 quod
743 5037 988 5110 quotidie
1009 5038 1366 5112 corporaliter
1389 5037 1668 5095 cernimus
1691 5042 2099 5099 nummularios

487 5125 716 5198 implere
737 5128 766 5185 ‘l
798 5127 1050 5197 Quicum
1079 5129 1356 5186 uumisma
1375 5128 1708 5202 percipiunt,
1737 5129 1894 5203 prius
1922 5131 2096 5205 quali-

495 5335 596 5476 pr;
617 5334 818 5476 16$:ch
845 5337 974 5409 ipse.
996 5335 1160 5394 Corb.
1193 5335 1404 5406 Germ.,
1429 5333 1594 5408 paulo
1621 5340 1770 5404 ante.
1801 5336 1896 5406 qui
1921 5333 2093 5409 Ῑιαδειι

574 5477 597 5552 ξ
626 5477 873 5552 Librum,
896 5480 1267 5552 singulariter.

575 5548 597 5624 ξ
626 5547 858 5624 Turou.,
880 5547 1203 5624 dug'Germ,
1244 5559 1298 5608 et
1325 5552 1402 5624 pl.
1411 5593 1428 5622 ,
1455 5551 1784 5622 infunditur.

575 5619 598 5652 ‘
629 5619 840 5704 gemet.
871 5621 1124 5704 etgorb.’
1171 5619 1381 5704 Germ.,
1397 5619 1644 5704 plerique
1661 5631 1836 5704 autem
1863 5627 2098 5686 moribus

449 5759 454 5763 η
500 5690 874 5768 ρνςεᾴξοᾳίοζςε
898 5691 1050 5768 illius
1078 5690 1432 5768 simulationis
1459 5690 1602 5768 sunt,
1629 5697 1741 5768 qui.

569 5761 592 5797 ⁵
621 5761 750 5820 Val.
781 5761 864 5820 Cl.
897 5769 952 5818 et
987 5759 1200 5830 Germ.,
1228 5765 1320 5836 qui
1345 5767 1563 5826 uirtutis
1585 5759 1714 5828 esse.

2207 4586 2462 4644 dubietas
2483 4589 2651 4645 etiam
2682 4590 2738 4644 in
2760 4591 3059 4648 electorum
3082 4591 3246 4648 corde
3267 4599 3578 4664 generatur.
3605 4592 3694 4647 De
3716 4592 3819 4648 Le-

2207 4677 2435 4734 viathan
2466 4680 2694 4736 naribus
2726 4679 2914 4737 fumus
2941 4682 3080 4751 exit,
3113 4681 3244 4755 quia
3286 4699 3356 4738 ex
3397 4680 3518 4754 ejus
3545 4681 3818 4755 prodigiis

2207 4769 2572 4826 mendacibus
2590 4771 2755 4826 etiam
2776 4769 3046 4828 bonarum
3070 4772 3343 4828 mentium
3365 4772 3558 4828 oculos
3579 4771 3818 4845 trepida-

2206 4859 2380 4916 tionis
2411 4862 2588 4934 caligo
2615 4860 2928 4918 confundit.
2961 4862 3118 4918 Tunc
3146 4877 3387 4935 namque
3423 4861 3481 4918 in
3511 4863 3815 4920 electorum

2206 4948 2470 5005 cordibus
2486 4951 2795 5023 conspectis
2815 4950 3160 5008 terribilibus
3180 4952 3376 5024 signis,
3402 4951 3639 5009 obscura
3656 4953 3818 5024 cogi-

2205 5048 2342 5104 tatio
2369 5049 2746 5121 conglobatur.
2779 5049 2933 5108 Unde
2970 5048 3150 5106 1112
3193 5051 3300 5110 hoc
3328 5052 3479 5126 quod
3501 5051 3621 5126 jam
3650 5068 3817 5126 supra

2206 5139 2542 5211 protulimus
2587 5139 2838 5198 veritatis
2883 5157 2976 5198 ore
3019 5158 3115 5216 per
3158 5142 3528 5218 Evangelium
3556 5142 3812 5202 dicitur:

2203 5337 2562 5466 rec°taTuron.,
2589 5337 2788 5410 Laud.,
2812 5340 2936 5398 Val.
2960 5341 3070 5412 CL,
3091 5342 3304 5400 Gemet.
3334 5350 3388 5400 et
3408 5339 3575 5401 Corb.
3600 5341 3814 5410 Germ.,

2277 5483 2544 5560 (Germ.,
2566 5483 2798 5559 Turou.,
2828 5487 3001 5546 Laud.
3033 5495 3089 5545 et
3116 5487 3214 5558 al.,
3243 5489 3516 5560 impressa:
3541 5503 3673 5543 mox
3699 5484 3814 5559 for-

2205 5555 2595 5710 Μιίιαγζίηέῗξ
2620 5627 2804 5710 _quasi
2839 5629 3100 5704 perfecta.
3133 5629 3340 5689 Turon.
3371 5639 3428 5690 et
3455 5631 3570 5692 duo
3600 5633 3816 5701 Germ.,
3899 5617 3905 5624 ’

2205 5699 2361 5772 quasi
2381 5717 2486 5773 pro
2509 5699 2759 5773 perfecto.
