3936 6376
115 348 220 411 713

868 351 1242 433 MORALIUM
1280 352 1415 410 LIB.
1456 351 1717 411 XXXIII.
1757 382 1829 397 —
1865 350 1938 411 IN
1978 350 2207 412 CAPUT
2246 353 2370 411 XLI
2407 352 2471 412 Β.
2511 350 2653 412 JOB.

3342 355 3443 416 714

114 482 348 551 Surgent
392 480 781 552 pseudochristi
820 486 869 535 et
912 481 1401 552 pseudoprophetis,
1443 488 1490 536 et
1526 481 1728 538 dabunt
1753 482 1807 543 Α
1842 480 1904 537 in
1942 489 2284 537 terrenorum
2311 481 2604 538 hominum
2632 488 2817 537 mente
2861 493 3166 543 coacervat.
3198 486 3306 543 Iste
3344 486 3446 543 fu-

111 572 269 643 signa
305 571 319 604 ¹
353 576 402 624 et
418 570 694 642 prodigia,
728 571 806 626 ita
851 576 911 624 ut
953 572 1011 625 in
1038 571 1275 626 errorem
1309 572 1651 641 inducantur,
1682 578 1731 633 si

112 661 235 734 ﬁeri
252 666 445 731 potest,
476 660 633 715 etiam
657 661 802 716 electi
827 660 1039 731 (Matth.
1075 678 1237 727 xxxv,
1269 661 1393 733 24).
1440 662 1560 729 Qua
1592 663 1651 719 in
1675 680 1733 720 re

113 750 283 807 valde
314 750 674 823 quaerendum
701 758 782 806 est
813 750 1089 823 quomodo
1109 751 1275 807 authi
1300 752 1577 824 quielecti
1598 759 1730 808 sunt

112 840 311 897 induci
331 840 390 894 in
411 855 653 896 errorem
676 848 925 911 possunt,
946 847 1041 896 aut
1061 857 1160 895 cur
1176 841 1233 896 Si
1250 841 1369 913 ﬁeri
1382 847 1552 911 potest
1571 831 1727 915 quasl

113 947 182 986 ex
216 930 500 986 dubietate
526 929 805 997 subditur,
820 946 945 985 cum
977 931 1112 1003 quid
1134 931 1153 965 ³
1177 931 1501 988 faciendum
1525 931 1598 987 sit
1624 933 1730 987 Do-

114 1022 305 1077 minus
324 1020 515 1076 omnia
534 1019 825 1091 praesciens
847 1020 1209 1091 praestolatur.
1254 1019 1361 1075 Sed
1380 1021 1510 1093 quia
1534 1022 1731 1078 electo-

112 1127 241 1167 rum
269 1126 369 1165 cor
395 1116 451 1164 et
477 1107 693 1179 trepida
719 1108 1053 1179 cogitatione
1082 1110 1424 1179 concutitur,
1463 1117 1518 1165 et
1544 1118 1732 1167 tamen

112 1217 308 1258 eorum
345 1197 664 1257 constantia
704 1214 815 1254 non
858 1206 1134 1267 movetur,
1179 1216 1290 1255 una
1326 1200 1429 1256 hac
1460 1201 1733 1265 sententia

111 1291 392 1348 Dominus
420 1298 718 1362 utrumque
739 1289 1059 1361 complexus
1080 1298 1182 1357 est,
1206 1290 1430 1347 dicens:
1466 1292 1552 1347 Ita
1586 1298 1644 1346 ut
1674 1291 1733 1346 in

111 1399 353 1437 errorem
370 1381 718 1444 inducantur,
747 1380 795 1435 si
822 1380 940 1451 ﬁeri
963 1387 1152 1451 potest,
1173 1382 1336 1436 etiam
1367 1383 1530 1438 electi.
1563 1382 1729 1450 Quasi

111 1472 264 1528 enim
281 1469 398 1542 jam
421 1486 602 1526 errare
629 1477 711 1525 est
730 1469 789 1525 in
816 1469 1148 1541 cogitatione
1171 1470 1426 1526 titubare
1451 1488 1463 1538 ;
1484 1471 1579 1528 sed
1608 1488 1731 1544 pro-

110 1560 266 1617 tinus
289 1561 348 1618 Si
367 1559 485 1632 ﬁeri
496 1565 670 1631 potest
686 1557 1060 1631 subjungitur,
1084 1560 1216 1632 quia
1239 1562 1436 1633 procul
1451 1560 1622 1616 dubio
1637 1560 1728 1617 ﬁe-

111 1650 158 1705 ri
190 1666 305 1705 non
338 1656 518 1722 potest
547 1656 609 1705 ut
638 1648 697 1704 in
726 1664 909 1704 errore
941 1649 961 1683 ³
992 1650 1152 1721 plene
1205 1649 1369 1705 electi
1415 1650 1724 1721 capiantur.

112 1740 263 1795 Bene
280 1747 468 1795 autem
485 1738 542 1793 in
559 1737 663 1794 hac
682 1737 823 1792 fumi
844 1737 1077 1809 caligine
1097 1738 1216 1810 ipse
1232 1740 1397 1794 etiam
1414 1739 1728 1795 animorum

114 1829 307 1886 fervor
334 1828 673 1902 exprimitur
700 1844 823 1884 cum
857 1828 1111 1900 protinus
1138 1828 1480 1885 subinfertur
1504 1846 1516 1884 :

646 1922 875 1980 CAPUT
914 1922 1206 1980 XXXVII.

186 2014 337 2093 IamL
361 2043 433 2055 —
463 2012 609 2093 Sicut
635 2013 759 2093 ollis
784 2028 1040 2093 succensae
1067 2017 1225 2093 atque
1248 2011 1517 2093 ferrentis.

183 2087 275 2143 62.
299 2088 507 2153 Quanto
540 2091 659 2139 tunc
680 2085 791 2140 zelo
812 2082 1295 2153 (estuabunthuid
1310 2085 1556 2140 diabolus
1575 2082 1726 2153 fumo

108 2174 358 2247 pestiferi
386 2177 608 2241 halitus,
638 2175 695 2229 in
723 2175 970 2230 humanis
996 2176 1242 2231 cordibus
1270 2182 1534 2246 operetur.
1584 2176 1727 2231 Deus

115 2265 225 2321 nisi
254 2286 289 2322 a
320 2267 615 2338 tranquillo
645 2267 801 2322 corde
830 2268 1068 2339 cognosci
1096 2285 1201 2322 non
1235 2274 1426 2338 potest.
1459 2298 1530 2308 —
1558 2267 1727 2324 Velut

115 2356 267 2410 enim
298 2356 411 2411 olla
439 2354 658 2412 fervens
687 2365 749 2412 ut
778 2372 1120 2429 unaquaeque
1140 2364 1275 2413 tunc
1294 2355 1501 2425 anima,
1523 2356 1724 2428 cogita-

114 2444 335 2502 tionum
356 2462 577 2501 suarum
612 2447 848 2518 impetus
864 2446 1020 2518 quasi
1038 2463 1260 2519 spumas
1277 2446 1590 2503 ardentium
1612 2463 1729 2502 un-

114 2532 312 2589 darum
340 2535 638 2603 sustinens,
670 2550 803 2607 quas
855 2542 909 2589 et
952 2534 1097 2605 ignis
1137 2535 1239 2590 zeli
1293 2545 1628 2603 commovet,
1674 2542 1730 2591 et

114 2626 233 2699 ipsa
282 2627 602 2698 temporalis
656 2626 937 2698 oppressio
994 2643 1147 2682 more
1200 2627 1327 2683 ollae
1392 2628 1729 2684 intrinsecus

110 2716 329 2773 clausas
345 2724 511 2773 tenet.
535 2716 690 2772 Unde
716 2717 953 2772 Joannes
970 2733 1187 2790 quoque
1207 2734 1332 2773 cum
1356 2717 1524 2791 hujus
1539 2718 1728 2776 bestias

112 2806 270 2879 signa
302 2815 569 2874 narraret,
602 2804 860 2876 adjunxit
885 2825 895 2861 :
922 2808 1007 2862 Ita
1042 2813 1101 2861 ut
1129 2807 1297 2877 ignem
1327 2807 1497 2877 faciat
1522 2810 1728 2876 decaelo

112 2897 423 2953 descendere
470 2897 659 2969 (Apoc.
692 2913 817 2965 xm,
856 2896 966 2969 13).
1002 2898 1187 2968 Ignem
1236 2899 1440 2970 quippe
1484 2899 1552 2955 de
1590 2902 1729 2957 coelo

112 2983 447 3043 descendere
476 2992 556 3041 est
582 2985 648 3040 de
668 2984 983 3040 caelestibus
1018 2986 1321 3042 electorum
1352 2987 1556 3044 animis
1588 3004 1730 3044 san-

111 3076 188 3133 cti
245 3074 351 3131 zeli
408 3073 659 3129 ﬂammas
686 3090 959 3129 emanare.
1008 3071 1147 3145 [Vet.
1210 3075 1553 3149 XXXVIII.]
1590 3076 1733 3143 Quia

1843 588 1965 627 mus
1993 588 2062 627 ex
2083 571 2202 643 ejus
2230 571 2458 627 naribus
2495 570 2756 643 prodiens
2805 572 3104 646 aliquando
3128 574 3198 631 ad
3228 584 3445 650 tempus

1840 662 2005 717 etiam
2045 662 2343 718 electorum
2375 661 2564 717 oculos
2592 659 2786 732 tangit.
2810 661 2969 718 Hunc
2988 679 3223 737 namque
3239 665 3443 722 intrin-

1841 769 1997 807 secus
2025 752 2240 807 fumum
2270 751 2580 823 patiebatur
2606 751 2900 823 Propheta,
2929 769 3054 808 cum
3077 753 3223 810 dixit
3254 773 3267 809 :
3308 756 3443 811 Tur-

1842 840 1996 895 batus
2037 849 2112 895 est
2151 859 2269 913 pra:
2306 842 2393 897 ira
2435 842 2618 897 oculus
2660 858 2806 897 meus
2838 841 3014 914 (Psal.
3048 859 3123 910 vr,
3154 842 3235 916 8).
3269 843 3445 916 Hujus

1841 929 2208 985 inundatione
2236 929 2604 1001 premebatur,
2634 930 2825 986 dicens
2858 948 2870 985 :
2898 930 3007 986 Cor
3032 946 3207 986 meum
3236 938 3446 986 contur-

1842 1017 2020 1074 bat-um
2048 1024 2123 1072 est
2151 1018 2207 1072 in
2235 1035 2331 1086 me,
2364 1024 2411 1073 et
2441 1020 2614 1073 lumen
2656 1020 2932 1075 oculorum
2972 1037 3207 1075 meorum
3238 1037 3345 1075 non
3373 1027 3447 1076 est

1840 1123 2040 1162 mecum
2072 1108 2596 1179 (Psal.xxxvn,tl).
2622 1108 2829 1165 Fumus
2840 1109 3043 1182 quippe
3065 1110 3167 1166 iste
3184 1109 3446 1167 obtundit

1840 1197 2016 1254 aciem
2046 1195 2252 1265 cordis,
2284 1196 2414 1270 quia
2441 1196 2695 1269 caliginis
2720 1215 2830 1255 suae
2860 1198 3057 1255 nubilo
3094 1201 3443 1257 serenitatem

1840 1287 2054 1343 intimae
2099 1286 2290 1343 turbat
2328 1287 2548 1360 quietis.
2599 1294 2791 1351 1113
2840 1288 3107 1362 Cognosci
3156 1306 3288 1347 vero
3336 1290 3446 1347 nisi

1839 1387 2144 1460 tranquillo
2174 1385 2338 1444 corde
2367 1403 2477 1443 non
2508 1395 2690 1461 potest
2730 1392 2895 1447 Deus.
2930 1390 3085 1448 Unde
3132 1406 3229 1464 per
3278 1406 3447 1449 eum-

1838 1477 1963 1534 dem
1994 1475 2316 1549 prophetam
2338 1492 2528 1533 rursus
2555 1477 2794 1535 dicitur:
2838 1480 3023 1538 Vacate
3048 1487 3101 1536 et
3122 1481 3288 1538 videte
3300 1498 3445 1553 quo-

1840 1568 1989 1623 niam
2020 1584 2110 1639 ego
2140 1583 2257 1621 sum
2286 1568 2309 1601 ‘
2336 1567 2476 1622 Deus
2502 1568 2684 1637 (Psal.
2717 1584 2853 1634 xnv,
2887 1568 3001 1641 11).
3022 1568 3230 1626 Vacare
3258 1577 3442 1628 autem

1844 1673 1999 1713 mens
2042 1672 2156 1713 non
2201 1664 2381 1728 potest
2434 1672 2555 1729 quas
2598 1656 2768 1729 hujus
2806 1656 2950 1713 fumi
2980 1657 3446 1716 inundationibus

1840 1748 2131 1820 premitur,
2162 1747 2293 1820 quia
2315 1747 2371 1802 in
2400 1762 2464 1802 ea
2490 1755 2833 1803 terrenarum
2865 1747 3267 1819 cogitationum
3289 1750 3445 1805 volu-

1754 1840 1802 1902 B
1840 1837 1991 1893 mina
2019 1852 2089 1892 ex
2116 1836 2401 1907 praesentis
2421 1836 2549 1891 vitae
2577 1851 2764 1892 amore
2811 1837 3207 1909 glomerantur.
3231 1837 3444 1895 Lumen

1835 1943 1963 1999 ergo
1992 1925 2197 1999 quietis
2227 1927 2248 1961 ⁵
2283 1926 2511 1981 internae
2541 1924 2647 1981 hoc
2675 1924 2833 1982 fumo
2862 1926 3163 1997 amittitur,
3194 1927 3325 2000 quia
3351 1943 3445 1984 cu-

1835 2033 2020 2073 rarum
2048 2014 2336 2089 prurigine
2364 2013 2548 2073 cordis
2576 2014 2774 2071 oculus
2812 2012 2945 2071 dum
2977 2014 3342 2072 confunditur
3367 2022 3445 2072 te-

1836 2105 2122 2162 nebratur.

1906 2194 1995 2251 64.
2045 2196 2150 2251 Iste
2198 2193 2382 2265 fumus
2436 2193 2596 2251 aliter
2648 2192 2932 2251 electorum
2986 2197 3182 2249 mentes
3241 2191 3444 2263 turbat,

1834 2285 1995 2341 aliter
2049 2285 2401 2357 reproborum
2453 2286 2632 2341 oculos
2688 2291 2932 2341 excaecat.
2963 2314 3034 2326 —
3089 2283 3200 2341 Sed
3257 2283 3447 2340 fumus

1836 2374 1939 2430 iste
1985 2373 2145 2429 aliter
2193 2374 2493 2430 electorum
2551 2372 2768 2430 animos
2812 2372 3020 2441 turbat,
3052 2373 3214 2429 aliter
3245 2389 3448 2445 repro-

1835 2463 2033 2520 borum
2063 2464 2251 2520 oculos
2297 2470 2554 2520 excaecat.
2603 2465 2653 2520 A
2692 2465 2967 2519 bonorum
3012 2463 3216 2534 quippe
3270 2462 3448 2519 oculis

1838 2552 2179 2625 spiritalium
2210 2550 2611 2607 desideriorum
2642 2549 2776 2606 ﬂatu
2805 2549 3162 2623 respergitur,
3197 2565 3267 2605 ne
3296 2566 3448 2622 prae-

1837 2642 2055 2697 valente
2072 2640 2274 2696 misera
2288 2639 2619 2712 cognatione
2639 2640 2920 2697 densetur.
2946 2640 3008 2695 In
3031 2642 3053 2675 ⁵
3083 2639 3447 2711 reproborum

1839 2747 1970 2787 vero
2000 2729 2280 2786 mentibus
2302 2747 2411 2803 quo
2426 2746 2483 2786 se
2499 2730 2756 2787 licentius
2777 2746 2873 2802 per
2895 2737 3067 2785 tetras
3083 2728 3448 2802 cogitationes

1838 2819 2072 2890 colligit,
2102 2834 2167 2874 eo
2196 2818 2288 2873 ab.
2313 2818 2394 2873 eis
2445 2817 2700 2874 funditus
2744 2818 2997 2874 veritatis
3044 2819 3233 2873 lumen
3275 2817 3444 2874 tollit.

1838 2911 2045 2965 Fumus
2060 2907 2162 2963 iste
2175 2905 2528 2978 reproborum
2544 2906 2804 2962 cordibus
2815 2915 2949 2978 quot
2963 2907 3161 2962 illicita
3174 2906 3451 2963 desideria

1838 2998 2067 3071 ingerit,
2099 2996 2254 3070 quasi
2287 3012 2381 3067 per
2410 3004 2493 3051 tot
2531 3002 2657 3050 ante
2702 2995 2827 3050 illos
2869 2993 3059 3067 globos
3104 2994 3445 3050 intumescit.

1912 3084 2359 3162 [Vet.XXXIX.]
2408 3084 2497 3141 65.
2544 3085 2609 3140 In
2655 3085 2867 3139 carnali
2910 3084 3117 3149 anima,
3165 3085 3266 3139 alii
3310 3081 3451 3153 fumi

112 3181 249 3221 vero
277 3161 582 3219 LBViathan
626 3162 729 3218 ίδίθ
771 3163 906 3218 alias
950 3179 1061 3217 ἶλοη
1114 3162 1295 3218 501nm
1356 3180 1600 3236 serpens»
1633 3163 1729 3219 sed
1758 3197 1803 3259 ρ
1838 3161 2265 3250 concupiscentiis
2300 3174 2441 3246 globi
2470 3173 2713 3244 superius
2742 3172 3071 3239 inanescunt,
3101 3174 3201 3228 alii
3221 3171 3451 3243 inferius

113 3254 283 3310 etiam
315 3252 537 3325 regulus
565 3252 791 3321 dicitur,
821 3267 919 3323 pro
949 3268 1013 3307 eo
1032 3251 1180 3325 quod
1209 3251 1516 3309 immundis
1544 3255 1721 3326 spiri—

114 3345 289 3413 tibus,
309 3346 394 3399 vel
415 3344 661 3417 reprobis
681 3342 1002 3399 hominibus
1025 3342 1536 3415 principatur,sicut
1554 3346 1723 3401 Isaias

115 3435 194 3490 ait
226 3452 238 3490 :
272 3433 351 3489 De
378 3434 557 3489 radice
584 3433 788 3489 colubri
814 3433 1109 3504 egredietur
1138 3434 1352 3504 regulus
1394 3432 1555 3507 (Isai.
1600 3451 1719 3503 xxv,

116 3524 237 3597 29),
265 3523 674 3595 inspiciendum
705 3523 865 3579 nobis
894 3539 1243 3595 summopere
1264 3531 1346 3579 est
1377 3524 1615 3596 qualiter
1642 3540 1723 3581 re-

116 3616 281 3689 gulus
310 3613 564 3686 perimat,
593 3623 675 3682 ut,
709 3628 779 3669 ex
808 3613 1124 3685 Operatione
1150 3613 1344 3685 reguli,
1369 3612 1539 3685 hujus
1563 3613 1725 3670 nobis

116 3705 333 3761 malitia
379 3705 623 3777 apertius
671 3704 997 3761 innotescat.
1032 3704 1272 3776 Regulus
1322 3719 1562 3777 namque
1609 3721 1723 3760 non

117 3814 307 3853 morsu
337 3796 578 3869 perimit,
604 3794 698 3851 sed
729 3794 863 3850 ﬂatu
882 3793 1183 3850 consumit.
1212 3793 1364 3863 Saepe
1394 3809 1611 3865 quoque
1639 3808 1724 3848 ae-

118 3904 234 3944 rem
261 3886 395 3943 ﬂatu
423 3886 615 3952 allicit,
645 3892 699 3940 et
728 3881 998 3957 quidquid
1030 3883 1118 3937 vel
1149 3881 1390 3954 positum
1415 3882 1573 3954 longe
1596 3898 1724 3938 con-

115 3976 305 4050 tigerit
332 3977 447 4032 sola
473 3975 690 4031 narium
722 3969 1080 4044 inspiratione
1105 3970 1383 4028 tabefacit.

188 4068 277 4125 63.
306 4068 467 4135 Hinc,
491 4080 641 4138 ergo,
672 4061 806 4120 hinc
830 4080 1054 4136 pensare
1076 4062 1484 4133 compellimur,
1509 4077 1604 4134 per
1620 4059 1726 4117 hoc

117 4156 269 4234 quod
295 4156 363 4213 de
391 4156 618 4211 naribus
647 4153 764 4225 ejus
786 4153 969 4209 fumus
1001 4152 1293 4225 procedere
1316 4151 1542 4219 dicitur,
1557 4152 1719 4207 etiam

119 4251 441 4325 priusquam
467 4253 686 4321 apertus
706 4251 979 4318 appareat,
1012 4243 1147 4316 quid
1177 4242 1424 4315 quotidie
1454 4242 1511 4297 in
1534 4241 1725 4297 huma-

118 4341 206 4397 nis
236 4335 499 4395 cordibus
526 4337 682 4392 fumo
712 4334 981 4408 pestiferae
1032 4331 1408 4388 exhalationis
1447 4340 1722 4403 operetur.

118 4432 263 4501 Quia
291 4430 464 4495 enim,
497 4426 640 4483 sicut
670 4431 724 4481 et
753 4425 1004 4496 superius
1040 4424 1309 4493 diximus,
1345 4423 1499 4480 fumo
1541 4424 1726 4480 oculo-

118 4538 245 4577 rum
276 4520 421 4576 acies
451 4517 786 4585 inﬁrmatur,
808 4533 920 4572 non
950 4516 1229 4572 immerito
1256 4516 1322 4573 de
1353 4516 1471 4589 ejus
1492 4515 1719 4572 naribus

118 4613 311 4669 fumus
341 4610 633 4684 procedere
657 4608 939 4675 asseritur,
962 4606 1122 4678 cujus
1140 4607 1323 4662 noxiis
1346 4606 1715 4679 inspirationi-

118 4703 225 4759 bus
258 4719 426 4776 prava
456 4702 512 4756 in
544 4698 803 4755 humanis
848 4695 1108 4753 cordibus
1158 4697 1418 4767 cogitatio
1465 4696 1710 4752 nascitur

122 4810 221 4867 per
241 4809 408 4866 quam
434 4791 577 4849 acies
599 4787 798 4844 mentis
821 4785 1170 4853 obtunditur,
1193 4801 1263 4841 ne
1290 4785 1384 4840 lux
1412 4785 1633 4841 interna
1653 4784 1734 4839 vi-

122 4883 341 4940 deatur.
375 4880 543 4951 Quasi
568 4880 715 4936 enim
748 4878 883 4934 ﬂatu
914 4877 1132 4933 narium
1177 4876 1473 4949 caliginem
1506 4875 1734 4941 emittit,

125 4973 261 5047 quia
290 4972 351 5026 in
381 4970 742 5043 reproborum
774 4964 1381 5025 cordibusinsidiarum
1414 4981 1640 5020 suarum
1657 4980 1738 5019 as-

127 5061 506 5136 pirationibus
534 5077 604 5117 ex
633 5076 818 5115 amore
833 5058 961 5113 vitae
985 5054 1302 5128 temporalis
1323 5061 1520 5111 aestum
1541 5072 1739 5127 conge-

124 5160 202 5216 rit
232 5157 634 5231 multiplicium
664 5156 1085 5229 cogitationum.
1105 5154 1176 5208 Et
1208 5154 1360 5208 velut
1387 5152 1528 5207 fumi
1545 5152 1741 5225 globos

123 5248 491 5322 multiplicat,
522 5246 653 5320 quia
682 5241 1035 5302 inanissimas
1082 5243 1369 5317 praesentis
1412 5242 1542 5299 vita:
1584 5256 1743 5299 curas

206 5426 223 5461 ¹
258 5422 414 5481 Editi
446 5438 572 5481 cum
603 5420 732 5481 Mss.
790 5419 901 5479 duo
943 5419 1154 5490 Germ.,
1186 5419 1341 5494 signa
1375 5434 1589 5493 magna,
1621 5433 1741 5494 quae

131 5497 339 5580 ultima
368 5495 737 5580 voanb‘e'st‘a
764 5495 893 5580 Mss.
942 5494 1211 5580 Vindoc,
1234 5495 1450 5580 qum.,
1480 5500 1612 5562 etc.,
1640 5508 1745 5550 nec

131 5570 343 5643 legitur
368 5576 465 5624 aut
495 5568 552 5624 in
591 5568 849 5648 Vulgata,
883 5574 978 5621 aut
1011 5567 1069 5621 in
1099 5573 1257 5647 textu
1287 5565 1503 5647 Graeco.

207 5644 230 5677 ²
261 5641 532 5708 Vindoc.,
567 5639 788 5695 Ebrore.
822 5646 875 5694 et
899 5638 998 5707 al.,
1025 5639 1156 5709 quid
1186 5638 1434 5708 futurum
1456 5641 1544 5694 sit.
1577 5635 1742 5695 Corb.

133 5712 516 5792 ϐεγιηυιμιέἀ
544 5710 949 5792 tenderent.
1008 5779 1022 5792 .
1100 5778 1111 5789 .

206 5789 227 5821 ³
260 5778 593 5855 Ala—plane,
623 5791 685 5838 ut
714 5782 773 5837 in
801 5778 974 5837 Laud.
1008 5778 1225 5851 legitur.

317 5885 564 5940 Parnm.
608 5880 859 5939 LXXVI.

1830 3274 2074 3341 surgunt.
2115 3266 2251 3325 Vitia
2284 3264 2428 3318 vitiis
2456 3262 2829 3317 succedunt.—
2842 3262 2915 3317 Et
2933 3270 3078 3318 certe
3095 3262 3236 3317 fumi
3259 3263 3450 3334 globos

1832 3358 2114 3419 novimus,
2147 3353 2277 3426 quia
2324 3367 2451 3408 cum
2493 3349 2588 3405 alii
2646 3347 2899 3421 superius
2946 3348 3298 3417 inanescunt,
3352 3348 3451 3405 alii

1835 3447 2072 3507 inferius
2102 3448 2365 3514 surgunt;
2400 3440 2481 3496 sic
2510 3447 2563 3495 et
2603 3438 2661 3494 in
2709 3438 3044 3510 cogitatione
3084 3438 3314 3505 carnali,
3348 3437 3451 3494 etsi

1833 3537 1941 3594 alia
1970 3533 2261 3607 pravitatis
2306 3528 2577 3586 desideria
2623 3533 2933 3595 transeunt,
2965 3525 3075 3581 alia
3118 3525 3448 3584 succedunt.

1835 3628 1986 3699 Szepe
2016 3631 2202 3680 autem
2232 3636 2387 3677 mens
2418 3620 2618 3675 misera
2639 3616 2772 3691 quid
2795 3615 2911 3688 jam
2941 3617 3225 3672 transierit
3268 3616 3448 3686 videt,

1833 3719 1930 3775 sed
1959 3717 2055 3774 ubi
2082 3714 2265 3773 adhuc
2302 3713 2608 3768 retineatur
2628 3726 2741 3766 non
2762 3708 2937 3765 videt.
2972 3706 3186 3763 Gaudet
3221 3706 3288 3762 de
3320 3707 3443 3780 qui-

1838 3808 2073 3868 busdam
2099 3804 2255 3862 vitiis
2284 3798 2431 3875 quod
2460 3799 2537 3855 eis
2566 3797 2810 3870 subjecta
2835 3795 2952 3869 jam
2983 3812 3097 3851 non
3128 3795 3219 3863 sit,
3239 3803 3293 3850 et
3314 3812 3449 3867 pra:-

1834 3914 2028 3957 cavere
2058 3912 2121 3952 ac
2151 3907 2366 3965 gemere
2396 3887 2647 3961 negligit,
2679 3887 2811 3959 quia
2838 3901 3029 3942 eorum
3064 3884 3187 3941 vice
3221 3900 3452 3940 succes-

1836 3997 2027 4048 serunt
2082 3985 2211 4052 alia,
2272 3979 2473 4054 quibus
2528 3978 2758 4034 fortasse
2807 3973 3043 4047 nequius
3099 3971 3448 4041 succumbit;

1836 4080 2026 4151 sicque
2057 4074 2119 4130 ﬁt
2148 4079 2211 4128 ut
2240 4070 2372 4125 dum
2391 4069 2499 4123 alia
2533 4066 2673 4121 vitia
2692 4071 3000 4131 transeunt,
3038 4070 3092 4118 et
3111 4078 3326 4134 semper
3345 4062 3455 4117 alia

1836 4164 2164 4231 succedunt,
2185 4161 2253 4218 ab
2280 4159 2385 4215 hoc
2416 4164 2665 4229 serpente
2694 4172 2789 4212 cor
2818 4153 3186 4225 reproborum
3222 4153 3342 4209 sine
3372 4152 3454 4208 in-

1837 4254 2186 4314 termissione
2214 4255 2485 4304 teneatur.
2519 4245 2671 4301 Unde
2703 4244 2842 4299 bene
2874 4258 2971 4315 per
2990 4243 3110 4298 Joel
3127 4241 3452 4314 prophetam

1837 4347 2046 4404 dicitur
2079 4361 2089 4398 :
2124 4339 2416 4397 Residuum
2432 4352 2599 4391 eruere
2627 4332 2846 4389 comedit
2868 4334 3091 4397 locusta,
3123 4331 3455 4385 etresiduum

1845 4441 2058 4495 locustw
2086 4430 2305 4488 comedit
2342 4422 2592 4492 bruchus,
2622 4431 2670 4480 et
2707 4424 2978 4479 residuum
3012 4421 3196 4478 bruchi
3238 4420 3457 4476 comedit

1843 4526 2053 4596 rubigo.
2088 4517 2535 4591 Expergiscimini
2579 4514 2731 4579 ebrii,
2764 4520 2811 4567 et
2857 4514 2971 4583 ﬂete
3020 4512 3160 4583 (Joel
3206 4527 3247 4579 Ι,
3287 4508 3340 4577 4,
3372 4510 3451 4580 5).

1838 4615 1991 4687 Quid
2017 4612 2162 4668 enim
2210 4625 2304 4681 per
2333 4622 2576 4674 erucam,
2625 4621 2745 4677 quae
2781 4611 2894 4659 toto
2939 4618 3171 4673 corpore
3216 4601 3271 4655 in
3312 4608 3458 4655 terra

1844 4706 2012 4780 repit,
2041 4701 2147 4758 nisi
2182 4698 2403 4755 luxuria
2424 4696 2743 4765 designatur
2764 4694 2791 4748 ‘l
2823 4710 2942 4766 qua:
2964 4708 3061 4748 cor
3096 4689 3244 4762 quod
3284 4695 3454 4755 tenet,

1846 4798 1923 4853 ita
1944 4790 2165 4867 polluit,
2190 4795 2251 4843 ut
2273 4787 2330 4841 in
2345 4784 2645 4858 superioris
2667 4782 2957 4837 munditiae
2978 4794 3197 4851 surgere
3213 4791 3455 4831 amorem

1845 4866 1959 4942 non
1990 4880 2185 4955 possit.
2219 4874 2368 4944 Quid
2400 4891 2496 4947 per
2525 4873 2795 4930 locustam
2826 4887 2945 4943 qum
2975 4868 3206 4925 saltibus
3252 4866 3453 4931 evolat,

1847 4975 1955 5032 nisi
1988 4970 2173 5028 inanis
2207 4965 2383 5040 gloria
2412 4964 2906 5037 exprimitur,quae
2936 4977 2990 5015 se
3011 4958 3169 5014 vanis
3196 4972 3454 5028 praesum-

1850 5062 2138 5139 ptionibus
2170 5058 2378 5114 exaltat
2398 5056 2425 5112 ‘l
2457 5053 2603 5123 Quid
2639 5069 2737 5125 per
2786 5045 3456 5139 bruchum,_cujus_pene

1852 5134 2031 5210 totum
2055 5164 2259 5221 corpus
2287 5148 2343 5201 in
2382 5150 2630 5200 ventrem
2662 5139 2965 5211 colligitur,
2994 5135 3100 5192 nisi
3131 5134 3329 5190 edendi
3360 5134 3460 5190 in-

1853 5240 2067 5314 gluvies
2088 5234 2391 5308 ﬁguratur‘l
2415 5232 2559 5301 Quid
2581 5247 2676 5303 per
2695 5227 3029 5299 rubiginem,
3053 5241 3173 5297 quae
3194 5222 3327 5280 dum
3341 5230 3459 5279 tau-

1927 5422 1951 5458 ‘
1979 5420 2191 5478 Gemet.
2222 5425 2277 5473 et
2304 5413 2467 5473 Corb.
2501 5410 2711 5480 Germ.,
2746 5406 3023 5466 Dominus.

1925 5494 1946 5529 ⁵
1976 5474 2192 5559 Norm.,
2222 5486 2487 5557 Vindoc.,
2520 5474 2719 5552 Laudf,
2749 5483 2873 5540 Val.
2906 5481 2990 5539 Cl.
3023 5486 3077 5537 et
3105 5478 3218 5536 duo
3246 5474 3457 5548 Germ.,

1857 5572 2212 5704 magna,
2241 5631 2468 5699 Pratel.,
2490 5629 2615 5687 Val.
2649 5628 2731 5686 Cl.
2774 5633 2827 5683 et
2872 5624 2984 5681 duo
3013 5625 3221 5693 Germ.,
3250 5640 3461 5695 praeo-

1856 5724 1999 5764 rum.

3215 5856 3287 5926 ετ)
