3936 6388
480 363 588 421 715

1703 359 1952 416 SANC'I'I
1990 357 2328 417 GREGORII
2363 357 2589 417 MAGNI

3700 355 3810 416 716

481 453 560 562 git
587 487 852 555 incendit,
883 485 992 543 nisi
1021 486 1103 543 ira
1116 484 1409 542 innuitur?
1436 483 1734 544 Residuum
1754 499 1882 556 ergo
1897 499 2074 540 eruca
2103 487 2150 546 A
2187 491 2358 542 totam
2381 501 2439 542 se
2467 485 2522 542 in
2555 487 2577 521 ⁵
2607 485 2782 559 typho
2810 485 3065 542 elationis
3093 484 3328 542 attollat.
3363 484 3507 554 Quia
3539 500 3681 558 ergo
3714 500 3812 541 cor

481 579 690 635 locusta
732 575 994 640 comedit,
1024 574 1154 648 quia
1203 590 1342 646 sape
1388 591 1516 632 cum
1548 573 1784 630 luxuria
1815 573 2014 628 vitium
2046 590 2077 628 a

481 675 664 724 mente
691 665 993 733 recesserit,
1026 664 1208 720 inanis
1236 665 1410 738 gloria
1448 662 1715 721 succedit.
1763 661 1902 718 Nam
1947 662 2078 735 quia

381 779 394 790 ι
470 755 588 829 jam
608 772 705 829 per
719 771 962 812 amorem
995 753 1179 812 cordis
1200 771 1309 810 non
1330 753 1616 821 sternitur,
1655 751 1808 826 quasi
1831 757 2075 807 sanctam

481 865 538 905 se
568 864 637 904 ex
661 847 908 904 castitate
925 845 1210 918 gloriatur.
1242 845 1314 898 Et
1335 843 1618 900 residuum
1663 843 1889 898 locusta
1936 842 2081 898 bru—

483 937 622 996 chus
649 936 908 1004 comedit,
929 935 1056 1008 quia
1075 950 1215 1005 szepe
1234 950 1359 990 cum
1383 933 1535 989 inani
1557 934 1764 1004 gloria,
1787 950 1908 1006 qua
1923 931 2077 1005 quasi

482 1043 551 1082 ex
580 1026 868 1083 sanctitate
889 1023 1162 1090 veniebat,
1192 1023 1486 1089 resistitur,
1507 1022 1594 1078 vel
1627 1021 1809 1077 ventri
1841 1021 1930 1076 vel
1961 1021 2080 1094 qui-

482 1115 725 1173 buslibet
745 1111 1064 1171 ambitionis
1084 1111 1372 1168 desideriis
1388 1109 1810 1166 immoderatius
1828 1109 1919 1166 ind
1929 1110 2079 1182 ulge-

483 1215 595 1264 tur.
626 1206 779 1264 Mens
806 1205 955 1262 enim
986 1202 1086 1260 Dei
1116 1203 1320 1268 nescia,
1340 1209 1495 1258 tanto
1520 1201 1760 1258 atrocius
1791 1199 1860 1256 ad
1890 1216 2080 1273 quem-

487 1295 621 1352 libet
647 1294 918 1351 ambitum
965 1291 1206 1360 ducitur,
1235 1298 1440 1364 quanto
1487 1290 1642 1346 nullo
1688 1289 1777 1344 vel
1823 1289 2080 1345 humana

488 1385 666 1442 laudis
695 1401 882 1442 amore
929 1383 1259 1439 refrenatur.
1302 1380 1601 1438 Residuum
1646 1379 1847 1437 bruchi
1888 1379 2083 1452 rubigo

488 1475 786 1544 consumit,
817 1474 948 1548 quia
971 1489 1113 1546 sape
1141 1473 1275 1530 dum
1292 1471 1501 1528 ventris
1515 1470 1790 1542 ingluvies
1809 1486 1905 1542 per
1918 1469 2082 1525 absti-

489 1566 733 1624 nentiam
762 1563 1158 1636 restringitur,‘
1192 1562 1286 1618 irae
1318 1561 1663 1634 impatientia
1695 1561 1881 1618 acrius
1908 1559 2082 1617 domi-

489 1664 687 1724 natur;
718 1672 840 1730 qua
871 1669 1022 1712 more
1051 1652 1325 1726 rubiginis
1353 1651 1509 1725 quasi
1539 1651 1823 1707 exurendo
1852 1666 2084 1706 messem

490 1744 756 1813 comedit,
775 1743 905 1817 quia
931 1743 1203 1799 virtutum
1219 1741 1430 1796 fructus
1446 1738 1806 1811 impatientia
1829 1739 1850 1774 ³
1865 1737 2085 1800 ﬂamma

2187 592 2284 648 per
2313 575 2466 632 varia
2493 573 2768 632 desideria
2797 574 3114 644 abducitur,
3146 574 3297 648 quod
3339 573 3811 648 instigationibus

2188 665 2490 721 Leviathan
2505 663 2664 720 istius
2692 663 3088 732 inﬂammatur,
3121 672 3267 720 recte
3295 661 3416 735 ejus
3444 663 3637 720 fumus
3667 680 3812 722 suc-

2187 773 2364 813 censa
2380 765 2434 812 et
2463 753 2700 810 ferventi
2731 755 2854 810 olla
2884 755 3086 811 similis
3119 771 3234 812 esse
3286 753 3639 827 perhibetur,
3680 757 3815 829 quia

2189 862 2286 918 per
2318 853 2395 902 tot
2424 863 2481 900 se
2512 845 2756 901 fervores
2788 848 2809 882 ⁶
2847 846 3029 902 aﬂlata
3056 844 3174 916 ejus
3219 845 3626 903 tentationibus
3655 864 3814 903 con-

2190 936 2422 991 scientia
2449 936 2631 1007 erigit,
2664 953 2758 1008 per
2786 943 2919 1009 quot
2947 935 3094 991 intra
3119 952 3176 993 se
3225 937 3591 1008 cogitationes
3644 937 3816 994 intu-

2191 1026 2400 1082 mescit.
2420 1025 2579 1094 Quod
2601 1025 2782 1082 verbis
2803 1025 2926 1083 aliis
2954 1025 3136 1084 adhuc
3166 1027 3374 1084 veritas
3405 1027 3666 1101 apertius
3703 1043 3816 1084 ex-

2189 1116 2461 1189 sequitur,
2493 1115 2624 1172 dum
2653 1114 3008 1187 subjungitur
3041 1133 3052 1171 :

2450 1203 2678 1262 CAPUT
2716 1204 3010 1262 XXXVIII
3050 1203 3195 1278 [Ηεσ.
3234 1205 3529 1283 XXVIII].

2263 1293 2434 1351 Vnus.
2469 1294 2554 1350 I2.
2584 1324 2656 1336 —
2682 1295 2896 1350 Halitus
2923 1293 3036 1364 ejus
3060 1311 3270 1366 prunas
3298 1297 3490 1352 ardere
3517 1297 3679 1368 facit.

2263 1386 2350 1441 67.
2387 1385 2642 1441 Carnalis
2666 1402 2829 1453 mens,
2851 1390 3103 1456 tanquam
3131 1401 3314 1458 pruna
3341 1388 3475 1458 ﬂatu
3494 1387 3710 1445 diaboli
3731 1389 3814 1444 in-

2192 1478 2485 1548 ﬂammata.
2539 1505 2611 1517 —
2664 1474 2808 1543 Quid
2838 1474 2986 1530 enim
3019 1491 3222 1548 prunas
3269 1475 3378 1532 nisi
3419 1493 3721 1535 succensas
3759 1479 3816 1534 in

2193 1565 2430 1622 terrenis
2457 1565 2923 1636 concupiscentiis
2954 1563 3311 1637 reproborum
3329 1565 3624 1623 hominum
3657 1583 3818 1624 men-

2206 1665 2285 1712 tes
2314 1654 2584 1728 appellat?
2612 1653 2826 1710 Ardent
2850 1655 2999 1710 enim
3027 1671 3153 1712 cum
3183 1655 3473 1729 quodlibet
3504 1657 3819 1730 temporale

2195 1752 2479 1817 appetunt,
2503 1745 2633 1818 quia
2652 1745 2915 1801 nimirum
2939 1752 3109 1801 urunt
3124 1744 3397 1801 desideria
3411 1761 3533 1818 qua
3555 1746 3815 1821 quietum

489 1833 767 1891 tabefacit.
801 1831 939 1888 Cum
981 1846 1110 1900 ergo
1156 1827 1296 1885 vitia
1339 1828 1494 1884 vitiis
1536 1825 1861 1896 succedunt,
1893 1843 2084 1900 agrum
2121 1851 2166 1912 Β
2200 1850 2263 1892 ac
2290 1834 2566 1907 integrum
2609 1850 2725 1891 esse
2763 1835 3011 1890 animum
3063 1851 3178 1891 non
3231 1835 3584 1909 permittunt.
3621 1835 3814 1892 Toties

494 1921 694 1979 mentis
723 1920 831 1976 alia
853 1918 1296 1994 pestis-devorat,
1324 1919 1457 1976 dum
1487 1920 1596 1977 alia
1623 1920 1910 1994 relinquit.

568 2034 706 2112 [νει.
738 2035 880 2111 XLI]
911 2035 1000 2093 66.
1045 2035 1204 2093 Ebrii
1231 2041 1355 2091 sunt
1379 2036 1472 2108 qui
1511 2036 1696 2092 mundi
1723 2034 1886 2108 hujus
1913 2051 2094 2090 amore

497 2127 714 2197 turbati,
745 2128 894 2183 mala
909 2143 1028 2198 qua
1048 2126 1336 2197 patiuntur
1363 2142 1468 2180 non
1481 2127 1729 2182 sentiunt.
1747 2155 1818 2167 —
1837 2125 1982 2181 Bene
2001 2139 2094 2179 au-

495 2224 607 2273 tem
655 2217 773 2274 illic
818 2214 1074 2272 subditur
1121 2231 1140 2269 .'
1177 2214 1629 2287 Expergiscimini
1674 2214 1829 2281 ebrii,
1885 2219 1932 2269 et
1985 2215 2097 2284 ﬂete

495 2303 783 2378 (Ibid.,5).
803 2303 958 2359 Ebrii
991 2303 1193 2376 quippe
1222 2303 1403 2360 vocati
1431 2312 1560 2360 sunt
1577 2303 1696 2377 qui,
1715 2301 1908 2359 mundi
1931 2299 2098 2374 hujus

499 2409 684 2450 amore
711 2392 950 2461 confusi,
983 2393 1128 2449 mala
1171 2408 1284 2449 non
1331 2393 1576 2448 sentiunt
1618 2409 1738 2466 qua
1789 2391 2094 2464 patiuntur.

499 2481 645 2550 Quid
673 2491 754 2540 est
781 2497 910 2554 ergo
953 2480 1135 2538 dicere
1162 2497 1173 2535 :
1205 2481 1673 2552 Expergiscimini,
1717 2479 1872 2546 ebrii,
1910 2484 2102 2541 1114

499 2585 550 2634 et
577 2580 691 2651 ﬂete
746 2579 960 2651 (Ibid),
1028 2577 1136 2634 nisi
1191 2593 1448 2634 somnum
1489 2583 1684 2633 vestra
1750 2574 2102 2632 insensibili-

501 2667 630 2724 tatis
656 2667 920 2735 excutite,
961 2673 1036 2734 et,
1059 2666 1118 2721 in
1139 2664 1513 2722 devastatione
1539 2664 1724 2722 cordis
1746 2672 1826 2722 tot
1845 2664 1952 2720 sibi
1981 2681 2100 2720 suc-

500 2759 822 2818 cedentibus
849 2759 1113 2816 vitiorum
1144 2760 1408 2832 pestibus,
1441 2759 1798 2832 vigilantibus
1847 2759 2104 2815 lamentis

501 2847 763 2905 obviate?
791 2849 894 2905 Per
921 2855 1002 2905 tot
1031 2848 1200 2920 igitur
1228 2849 1416 2920 globos
1444 2848 1511 2904 de
1543 2847 1845 2904 Leviathan
1877 2848 2103 2904 naribus

501 2938 690 2996 fumus
718 2942 911 3013 surgit,
932 2958 1027 3013 per
1054 2947 1188 3013 quot
1207 2941 1472 2996 nimirum
1493 2947 1670 3012 pestes
1691 2940 1903 3013 frugem
1921 2939 2102 2996 cordis

501 3029 718 3103 reprobi
750 3031 964 3086 occulta
1011 3029 1340 3102 aspiratione
1388 3031 1686 3087 consumit.
1719 3029 1892 3102 Cujus
1921 3029 2104 3087 adhuc

503 3119 644 3176 fumi
673 3119 787 3175 vim
814 3120 1048 3176 sollicite
1067 3119 1338 3177 Dominus
1353 3120 1638 3193 exprimit,
1660 3137 1786 3178 cum
1809 3120 1962 3178 illico
1977 3119 2102 3176 sub-

497 3207 714 3282 jungit:
737 3209 883 3266 Sicut
911 3210 1032 3265 οιιω
1053 3226 1308 3266 succensa:
1333 3217 1490 3282 atque
1517 3211 1789 3281 ferventis.
1809 3210 1932 3268 Olla
1955 3210 2103 3266 enim
2137 3224 2180 3285 ο

505 3297 858 3356 succenditur
884 3314 1010 3355 cum
1041 3314 1196 3354 mens
1224 3297 1468 3355 humana
1497 3299 1723 3372 maligni
1759 3299 1936 3355 hostis
1963 3314 2102 3354 sua-

507 3386 755 3444 sionibus
786 3386 1100 3459 instigatur.
1124 3386 1247 3443 Olla
1261 3394 1446 3443 autem
1466 3387 1642 3444 fervet
1661 3405 1784 3444 cum
1803 3387 1919 3460 jam
1938 3387 2104 3444 etiam

508 3493 604 3550 per
629 3491 962 3534 consensum
994 3477 1054 3532 in
1082 3475 1371 3532 desideriis
1399 3494 1578 3550 prava
1608 3477 1980 3550 persuasionis
2005 3494 2107 3534 ac-

510 3567 787 3624 cenditur.
817 3567 889 3622 Et
917 3573 1001 3622 tot
1029 3565 1204 3622 undas
1231 3566 1386 3638 quasi
1427 3565 1690 3623 fervendo
1735 3565 1982 3639 projicit,
2013 3583 2108 3640 per

509 3665 642 3728 quot
669 3672 726 3712 se
755 3655 1029 3729 nequitias
1058 3670 1230 3728 usque
1258 3655 1328 3711 ad
1355 3654 1629 3711 exteriora
1649 3671 1814 3728 opera
1832 3654 2103 3712 extendit.

510 3745 670 3802 Hunc
697 3761 934 3818 namque
963 3745 1201 3801 carnalis
1218 3743 1588 3812 conscientia,
1621 3744 1674 3802 id
1706 3754 1788 3802 est
1817 3745 1941 3801 olla
1988 3745 2109 3801 fer—

511 3849 722 3904 vorem,
752 3851 822 3891 ex
851 3834 1154 3891 Leviathan
1182 3833 1336 3890 fumo
1365 3835 1675 3891 venientem
1699 3834 1963 3909 propheta
1981 3852 2110 3892 con-

509 3931 780 3996 spexerat,
811 3940 935 3980 cum
965 3923 1184 3981 dicebat
1219 3942 1230 3980 :
1268 3925 1443 3982 Ollam
1471 3943 1768 3982 succensam
1806 3943 1894 3998 ego
1937 3925 2109 3994 video,

510 4021 557 4068 et
582 4013 774 4085 faciem
820 4011 934 4084 ejus
969 4032 1004 4069 a
1041 4013 1180 4085 facie
1223 4014 1510 4086 Aquilonis
1555 4016 1768 4087 (Jerem.
1801 4033 1842 4084 ι,
1878 4015 1990 4088 13).
2024 4014 2110 4070 Ab

513 4105 806 4178 Aquilonis
826 4120 1060 4178 namque
1087 4104 1225 4162 facie
1246 4105 1476 4162 humani
1501 4105 1682 4162 cordis
1702 4107 1812 4162 olla
1828 4104 2110 4164 succendi-

515 4199 626 4261 tur,
652 4193 785 4248 dum
817 4193 1168 4265 instigatione
1197 4193 1495 4251 adversarii
1525 4193 1752 4266 spiritus
1782 4194 1996 4250 illicitis
2021 4192 2111 4248 de-

516 4279 734 4336 sideriis
763 4279 1152 4339 inﬂammatur.
1174 4282 1273 4338 Ille
1298 4298 1534 4354 namque
1551 4282 1644 4355 qui
1661 4283 1738 4339 ait
1762 4301 1774 4339 :
1801 4285 1821 4318 ³
1847 4283 2036 4340 Sedabo
2057 4283 2114 4337 in

515 4376 688 4425 monte
725 4371 1035 4440 testamenti,
1064 4371 1122 4426 in
1171 4371 1422 4426 lateribus
1474 4371 1755 4441 Aquilonis
1795 4372 1958 4443 (Isai.
1991 4387 2112 4438 xxv,

520 4460 634 4534 I3),
667 4467 907 4516 mentem
937 4473 1098 4532 quam
1140 4458 1304 4513 semel
1353 4457 1558 4530 ceperit
1598 4459 1854 4531 malignis
1883 4476 2116 4532 persua-

517 4549 690 4605 sionis
719 4566 830 4605 sua
849 4549 868 4583 ⁴
887 4546 1126 4616 ﬂatibus,
1145 4545 1300 4619 quasi
1318 4547 1616 4619 suppositis
1645 4546 1884 4619 ignibus,
1908 4565 2112 4605 accen-

517 4637 619 4707 dit,
651 4644 940 4711 quatenus,
973 4652 1084 4692 non
1114 4642 1369 4692 contenta
1398 4637 1778 4708 prasentibus,
1797 4636 2108 4694 indesinen-

515 4733 600 4784 ter
619 4743 716 4800 per
737 4725 1008 4782 desideria
1033 4731 1242 4792 astuet,
1289 4731 1350 4779 ut
1382 4725 1491 4780 alia
1515 4725 1914 4781 contemnenda
1951 4742 2111 4798 appe-

399 4879 412 4884 _
516 4827 614 4889 tat,
645 4819 754 4876 alia
781 4819 975 4891 adepta
1002 4823 1318 4874 contemnat
1349 4834 1362 4872 :
1396 4824 1458 4873 ut
1487 4816 1651 4872 modo
1681 4818 1795 4873 suis
1839 4833 2112 4890 compen—

517 4911 626 4968 diis
649 4911 851 4980 inhiet,
882 4909 1046 4966 modo
1071 4909 1267 4966 alienis
1295 4908 1600 4965 commodis
1630 4909 1795 4964 etiam
1825 4925 1950 4966 cum
1975 4925 2115 4981 pro-

517 5004 638 5076 prio
658 5003 993 5059 detrimento
1023 4997 1388 5066 contradicat,
1420 4997 1584 5053 modo
1623 4997 1804 5054 carnis
1833 4997 2114 5054 illecebris

517 5093 834 5162 satisfaciat,
865 5090 1029 5148 modo
1051 5090 1204 5164 quasi
1235 5088 1291 5144 in
1327 5087 1564 5162 quodam
1603 5088 1844 5144 culmine
1871 5105 1966 5160 per
2014 5103 2118 5144 co-

519 5183 798 5254 gitationis
827 5181 1139 5256 superbiam
1181 5187 1353 5254 rapta,
1385 5177 1592 5238 carnali
1622 5193 1754 5236 cura
1791 5179 2114 5252 postposita,

598 5382 613 5416 ¹
647 5381 856 5436 Gemet.
885 5388 940 5436 et
975 5377 1142 5438 Corb.
1175 5377 1384 5448 Germ.,
1414 5377 1502 5434 ira
1534 5375 1898 5448 impatientia.

595 5451 616 5484 ²
646 5452 844 5518 Gilot.,
874 5453 1077 5519 Vatic,
1101 5447 1395 5520 Guseanv.,
1420 5447 1658 5516 tabescit;
1679 5447 2115 5522 repugnantibus

523 5519 651 5576 Mss.
675 5529 728 5575 et
756 5531 866 5576 vet.
889 5523 1039 5577 Edit.

597 5594 618 5626 ³
643 5592 857 5665 Germ.,
889 5592 1060 5665 Laud.
1092 5601 1146 5648 et
1174 5593 1295 5650 Val.
1329 5593 1434 5661 Cl.,
1454 5610 1650 5665 ponam
1674 5593 1842 5650 sedem
1860 5607 2028 5649 meam
2046 5591 2118 5648 ad

525 5662 847 5731 aquilonem,
878 5680 966 5716 ero
996 5663 1186 5718 similis
1216 5662 1515 5722 Altissim'o.

600 5733 620 5766 ‘
651 5733 878 5799 Turon.,
905 5731 1131 5800 facibus.

601 5804 620 5834 ⁵
643 5803 871 5869 Turon.,
907 5803 1140 5868 Gemet.,
1178 5804 1437 5870 Vindoc.,
1469 5807 1676 5873 Germ.,
1712 5813 1848 5877 typo.
1896 5809 1973 5864 De
2011 5805 2115 5862 hac

2203 1923 2372 1997 igitur
2400 1921 2705 1980 Leviathan
2735 1925 2755 1959 ⁷
2785 1923 2992 1980 halitus
3023 1940 3226 1997 prunas
3281 1923 3556 1994 accendit,
3591 1925 3815 1998 quoties

2202 2013 2320 2087 ejus
2343 2015 2561 2070 occulta
2587 2014 2862 2087 suggestio
2905 2013 3179 2072 humanas
3221 2021 3432 2072 mentes
3459 2013 3530 2072 ad
3559 2013 3818 2071 delecta-

2202 2103 2382 2160 tiones
2412 2102 2634 2160 illicitas
2676 2103 2964 2176 pertrahit.
3014 2103 3166 2160 Alias
3217 2120 3453 2178 namque
3515 2103 3825 2178 superbia,

2205 2195 2340 2252 alias
2371 2193 2620 2262 invidia,
2653 2193 2788 2250 alias
2831 2194 3088 2263 luxuria,
3125 2195 3259 2251 alias
3303 2196 3550 2253 avaritia
3591 2195 3822 2254 facilius

2208 2284 2533 2342 inﬂammat.
2559 2285 2838 2358 Superbia
2855 2285 3056 2359 quippe
3079 2286 3098 2320 ⁸
3121 2285 3297 2342 facem
3328 2285 3503 2342 menti
3536 2286 3673 2342 Eva
3693 2304 3824 2362 sup-

2209 2376 2411 2450 posuit,
2445 2393 2571 2434 cum
2599 2376 2744 2435 hanc
2771 2377 2839 2434 ad
2869 2375 3272 2434 contemnenda
3302 2375 3469 2433 verba
3517 2375 3824 2435 dominica

2203 2465 2470 2540 jussionis
2511 2466 2797 2540 instigavit
2848 2466 3055 2539 (Genes.
3092 2484 3175 2535 III,
3208 2467 3286 2540 ὕ).
3321 2465 3555 2523 Invidia
3599 2485 3824 2542 quoque

2210 2555 2430 2612 ﬂamma
2459 2555 2594 2614 Cain
2619 2557 2866 2613 animum
2895 2555 3200 2626 succendit,
3223 2573 3350 2614 cum
3365 2555 3433 2613 de
3462 2565 3692 2630 accepto
3711 2557 3826 2614 fra-

2211 2645 2311 2702 tris
2341 2645 2610 2704 sacrificio
2640 2647 2840 2715 doluit,
2868 2655 2922 2703 et
2951 2663 3047 2720 per
3075 2645 3180 2703 hoc
3209 2662 3382 2720 usque
3421 2646 3490 2703 ad
3518 2646 3829 2705 fratricidii

2212 2735 2426 2792 facinus
2454 2736 2704 2810 pervenit
2736 2737 2944 2808 (Genes.
2970 2752 3048 2806 ιν,
3079 2735 3161 2808 8).
3194 2735 3456 2792 Luxuria
3485 2735 3706 2794 facibus
3729 2755 3833 2795 cor

2211 2825 2522 2882 Salomonis
2577 2825 2807 2894 exussit,
2839 2841 3001 2898 quem
3048 2832 3204 2881 tanto
3251 2823 3583 2882 mulieribus
3631 2843 3824 2884 amore

2212 2913 2480 2982 subdidit,
2502 2922 2584 2983 ut,
2615 2930 2788 2986 usque
2816 2913 2883 2970 ad
2914 2913 3188 2969 idolorum
3213 2913 3628 2971 venerationem
3645 2914 3826 2972 dedu-

2211 3011 2353 3073 ctus,
2385 3004 2516 3060 dum
2539 3005 2718 3062 carnis
2747 3004 3166 3062 delectationem
3196 3013 3539 3078 sequeretur,
3561 3005 3824 3064 condito-

2213 3091 2289 3149 ris
2318 3094 2636 3152 reverentia
2665 3093 3084 3152 oblivisceretur
3115 3095 3235 3168 (ΙΙΙ
3255 3097 3378 3166 Reg.
3413 3113 3494 3163 xi,
3540 3094 3625 3167 4).
3663 3097 3832 3153 Ava-

2213 3182 2353 3239 ritia
2383 3200 2600 3258 quoque
2627 3184 2750 3257 igne
2768 3185 2958 3241 Achab
2985 3185 3234 3242 animum
3263 3185 3670 3254 concremavit,
3693 3203 3827 3244 cum

2211 3290 2335 3331 eum
2373 3275 2441 3332 ad
2467 3276 2826 3348 appetendam
2857 3277 3095 3334 alienam
3125 3277 3344 3332 veniam
3388 3276 3830 3350 impatientibus

2213 3363 2501 3421 desideriis
2527 3365 2770 3439 impulit,
2792 3373 2847 3422 et
2866 3382 2962 3439 per
2989 3365 3094 3423 hoc
3113 3382 3286 3439 usque
3304 3365 3372 3422 ad
3402 3375 3622 3422 reatum
3642 3365 3832 3424 homi-

2213 3453 2347 3510 cidii
2391 3453 2660 3526 pertraxit
2702 3455 2829 3524 (ΙΙΙ
2870 3457 2994 3527 Reg.
3026 3456 3174 3528 xxx).
3209 3455 3383 3512 Tanto
3407 3455 3585 3528 igitur
3615 3457 3834 3514 Levia-

2212 3543 2348 3600 than
2380 3543 2482 3600 iste
2513 3543 2688 3600 halitu
2715 3545 2774 3601 in
2801 3545 2994 3618 prunis
3023 3545 3139 3615 ﬂat,
3165 3552 3358 3610 1115
3387 3553 3601 3620 quanto
3652 3547 3836 3604 anni—

2215 3658 2279 3698 su
2306 3643 2668 3716 suggestionis
2697 3645 2926 3703 occulta
2959 3646 3229 3704 humanas
3259 3652 3470 3704 mentes
3512 3645 3586 3704 ad
3629 3647 3835 3706 illicita

2216 3731 2542 3792 inﬂammat.
2574 3734 2730 3791 Unde
2769 3742 2824 3792 et
2853 3735 2994 3793 bene
3019 3754 3151 3794 mox
3181 3737 3443 3796 subditur
3475 3755 3489 3795 :

2572 3825 2801 3882 CAPUT
2830 3826 3074 3882 XXXIX
3105 3824 3244 3901 [Vet.
3277 3827 3451 3903 XLI].

2289 3914 2424 3971 lum.
2447 3945 2518 3956 —
2544 3916 2618 3971 Et
2644 3918 2859 3986 ﬂamma
2887 3915 2950 3971 de
2977 3933 3067 3972 ore
3095 3915 3208 3987 ejus
3235 3917 3521 3989 egreditur.

2289 4003 2376 4060 68.
2409 4004 2515 4059 Per
2538 4004 2922 4060 Antichristum
2948 4006 3225 4062 ardentius
3268 4007 3461 4064 sweiet.
3509 4005 3634 4064 Non
3679 4025 3837 4066 com—

2220 4093 2365 4150 burit
2409 4095 2515 4149 nisi
2561 4095 2781 4167 lignum,
2827 4095 3028 4167 fenum,
3076 4097 3349 4170 stipulam.
3388 4097 3529 4171 Ejus
3557 4100 3840 4171 ﬂammam

2218 4185 2557 4256 exstinguunt
2589 4185 2854 4256 lacrymaz.
2877 4216 2948 4228 —
2968 4187 3217 4244 Flamma
3231 4187 3433 4261 quippe
3454 4188 3569 4245 oris
3599 4188 3725 4262 ejus
3754 4199 3836 4247 est

2222 4274 2338 4348 ipsa
2367 4275 2647 4349 instigatio
2667 4277 2894 4333 occulta
2924 4277 3238 4335 locutionis.
3285 4279 3473 4336 Prava
3503 4280 3658 4336 enim
3692 4298 3835 4338 sua-

2220 4365 2393 4422 sionis
2435 4365 2602 4422 verba
2649 4365 2718 4422 ad
2760 4364 3195 4440 uniuscujusque
3246 4368 3495 4425 animum
3545 4369 3708 4440 facit,
3743 4369 3840 4428 sed

2222 4451 2442 4511 ﬂamma
2469 4462 2550 4511 est
2583 4453 2729 4529 quod
2749 4454 2816 4512 de
2844 4455 2963 4528 ejus
2981 4474 3072 4513 ore
3101 4456 3400 4530 egreditur,
3433 4459 3565 4532 quia
3593 4458 3758 4516 ardet
3781 4461 3837 4516 in

2227 4543 2514 4601 desideriis
2542 4545 2759 4602 animus
2787 4563 2914 4604 cum
2935 4546 3054 4618 ejus
3083 4547 3530 4620 suggestionibus
3586 4549 3840 4623 instiga—

2226 4639 2335 4689 tur.
2369 4635 2497 4691 Hac
2525 4635 2771 4708 quotidie
2801 4637 3061 4708 suggerit,
3091 4635 3210 4694 haec
3239 4653 3412 4711 usque
3439 4636 3511 4694 ad
3541 4641 3841 4710 prasentis

2222 4724 2348 4780 vita
2379 4725 2677 4781 terminum
2709 4742 2993 4798 suggerere
3025 4742 3134 4781 non
3164 4726 3418 4794 desistit;
3471 4726 3567 4783 sed
3607 4735 3751 4785 tunc
3785 4744 3837 4784 se

2222 4814 2456 4888 nequius
2483 4814 2697 4884 dilatat,
2720 4833 2846 4872 cum
2868 4817 2888 4851 ⁹
2912 4832 3007 4888 per
3027 4815 3186 4872 illum
3206 4815 3528 4872 damnatum
3547 4815 3838 4874 hominem

2223 4905 2470 4974 veniens,
2496 4905 2551 4961 in
2583 4905 2748 4978 hujus
2779 4904 2970 4961 mundi
3002 4922 3058 4961 se
3085 4905 3259 4978 gloria
3293 4905 3538 4978 apertius
3568 4912 3836 4962 ostentat.

2224 4995 2378 5051 Tunc
2405 4995 2473 5050 ab
2502 4994 2620 5068 ejus
2643 4993 2869 5050 naribus
2898 4995 3106 5050 vastior
3152 4994 3342 5050 fumus
3393 4993 3671 5068 procedit,
3707 4996 3838 5069 quia

2226 5084 2467 5142 humana
2495 5085 2660 5142 corda
2687 5085 2969 5157 signorum
2998 5083 3116 5155 ejus
3145 5084 3613 5141 admirationibus
3641 5085 3840 5142 territa

2227 5175 2462 5248 amplior
2485 5173 2764 5250 instigatio
2792 5173 3048 5248 percutit.
3081 5173 3235 5230 Tunc
3262 5171 3381 5246 ejus
3409 5172 3620 5230 halitus
3661 5173 3840 5231 vehe—

2228 5387 2362 5503 foce
2390 5369 2518 5432 vide
2561 5375 2746 5503 ngéam
2766 5389 2800 5448 g
2818 5370 2888 5431 ad
2914 5389 3034 5448 cap.
3061 5371 3096 5430 6
3120 5367 3288 5446 hujus
3311 5370 3466 5443 libri,
3497 5385 3660 5430 num.
3693 5372 3838 5442 i3,et

2255 5489 2267 5503 .
2308 5465 2474 5503 XXIII.
2503 5463 2558 5502 ιι.
2669 5491 2680 5503 .

2255 5489 2267 5504 .
2308 5465 2474 5513 xxm,
2503 5463 2558 5502 n.
2590 5463 2680 5503 zu.

2301 5523 2323 5555 ⁸
2353 5521 2564 5590 Gemet.
2597 5527 2650 5573 et
2683 5517 2846 5576 Corb.
2876 5517 3088 5587 Germ.,
3121 5519 3326 5590 afﬂatu.

2299 5592 2318 5625 ⁷
2351 5589 2520 5645 Laud.
2533 5630 2546 5657 ,
2578 5590 2761 5646 altius.

2300 5661 2321 5697 ⁸
2351 5662 2412 5717 In
2443 5660 2610 5716 Gilot.
2643 5668 2697 5716 et
2729 5661 2931 5730 Vatic.,
2963 5661 3152 5732 faciem
3174 5677 3196 5726 ;
3223 5658 3522 5716 manifesto
3551 5671 3768 5716 errore.

2298 5735 2320 5769 ⁹
2351 5735 2437 5789 Sc.
2473 5732 2900 5790 Antichristum.
2939 5730 3077 5790 Vide
3116 5749 3302 5805 supra,
3344 5731 3386 5788 l.
3427 5749 3616 5801 xxxu,
3649 5749 3709 5788 ιι.
3748 5730 3834 5794 εξ,

2227 5813 2280 5862 et
2309 5805 2474 5874 infra,
2509 5805 2543 5860 l.
2576 5821 2774 5874 xxxrv,
2807 5821 2863 5861 η.
2899 5806 2946 5871 1,
2970 5805 3060 5875 29,
3091 5804 3392 5878 etpassim.
