  <div class='ocr_page' id='page_1' title='image "/cluster/home/n/w/nwhite01/storage/ocr_20150623/76/umn.31951002477369g/366.png"; bbox 0 0 3936 6394; ppageno 0'>
   <div class='ocr_carea' id='block_1_1' title="bbox 100 342 197 403">
    <p class='ocr_par' dir='ltr' id='par_1_1' title="bbox 100 342 197 403">
     <span class='ocr_line' id='line_1_1' title="bbox 100 342 197 403; baseline 0.01 -1"><span class='ocrx_word' id='word_1_1' title='bbox 100 342 197 403; x_wconf 81' lang='grc'>717</span> 
     </span>
    </p>
   </div>
   <div class='ocr_carea' id='block_1_2' title="bbox 837 353 2615 437">
    <p class='ocr_par' dir='ltr' id='par_1_2' title="bbox 837 353 2615 437">
     <span class='ocr_line' id='line_1_2' title="bbox 837 353 2615 437; baseline 0.012 -23"><span class='ocrx_word' id='word_1_2' title='bbox 837 353 1211 418; x_wconf 81' lang='lat' dir='ltr'>MORALIUM</span> <span class='ocrx_word' id='word_1_3' title='bbox 1246 360 1380 421; x_wconf 90' lang='lat' dir='ltr'><strong>LIB.</strong></span> <span class='ocrx_word' id='word_1_4' title='bbox 1419 362 1682 426; x_wconf 81' lang='lat' dir='ltr'><strong>XXXIV.</strong></span> <span class='ocrx_word' id='word_1_5' title='bbox 1723 396 1795 412; x_wconf 87' lang='lat'><em>-</em></span> <span class='ocrx_word' id='word_1_6' title='bbox 1832 368 1906 427; x_wconf 90' lang='lat' dir='ltr'><strong>IN</strong></span> <span class='ocrx_word' id='word_1_7' title='bbox 1942 368 2172 430; x_wconf 83' lang='lat' dir='ltr'>CAPUT</span> <span class='ocrx_word' id='word_1_8' title='bbox 2209 373 2333 433; x_wconf 92' lang='lat' dir='ltr'>XLI</span> <span class='ocrx_word' id='word_1_9' title='bbox 2367 376 2430 435; x_wconf 91' lang='lat' dir='ltr'>B.</span> <span class='ocrx_word' id='word_1_10' title='bbox 2473 377 2615 437; x_wconf 84' lang='lat' dir='ltr'>JOB.</span> 
     </span>
    </p>
   </div>
   <div class='ocr_carea' id='block_1_3' title="bbox 3312 388 3420 446">
    <p class='ocr_par' dir='ltr' id='par_1_3' title="bbox 3312 388 3420 446">
     <span class='ocr_line' id='line_1_3' title="bbox 3312 388 3420 446; baseline 0.009 -1"><span class='ocrx_word' id='word_1_11' title='bbox 3312 388 3420 446; x_wconf 77' lang='grc'>718</span> 
     </span>
    </p>
   </div>
   <div class='ocr_carea' id='block_1_4' title="bbox 98 471 3421 588">
    <p class='ocr_par' dir='ltr' id='par_1_4' title="bbox 98 471 3421 588">
     <span class='ocr_line' id='line_1_4' title="bbox 98 471 3421 588; baseline 0.015 -62"><span class='ocrx_word' id='word_1_12' title='bbox 98 471 335 530; x_wconf 91' lang='lat' dir='ltr'>mentius</span> <span class='ocrx_word' id='word_1_13' title='bbox 363 488 569 572; x_wconf 74' lang='lat' dir='ltr'>prunas</span> <span class='ocrx_word' id='word_1_14' title='bbox 597 478 788 588; x_wconf 63' lang='lat' dir='ltr'>ardere</span> <span class='ocrx_word' id='word_1_15' title='bbox 815 480 969 552; x_wconf 82' lang='lat' dir='ltr'>facit,</span> <span class='ocrx_word' id='word_1_16' title='bbox 1001 488 1129 558; x_wconf 85' lang='lat' dir='ltr'>quia</span> <span class='ocrx_word' id='word_1_17' title='bbox 1158 488 1513 561; x_wconf 91' lang='lat' dir='ltr'>reproborum</span> <span class='ocrx_word' id='word_1_18' title='bbox 1544 509 1694 550; x_wconf 91' lang='lat' dir='ltr'>men-</span> <span class='ocrx_word' id='word_1_19' title='bbox 1728 498 1779 558; x_wconf 83' lang='grc' dir='ltr'><strong>Α</strong></span> <span class='ocrx_word' id='word_1_20' title='bbox 1806 495 1920 553; x_wconf 89' lang='lat' dir='ltr'>veri</span> <span class='ocrx_word' id='word_1_21' title='bbox 1974 499 2326 570; x_wconf 89' lang='lat' dir='ltr'>sententiam,</span> <span class='ocrx_word' id='word_1_22' title='bbox 2371 518 2484 559; x_wconf 92' lang='lat' dir='ltr'>non</span> <span class='ocrx_word' id='word_1_23' title='bbox 2528 503 2763 577; x_wconf 81' lang='lat' dir='ltr'>lignum,</span> <span class='ocrx_word' id='word_1_24' title='bbox 2806 506 3018 583; x_wconf 86' lang='lat' dir='ltr'>fenum,</span> <span class='ocrx_word' id='word_1_25' title='bbox 3060 513 3284 588; x_wconf 78' lang='lat' dir='ltr'>stipula,</span> <span class='ocrx_word' id='word_1_26' title='bbox 3325 518 3421 576; x_wconf 89' lang='lat' dir='ltr'>sed</span> 
     </span>
    </p>
   </div>
   <div class='ocr_carea' id='block_1_5' title="bbox 98 562 1705 653">
    <p class='ocr_par' dir='ltr' id='par_1_5' title="bbox 98 562 1705 653">
     <span class='ocr_line' id='line_1_5' title="bbox 98 562 1705 653; baseline 0.014 -34"><span class='ocrx_word' id='word_1_27' title='bbox 98 570 195 630; x_wconf 90' lang='lat' dir='ltr'>tes,</span> <span class='ocrx_word' id='word_1_28' title='bbox 226 578 364 653; x_wconf 87' lang='lat' dir='ltr'>quas</span> <span class='ocrx_word' id='word_1_29' title='bbox 386 562 507 636; x_wconf 88' lang='lat' dir='ltr'>jam</span> <span class='ocrx_word' id='word_1_30' title='bbox 548 567 786 626; x_wconf 89' lang='lat' dir='ltr'>calentes</span> <span class='ocrx_word' id='word_1_31' title='bbox 825 587 1011 630; x_wconf 91' lang='lat' dir='ltr'>amore</span> <span class='ocrx_word' id='word_1_32' title='bbox 1042 576 1230 647; x_wconf 62' lang='lat' dir='ltr'>gloriae</span> <span class='ocrx_word' id='word_1_33' title='bbox 1258 582 1577 653; x_wconf 84' lang='lat' dir='ltr'>temporalis</span> <span class='ocrx_word' id='word_1_34' title='bbox 1606 585 1705 641; x_wconf 91' lang='lat' dir='ltr'>in-</span> 
     </span>
    </p>
   </div>
   <div class='ocr_carea' id='block_1_6' title="bbox 96 652 1708 744">
    <p class='ocr_par' dir='ltr' id='par_1_6' title="bbox 96 652 1708 744">
     <span class='ocr_line' id='line_1_6' title="bbox 96 652 1708 744; baseline 0.016 -39"><span class='ocrx_word' id='word_1_35' title='bbox 96 652 329 720; x_wconf 77' lang='lat' dir='ltr'>venerit,</span> <span class='ocrx_word' id='word_1_36' title='bbox 381 660 572 719; x_wconf 86' lang='lat'><strong>1116</strong></span> <span class='ocrx_word' id='word_1_37' title='bbox 616 660 985 731; x_wconf 89' lang='lat' dir='ltr'>suggestionis</span> <span class='ocrx_word' id='word_1_38' title='bbox 1019 680 1131 721; x_wconf 86' lang='lat' dir='ltr'>suae</span> <span class='ocrx_word' id='word_1_39' title='bbox 1171 652 1393 725; x_wconf 87' lang='lat' dir='ltr'>ﬂatibus</span> <span class='ocrx_word' id='word_1_40' title='bbox 1435 686 1608 744; x_wconf 91' lang='lat' dir='ltr'>usque</span> <span class='ocrx_word' id='word_1_41' title='bbox 1637 674 1708 731; x_wconf 90' lang='lat' dir='ltr'>ad</span> 
     </span>
    </p>
   </div>
   <div class='ocr_carea' id='block_1_7' title="bbox 95 749 1706 825">
    <p class='ocr_par' dir='ltr' id='par_1_7' title="bbox 95 749 1706 825">
     <span class='ocr_line' id='line_1_7' title="bbox 95 749 1706 825; baseline 0.014 -23"><span class='ocrx_word' id='word_1_42' title='bbox 95 749 398 821; x_wconf 79' lang='lat' dir='ltr'>nequitiam</span> <span class='ocrx_word' id='word_1_43' title='bbox 436 755 754 811; x_wconf 71' lang='lat' dir='ltr'>exercendae</span> <span class='ocrx_word' id='word_1_44' title='bbox 784 758 1128 817; x_wconf 89' lang='lat' dir='ltr'>crudelitatis</span> <span class='ocrx_word' id='word_1_45' title='bbox 1154 762 1422 822; x_wconf 87' lang='lat' dir='ltr'>incendit.</span> <span class='ocrx_word' id='word_1_46' title='bbox 1454 766 1609 825; x_wconf 89' lang='lat' dir='ltr'>Tunc</span> <span class='ocrx_word' id='word_1_47' title='bbox 1638 768 1706 825; x_wconf 92' lang='lat' dir='ltr'>de</span> 
     </span>
    </p>
   </div>
   <div class='ocr_carea' id='block_1_8' title="bbox 96 837 1703 929">
    <p class='ocr_par' dir='ltr' id='par_1_8' title="bbox 96 837 1703 929">
     <span class='ocr_line' id='line_1_8' title="bbox 96 837 1703 929; baseline 0.014 -37"><span class='ocrx_word' id='word_1_48' title='bbox 96 837 357 929; x_wconf 23' lang='lat' dir='ltr'>oreAejus‘</span> <span class='ocrx_word' id='word_1_49' title='bbox 394 841 617 899; x_wconf 89' lang='lat' dir='ltr'>ﬂamma</span> <span class='ocrx_word' id='word_1_50' title='bbox 661 846 955 918; x_wconf 81' lang='lat' dir='ltr'>egreditur,</span> <span class='ocrx_word' id='word_1_51' title='bbox 1006 851 1136 923; x_wconf 90' lang='lat' dir='ltr'>quia</span> <span class='ocrx_word' id='word_1_52' title='bbox 1185 854 1455 927; x_wconf 88' lang='lat' dir='ltr'>quidquid</span> <span class='ocrx_word' id='word_1_53' title='bbox 1502 873 1598 929; x_wconf 89' lang='lat' dir='ltr'>per</span> <span class='ocrx_word' id='word_1_54' title='bbox 1626 874 1703 926; x_wconf 91' lang='lat' dir='ltr'>se,</span> 
     </span>
    </p>
   </div>
   <div class='ocr_carea' id='block_1_9' title="bbox 96 926 1707 1017">
    <p class='ocr_par' dir='ltr' id='par_1_9' title="bbox 96 926 1707 1017">
     <span class='ocr_line' id='line_1_9' title="bbox 96 926 1707 1017; baseline 0.014 -35"><span class='ocrx_word' id='word_1_55' title='bbox 96 926 365 1017; x_wconf 90' lang='lat' dir='ltr'>quidquid</span> <span class='ocrx_word' id='word_1_56' title='bbox 411 946 507 1002; x_wconf 89' lang='lat' dir='ltr'>per</span> <span class='ocrx_word' id='word_1_57' title='bbox 539 933 921 1003; x_wconf 75' lang='lat' dir='ltr'>praedicatores</span> <span class='ocrx_word' id='word_1_58' title='bbox 969 955 1096 997; x_wconf 90' lang='lat' dir='ltr'>suos</span> <span class='ocrx_word' id='word_1_59' title='bbox 1135 942 1402 1015; x_wconf 86' lang='lat' dir='ltr'>loquitur,</span> <span class='ocrx_word' id='word_1_60' title='bbox 1447 926 1592 1017; x_wconf 82' lang='lat' dir='ltr'>ignis</span> <span class='ocrx_word' id='word_1_61' title='bbox 1623 955 1707 1003; x_wconf 90' lang='lat' dir='ltr'>est</span> 
     </span>
    </p>
   </div>
   <div class='ocr_carea' id='block_1_10' title="bbox 97 1016 1704 1105">
    <p class='ocr_par' dir='ltr' id='par_1_10' title="bbox 97 1016 1704 1105">
     <span class='ocr_line' id='line_1_10' title="bbox 97 1016 1704 1105; baseline 0.013 -35"><span class='ocrx_word' id='word_1_62' title='bbox 97 1031 201 1087; x_wconf 91' lang='lat' dir='ltr'>quo</span> <span class='ocrx_word' id='word_1_63' title='bbox 230 1016 578 1076; x_wconf 83' lang='lat' dir='ltr'>infructuosa</span> <span class='ocrx_word' id='word_1_64' title='bbox 608 1022 755 1094; x_wconf 87' lang='lat' dir='ltr'>ligna</span> <span class='ocrx_word' id='word_1_65' title='bbox 779 1038 1221 1087; x_wconf 75' lang='lat' dir='ltr'>concrementur.</span> <span class='ocrx_word' id='word_1_66' title='bbox 1246 1032 1377 1105; x_wconf 86' lang='lat' dir='ltr'>Igne</span> <span class='ocrx_word' id='word_1_67' title='bbox 1392 1016 1576 1091; x_wconf 78' lang='lat' dir='ltr'>autem</span> <span class='ocrx_word' id='word_1_68' title='bbox 1600 1043 1704 1093; x_wconf 72' lang='lat' dir='ltr'>ter~</span> 
     </span>
    </p>
   </div>
   <div class='ocr_carea' id='block_1_11' title="bbox 98 1108 1707 1197">
    <p class='ocr_par' dir='ltr' id='par_1_11' title="bbox 98 1108 1707 1197">
     <span class='ocr_line' id='line_1_11' title="bbox 98 1108 1707 1197; baseline 0.014 -38"><span class='ocrx_word' id='word_1_69' title='bbox 98 1121 236 1161; x_wconf 84' lang='lat' dir='ltr'>renae</span> <span class='ocrx_word' id='word_1_70' title='bbox 266 1108 732 1180; x_wconf 69' lang='lat' dir='ltr'>concupiscentiae</span> <span class='ocrx_word' id='word_1_71' title='bbox 766 1129 958 1173; x_wconf 92' lang='lat' dir='ltr'>eorum</span> <span class='ocrx_word' id='word_1_72' title='bbox 989 1133 1144 1175; x_wconf 89' lang='lat' dir='ltr'>mens</span> <span class='ocrx_word' id='word_1_73' title='bbox 1172 1122 1437 1193; x_wconf 82' lang='lat' dir='ltr'>tangitur,</span> <span class='ocrx_word' id='word_1_74' title='bbox 1475 1126 1569 1197; x_wconf 92' lang='lat' dir='ltr'>qui</span> <span class='ocrx_word' id='word_1_75' title='bbox 1598 1142 1707 1181; x_wconf 92' lang='lat' dir='ltr'>ne-</span> 
     </span>
    </p>
   </div>
   <div class='ocr_carea' id='block_1_12' title="bbox 97 1196 1705 1280">
    <p class='ocr_par' dir='ltr' id='par_1_12' title="bbox 97 1196 1705 1280">
     <span class='ocr_line' id='line_1_12' title="bbox 97 1196 1705 1280; baseline 0.012 -32"><span class='ocrx_word' id='word_1_76' title='bbox 97 1209 367 1266; x_wconf 87' lang='lat' dir='ltr'>quaquam</span> <span class='ocrx_word' id='word_1_77' title='bbox 411 1196 535 1252; x_wconf 89' lang='lat' dir='ltr'>ﬁeri</span> <span class='ocrx_word' id='word_1_78' title='bbox 584 1200 821 1270; x_wconf 90' lang='lat' dir='ltr'>pretiosa</span> <span class='ocrx_word' id='word_1_79' title='bbox 867 1204 1089 1260; x_wconf 90' lang='lat' dir='ltr'>metalla</span> <span class='ocrx_word' id='word_1_80' title='bbox 1125 1196 1545 1280; x_wconf 82' lang='lat' dir='ltr'>concupiscunt.</span> <span class='ocrx_word' id='word_1_81' title='bbox 1599 1212 1705 1280; x_wconf 88' lang='lat' dir='ltr'>Qui</span> 
     </span>
    </p>
   </div>
   <div class='ocr_carea' id='block_1_13' title="bbox 96 1285 1714 1368">
    <p class='ocr_par' dir='ltr' id='par_1_13' title="bbox 96 1285 1714 1368">
     <span class='ocr_line' id='line_1_13' title="bbox 96 1285 1714 1368; baseline 0.013 -30"><span class='ocrx_word' id='word_1_82' title='bbox 96 1299 219 1355; x_wconf 90' lang='lat' dir='ltr'>ergo</span> <span class='ocrx_word' id='word_1_83' title='bbox 248 1285 362 1340; x_wconf 90' lang='lat' dir='ltr'>oris</span> <span class='ocrx_word' id='word_1_84' title='bbox 390 1285 512 1359; x_wconf 88' lang='lat' dir='ltr'>ejus</span> <span class='ocrx_word' id='word_1_85' title='bbox 540 1304 653 1344; x_wconf 89' lang='lat' dir='ltr'>non</span> <span class='ocrx_word' id='word_1_86' title='bbox 684 1290 806 1346; x_wconf 85' lang='lat' dir='ltr'>vult</span> <span class='ocrx_word' id='word_1_87' title='bbox 834 1290 1057 1349; x_wconf 88' lang='lat' dir='ltr'>flamma</span> <span class='ocrx_word' id='word_1_88' title='bbox 1083 1294 1249 1365; x_wconf 82' lang='lat' dir='ltr'>afﬁci,</span> <span class='ocrx_word' id='word_1_89' title='bbox 1275 1296 1438 1368; x_wconf 82' lang='lat' dir='ltr'>juxta</span> <span class='ocrx_word' id='word_1_90' title='bbox 1466 1299 1714 1358; x_wconf 88' lang='lat' dir='ltr'>doctoris</span> 
     </span>
    </p>
   </div>
   <div class='ocr_carea' id='block_1_14' title="bbox 1816 595 3419 673">
    <p class='ocr_par' dir='ltr' id='par_1_14' title="bbox 1816 595 3419 673">
     <span class='ocr_line' id='line_1_14' title="bbox 1816 595 3419 673; baseline 0.014 -30"><span class='ocrx_word' id='word_1_91' title='bbox 1816 603 2033 659; x_wconf 89' lang='lat' dir='ltr'>aurum,</span> <span class='ocrx_word' id='word_1_92' title='bbox 2078 600 2386 664; x_wconf 86' lang='lat' dir='ltr'>argentum,</span> <span class='ocrx_word' id='word_1_93' title='bbox 2419 603 2472 652; x_wconf 92' lang='lat' dir='ltr'>et</span> <span class='ocrx_word' id='word_1_94' title='bbox 2511 595 2784 669; x_wconf 88' lang='lat' dir='ltr'>pretiosus</span> <span class='ocrx_word' id='word_1_95' title='bbox 2826 599 2966 673; x_wconf 86' lang='lat' dir='ltr'>lapis</span> <span class='ocrx_word' id='word_1_96' title='bbox 2994 612 3149 662; x_wconf 90' lang='lat' dir='ltr'>curet</span> <span class='ocrx_word' id='word_1_97' title='bbox 3178 607 3419 667; x_wconf 83' lang='lat' dir='ltr'>inveniri</span> 
     </span>
    </p>
   </div>
   <div class='ocr_carea' id='block_1_15' title="bbox 1819 676 3421 761">
    <p class='ocr_par' dir='ltr' id='par_1_15' title="bbox 1819 676 3421 761">
     <span class='ocr_line' id='line_1_15' title="bbox 1819 676 3421 761; baseline 0.016 -27"><span class='ocrx_word' id='word_1_98' title='bbox 1819 676 1877 749; x_wconf 88' lang='grc' dir='ltr'>(Ι</span> <span class='ocrx_word' id='word_1_99' title='bbox 1905 680 2032 736; x_wconf 84' lang='lat' dir='ltr'>Cor.</span> <span class='ocrx_word' id='word_1_100' title='bbox 2061 698 2144 749; x_wconf 80' lang='grc' dir='ltr'>ιη,</span> <span class='ocrx_word' id='word_1_101' title='bbox 2181 682 2295 754; x_wconf 79' lang='grc'>12),</span> <span class='ocrx_word' id='word_1_102' title='bbox 2326 684 2455 758; x_wconf 89' lang='lat' dir='ltr'>quia</span> <span class='ocrx_word' id='word_1_103' title='bbox 2486 693 2639 743; x_wconf 89' lang='lat' dir='ltr'>tanto</span> <span class='ocrx_word' id='word_1_104' title='bbox 2670 688 2813 761; x_wconf 87' lang='lat' dir='ltr'>ignis</span> <span class='ocrx_word' id='word_1_105' title='bbox 2840 695 3113 753; x_wconf 86' lang='lat' dir='ltr'>suasionis</span> <span class='ocrx_word' id='word_1_106' title='bbox 3136 697 3288 758; x_wconf 89' lang='lat' dir='ltr'>illius</span> <span class='ocrx_word' id='word_1_107' title='bbox 3308 718 3421 760; x_wconf 86' lang='lat' dir='ltr'>am-</span> 
     </span>
    </p>
   </div>
   <div class='ocr_carea' id='block_1_16' title="bbox 1815 767 3423 849">
    <p class='ocr_par' dir='ltr' id='par_1_16' title="bbox 1815 767 3423 849">
     <span class='ocr_line' id='line_1_16' title="bbox 1815 767 3423 849; baseline 0.019 -29"><span class='ocrx_word' id='word_1_108' title='bbox 1815 767 1961 838; x_wconf 89' lang='lat' dir='ltr'>plius</span> <span class='ocrx_word' id='word_1_109' title='bbox 1991 769 2258 840; x_wconf 89' lang='lat' dir='ltr'>incendit,</span> <span class='ocrx_word' id='word_1_110' title='bbox 2290 783 2496 846; x_wconf 93' lang='lat' dir='ltr'>quanto</span> <span class='ocrx_word' id='word_1_111' title='bbox 2525 793 2581 833; x_wconf 91' lang='lat' dir='ltr'>se</span> <span class='ocrx_word' id='word_1_112' title='bbox 2610 777 2658 833; x_wconf 93' lang='lat' dir='ltr'>ei</span> <span class='ocrx_word' id='word_1_113' title='bbox 2688 778 2756 835; x_wconf 92' lang='lat' dir='ltr'>ad</span> <span class='ocrx_word' id='word_1_114' title='bbox 2787 784 3241 846; x_wconf 91' lang='lat' dir='ltr'>consentiendum</span> <span class='ocrx_word' id='word_1_115' title='bbox 3271 793 3423 849; x_wconf 91' lang='lat' dir='ltr'>mol-</span> 
     </span>
    </p>
   </div>
   <div class='ocr_carea' id='block_1_17' title="bbox 1817 856 3423 945">
    <p class='ocr_par' dir='ltr' id='par_1_17' title="bbox 1817 856 3423 945">
     <span class='ocr_line' id='line_1_17' title="bbox 1817 856 3423 945; baseline 0.017 -34"><span class='ocrx_word' id='word_1_116' title='bbox 1817 856 2011 914; x_wconf 92' lang='lat' dir='ltr'>liorem</span> <span class='ocrx_word' id='word_1_117' title='bbox 2052 860 2284 934; x_wconf 89' lang='lat' dir='ltr'>quisque</span> <span class='ocrx_word' id='word_1_118' title='bbox 2332 864 2645 936; x_wconf 80' lang='lat' dir='ltr'>praebuerit.</span> <span class='ocrx_word' id='word_1_119' title='bbox 2703 868 2809 926; x_wconf 92' lang='lat' dir='ltr'>Sed</span> <span class='ocrx_word' id='word_1_120' title='bbox 2841 872 2971 945; x_wconf 89' lang='lat' dir='ltr'>quia</span> <span class='ocrx_word' id='word_1_121' title='bbox 3014 877 3167 934; x_wconf 88' lang='lat' dir='ltr'>nulla</span> <span class='ocrx_word' id='word_1_122' title='bbox 3211 880 3423 939; x_wconf 88' lang='lat' dir='ltr'>ratione</span> 
     </span>
    </p>
   </div>
   <div class='ocr_carea' id='block_1_18' title="bbox 1816 947 3426 1043">
    <p class='ocr_par' dir='ltr' id='par_1_18' title="bbox 1816 947 3426 1043">
     <span class='ocr_line' id='line_1_18' title="bbox 1816 947 3426 1043; baseline 0.017 -43"><span class='ocrx_word' id='word_1_123' title='bbox 1816 947 2140 1005; x_wconf 88' lang='lat' dir='ltr'>conceditur</span> <span class='ocrx_word' id='word_1_124' title='bbox 2167 958 2229 1006; x_wconf 92' lang='lat' dir='ltr'>ut</span> <span class='ocrx_word' id='word_1_125' title='bbox 2265 968 2419 1009; x_wconf 91' lang='lat' dir='ltr'>mens</span> <span class='ocrx_word' id='word_1_126' title='bbox 2449 955 2507 1010; x_wconf 92' lang='lat' dir='ltr'>in</span> <span class='ocrx_word' id='word_1_127' title='bbox 2542 954 2647 1013; x_wconf 91' lang='lat' dir='ltr'>hac</span> <span class='ocrx_word' id='word_1_128' title='bbox 2675 961 3029 1034; x_wconf 89' lang='lat' dir='ltr'>corruptibili</span> <span class='ocrx_word' id='word_1_129' title='bbox 3059 982 3221 1024; x_wconf 89' lang='lat' dir='ltr'>carne</span> <span class='ocrx_word' id='word_1_130' title='bbox 3250 969 3426 1043; x_wconf 86' lang='lat' dir='ltr'>posita</span> 
     </span>
    </p>
   </div>
   <div class='ocr_carea' id='block_1_19' title="bbox 1818 1044 3427 1129">
    <p class='ocr_par' dir='ltr' id='par_1_19' title="bbox 1818 1044 3427 1129">
     <span class='ocr_line' id='line_1_19' title="bbox 1818 1044 3427 1129; baseline 0.017 -38"><span class='ocrx_word' id='word_1_131' title='bbox 1818 1051 2164 1111; x_wconf 87' lang='lat' dir='ltr'>nequaquam</span> <span class='ocrx_word' id='word_1_132' title='bbox 2199 1044 2473 1102; x_wconf 90' lang='lat' dir='ltr'>suasionis</span> <span class='ocrx_word' id='word_1_133' title='bbox 2520 1045 2673 1104; x_wconf 89' lang='lat' dir='ltr'>illius</span> <span class='ocrx_word' id='word_1_134' title='bbox 2710 1049 2905 1109; x_wconf 89' lang='lat' dir='ltr'>ardore</span> <span class='ocrx_word' id='word_1_135' title='bbox 2943 1060 3219 1129; x_wconf 81' lang='lat' dir='ltr'>tangatur,</span> <span class='ocrx_word' id='word_1_136' title='bbox 3259 1067 3427 1118; x_wconf 88' lang='lat' dir='ltr'>restat</span> 
     </span>
    </p>
   </div>
   <div class='ocr_carea' id='block_1_20' title="bbox 1816 1129 3427 1222">
    <p class='ocr_par' dir='ltr' id='par_1_20' title="bbox 1816 1129 3427 1222">
     <span class='ocr_line' id='line_1_20' title="bbox 1816 1129 3427 1222; baseline 0.018 -42"><span class='ocrx_word' id='word_1_137' title='bbox 1816 1134 1879 1182; x_wconf 93' lang='lat' dir='ltr'>ut</span> <span class='ocrx_word' id='word_1_138' title='bbox 1927 1129 2185 1202; x_wconf 86' lang='lat' dir='ltr'>malignis</span> <span class='ocrx_word' id='word_1_139' title='bbox 2230 1131 2451 1190; x_wconf 87' lang='lat' dir='ltr'>ﬂatibus</span> <span class='ocrx_word' id='word_1_140' title='bbox 2493 1135 2708 1208; x_wconf 87' lang='lat' dir='ltr'>adusta,</span> <span class='ocrx_word' id='word_1_141' title='bbox 2755 1139 2823 1196; x_wconf 89' lang='lat' dir='ltr'>ad</span> <span class='ocrx_word' id='word_1_142' title='bbox 2866 1146 3133 1205; x_wconf 89' lang='lat' dir='ltr'>orationis</span> <span class='ocrx_word' id='word_1_143' title='bbox 3173 1164 3333 1222; x_wconf 88' lang='lat' dir='ltr'>opem</span> <span class='ocrx_word' id='word_1_144' title='bbox 3369 1164 3427 1208; x_wconf 86' lang='lat' dir='ltr'>se</span> 
     </span>
    </p>
   </div>
   <div class='ocr_carea' id='block_1_21' title="bbox 1824 1215 3428 1315">
    <p class='ocr_par' dir='ltr' id='par_1_21' title="bbox 1824 1215 3428 1315">
     <span class='ocr_line' id='line_1_21' title="bbox 1824 1215 3428 1315; baseline 0.018 -44"><span class='ocrx_word' id='word_1_145' title='bbox 1824 1215 1943 1272; x_wconf 88' lang='lat' dir='ltr'>sine</span> <span class='ocrx_word' id='word_1_146' title='bbox 1968 1220 2271 1278; x_wconf 90' lang='lat' dir='ltr'>cessatione</span> <span class='ocrx_word' id='word_1_147' title='bbox 2300 1232 2605 1283; x_wconf 88' lang='lat' dir='ltr'>convertat.</span> <span class='ocrx_word' id='word_1_148' title='bbox 2650 1228 2953 1289; x_wconf 87' lang='lat' dir='ltr'>Flammam</span> <span class='ocrx_word' id='word_1_149' title='bbox 2997 1215 3428 1315; x_wconf 47' lang='lat' dir='ltr'>quippe-sugge—</span> 
     </span>
    </p>
   </div>
   <div class='ocr_carea' id='block_1_22' title="bbox 1821 1305 3351 1399">
    <p class='ocr_par' dir='ltr' id='par_1_22' title="bbox 1821 1305 3351 1399">
     <span class='ocr_line' id='line_1_22' title="bbox 1821 1305 3351 1399; baseline 0.019 -39"><span class='ocrx_word' id='word_1_150' title='bbox 1821 1305 2069 1364; x_wconf 89' lang='lat' dir='ltr'>stionum</span> <span class='ocrx_word' id='word_1_151' title='bbox 2104 1310 2256 1368; x_wconf 91' lang='lat' dir='ltr'>illius</span> <span class='ocrx_word' id='word_1_152' title='bbox 2284 1313 2591 1388; x_wconf 82' lang='lat' dir='ltr'>exstinguit</span> <span class='ocrx_word' id='word_1_153' title='bbox 2609 1316 2772 1376; x_wconf 89' lang='lat' dir='ltr'>citius</span> <span class='ocrx_word' id='word_1_154' title='bbox 2793 1320 2941 1379; x_wconf 87' lang='lat' dir='ltr'>unda</span> <span class='ocrx_word' id='word_1_155' title='bbox 2962 1305 3351 1399; x_wconf 48' lang='lat' dir='ltr'>lacrimarum:</span> 
     </span>
    </p>
   </div>
   <div class='ocr_carea' id='block_1_23' title="bbox 104 1416 3392 1477">
    <p class='ocr_par' dir='ltr' id='par_1_23' title="bbox 104 1416 3392 1477">
     <span class='ocr_line' id='line_1_23' title="bbox 104 1416 3392 1477; baseline 0.008 -50"><span class='ocrx_word' id='word_1_156' title='bbox 104 1416 3392 1477; x_wconf 37' lang='lat' dir='ltr'>“MN</span> 
     </span>
    </p>
   </div>
   <div class='ocr_carea' id='block_1_24' title="bbox 852 1580 1987 1675">
    <p class='ocr_par' dir='ltr' id='par_1_24' title="bbox 852 1580 1987 1675">
     <span class='ocr_line' id='line_1_24' title="bbox 852 1580 1987 1675; baseline 0.011 -11"><span class='ocrx_word' id='word_1_157' title='bbox 852 1580 1192 1667; x_wconf 82' lang='lat' dir='ltr'><strong>LIBER</strong></span> <span class='ocrx_word' id='word_1_158' title='bbox 1297 1583 1987 1675; x_wconf 87' lang='lat' dir='ltr'>TRIGESIMUS</span> 
     </span>
    </p>
   </div>
   <div class='ocr_carea' id='block_1_25' title="bbox 2100 1589 2657 1692">
    <p class='ocr_par' dir='ltr' id='par_1_25' title="bbox 2100 1589 2657 1692">
     <span class='ocr_line' id='line_1_25' title="bbox 2100 1589 2657 1692; baseline 0.018 -14"><span class='ocrx_word' id='word_1_159' title='bbox 2100 1589 2657 1692; x_wconf 84' lang='lat' dir='ltr'>QUARTUS.</span> 
     </span>
    </p>
   </div>
   <div class='ocr_carea' id='block_1_26' title="bbox 96 1731 3424 1839">
    <p class='ocr_par' dir='ltr' id='par_1_26' title="bbox 96 1731 3424 1839">
     <span class='ocr_line' id='line_1_26' title="bbox 96 1731 3424 1839; baseline 0.011 -43"><span class='ocrx_word' id='word_1_160' title='bbox 96 1731 465 1817; x_wconf 67' lang='lat' dir='ltr'>[imponitur</span> <span class='ocrx_word' id='word_1_161' title='bbox 492 1735 726 1817; x_wconf 79' lang='lat' dir='ltr'>capitis</span> <span class='ocrx_word' id='word_1_162' title='bbox 753 1756 852 1802; x_wconf 78' lang='lat' dir='ltr'>xu</span> <span class='ocrx_word' id='word_1_163' title='bbox 883 1756 1109 1803; x_wconf 85' lang='lat' dir='ltr'>versus</span> <span class='ocrx_word' id='word_1_164' title='bbox 1140 1742 1211 1805; x_wconf 86' lang='lat' dir='ltr'>l3</span> <span class='ocrx_word' id='word_1_165' title='bbox 1240 1760 1394 1839; x_wconf 78' lang='lat' dir='ltr'>cum</span> <span class='ocrx_word' id='word_1_166' title='bbox 1414 1743 1717 1839; x_wconf 52' lang='lat' dir='ltr'>reliquis,</span> <span class='ocrx_word' id='word_1_167' title='bbox 1738 1746 1830 1839; x_wconf 65' lang='lat' dir='ltr'>de</span> <span class='ocrx_word' id='word_1_168' title='bbox 1852 1748 2103 1839; x_wconf 86' lang='lat' dir='ltr'>diaboli</span> <span class='ocrx_word' id='word_1_169' title='bbox 2120 1757 2485 1839; x_wconf 46' lang='lat' dir='ltr'>praesertim</span> <span class='ocrx_word' id='word_1_170' title='bbox 2511 1761 2820 1839; x_wconf 77' lang='lat' dir='ltr'>superbia</span> <span class='ocrx_word' id='word_1_171' title='bbox 2847 1770 2911 1828; x_wconf 91' lang='lat' dir='ltr'>et</span> <span class='ocrx_word' id='word_1_172' title='bbox 2938 1768 3329 1833; x_wconf 64' lang='lat' dir='ltr'>saevissimis</span> <span class='ocrx_word' id='word_1_173' title='bbox 3347 1769 3424 1834; x_wconf 84' lang='lat' dir='ltr'>in</span> 
     </span>
    </p>
   </div>
   <div class='ocr_carea' id='block_1_27' title="bbox 1098 1825 2385 1909">
    <p class='ocr_par' dir='ltr' id='par_1_27' title="bbox 1098 1825 2385 1909">
     <span class='ocr_line' id='line_1_27' title="bbox 1098 1825 2385 1909; baseline 0.012 -26"><span class='ocrx_word' id='word_1_174' title='bbox 1098 1830 1359 1885; x_wconf 88' lang='lat' dir='ltr'>sanctos</span> <span class='ocrx_word' id='word_1_175' title='bbox 1386 1825 1779 1890; x_wconf 79' lang='lat' dir='ltr'>Antichristi</span> <span class='ocrx_word' id='word_1_176' title='bbox 1802 1825 2385 1909; x_wconf 83' lang='lat' dir='ltr'>persecutionibus.</span> 
     </span>
    </p>
   </div>
   <div class='ocr_carea' id='block_1_28' title="bbox 614 1951 1183 2013">
    <p class='ocr_par' dir='ltr' id='par_1_28' title="bbox 614 1951 1183 2013">
     <span class='ocr_line' id='line_1_28' title="bbox 614 1951 1183 2013; baseline 0.009 -4"><span class='ocrx_word' id='word_1_177' title='bbox 614 1951 849 2010; x_wconf 85' lang='lat' dir='ltr'>CAPUT</span> <span class='ocrx_word' id='word_1_178' title='bbox 888 1953 1183 2013; x_wconf 83' lang='lat' dir='ltr'>PRIMUM.</span> 
     </span>
    </p>
   </div>
   <div class='ocr_carea' id='block_1_29' title="bbox 168 2066 1710 2149">
    <p class='ocr_par' dir='ltr' id='par_1_29' title="bbox 168 2066 1710 2149">
     <span class='ocr_line' id='line_1_29' title="bbox 168 2066 1710 2149; baseline 0.006 -26"><span class='ocrx_word' id='word_1_179' title='bbox 168 2066 216 2123; x_wconf 81' lang='grc'>1.</span> <span class='ocrx_word' id='word_1_180' title='bbox 251 2066 546 2125; x_wconf 82' lang='lat' dir='ltr'>Senescente</span> <span class='ocrx_word' id='word_1_181' title='bbox 582 2070 802 2138; x_wconf 84' lang='lat' dir='ltr'>mundo,</span> <span class='ocrx_word' id='word_1_182' title='bbox 836 2071 1203 2129; x_wconf 85' lang='lat' dir='ltr'>tribulationes</span> <span class='ocrx_word' id='word_1_183' title='bbox 1243 2090 1361 2130; x_wconf 88' lang='lat' dir='ltr'>cum</span> <span class='ocrx_word' id='word_1_184' title='bbox 1390 2074 1710 2149; x_wconf 81' lang='lat' dir='ltr'>temporibus</span> 
     </span>
    </p>
   </div>
   <div class='ocr_carea' id='block_1_30' title="bbox 95 2158 1711 2239">
    <p class='ocr_par' dir='ltr' id='par_1_30' title="bbox 95 2158 1711 2239">
     <span class='ocr_line' id='line_1_30' title="bbox 95 2158 1711 2239; baseline 0.007 -28"><span class='ocrx_word' id='word_1_185' title='bbox 95 2164 346 2214; x_wconf 81' lang='lat' dir='ltr'>crescunt.</span> <span class='ocrx_word' id='word_1_186' title='bbox 380 2158 638 2216; x_wconf 84' lang='lat' dir='ltr'>Diabolus</span> <span class='ocrx_word' id='word_1_187' title='bbox 684 2166 827 2217; x_wconf 89' lang='lat' dir='ltr'>tanto</span> <span class='ocrx_word' id='word_1_188' title='bbox 872 2162 1053 2218; x_wconf 86' lang='lat' dir='ltr'>acrius</span> <span class='ocrx_word' id='word_1_189' title='bbox 1095 2164 1260 2233; x_wconf 68' lang='lat' dir='ltr'>saevit,</span> <span class='ocrx_word' id='word_1_190' title='bbox 1305 2172 1502 2237; x_wconf 86' lang='lat' dir='ltr'>quanto</span> <span class='ocrx_word' id='word_1_191' title='bbox 1540 2184 1711 2239; x_wconf 64' lang='lat' dir='ltr'>preme</span> 
     </span>
    </p>
   </div>
   <div class='ocr_carea' id='block_1_31' title="bbox 94 2248 1711 2321">
    <p class='ocr_par' dir='ltr' id='par_1_31' title="bbox 94 2248 1711 2321">
     <span class='ocr_line' id='line_1_31' title="bbox 94 2248 1711 2321; baseline 0.007 -20"><span class='ocrx_word' id='word_1_192' title='bbox 94 2248 534 2304; x_wconf 81' lang='lat' dir='ltr'>consummationi</span> <span class='ocrx_word' id='word_1_193' title='bbox 567 2256 642 2305; x_wconf 90' lang='lat' dir='ltr'>est</span> <span class='ocrx_word' id='word_1_194' title='bbox 682 2250 927 2307; x_wconf 79' lang='lat' dir='ltr'>vicinior.</span> <span class='ocrx_word' id='word_1_195' title='bbox 961 2283 1031 2293; x_wconf 95' lang='lat'><strong><em>—</em></strong></span> <span class='ocrx_word' id='word_1_196' title='bbox 1077 2252 1218 2321; x_wconf 88' lang='lat' dir='ltr'>Quia</span> <span class='ocrx_word' id='word_1_197' title='bbox 1263 2270 1333 2311; x_wconf 85' lang='lat' dir='ltr'>ex</span> <span class='ocrx_word' id='word_1_198' title='bbox 1362 2254 1469 2313; x_wconf 88' lang='lat' dir='ltr'>hoc</span> <span class='ocrx_word' id='word_1_199' title='bbox 1497 2256 1711 2314; x_wconf 87' lang='lat' dir='ltr'>mundo</span> 
     </span>
    </p>
   </div>
   <div class='ocr_carea' id='block_1_32' title="bbox 94 2338 1712 2421">
    <p class='ocr_par' dir='ltr' id='par_1_32' title="bbox 94 2338 1712 2421">
     <span class='ocr_line' id='line_1_32' title="bbox 94 2338 1712 2421; baseline 0.008 -30"><span class='ocrx_word' id='word_1_200' title='bbox 94 2352 293 2409; x_wconf 90' lang='lat' dir='ltr'>corpus</span> <span class='ocrx_word' id='word_1_201' title='bbox 323 2338 586 2410; x_wconf 87' lang='lat' dir='ltr'>gerimus,</span> <span class='ocrx_word' id='word_1_202' title='bbox 618 2340 998 2399; x_wconf 86' lang='lat' dir='ltr'>universitatis</span> <span class='ocrx_word' id='word_1_203' title='bbox 1027 2344 1328 2401; x_wconf 88' lang='lat' dir='ltr'>terminum</span> <span class='ocrx_word' id='word_1_204' title='bbox 1360 2346 1374 2380; x_wconf 86' lang='grc'>¹</span> <span class='ocrx_word' id='word_1_205' title='bbox 1408 2359 1477 2403; x_wconf 86' lang='lat' dir='ltr'>ex</span> <span class='ocrx_word' id='word_1_206' title='bbox 1505 2364 1569 2403; x_wconf 88' lang='lat' dir='ltr'>ea</span> <span class='ocrx_word' id='word_1_207' title='bbox 1600 2364 1712 2421; x_wconf 89' lang='lat' dir='ltr'>qua</span> 
     </span>
    </p>
   </div>
   <div class='ocr_carea' id='block_1_33' title="bbox 94 2430 1711 2509">
    <p class='ocr_par' dir='ltr' id='par_1_33' title="bbox 94 2430 1711 2509">
     <span class='ocr_line' id='line_1_33' title="bbox 94 2430 1711 2509; baseline 0.007 -27"><span class='ocrx_word' id='word_1_208' title='bbox 94 2442 193 2482; x_wconf 89' lang='lat' dir='ltr'>nos</span> <span class='ocrx_word' id='word_1_209' title='bbox 221 2443 415 2484; x_wconf 90' lang='lat' dir='ltr'>sumus</span> <span class='ocrx_word' id='word_1_210' title='bbox 459 2437 612 2502; x_wconf 89' lang='lat' dir='ltr'>parte</span> <span class='ocrx_word' id='word_1_211' title='bbox 641 2447 950 2503; x_wconf 90' lang='lat' dir='ltr'>pensemus.</span> <span class='ocrx_word' id='word_1_212' title='bbox 985 2430 1163 2490; x_wconf 89' lang='lat' dir='ltr'>Citius</span> <span class='ocrx_word' id='word_1_213' title='bbox 1193 2434 1396 2507; x_wconf 91' lang='lat' dir='ltr'>quippe</span> <span class='ocrx_word' id='word_1_214' title='bbox 1428 2437 1609 2509; x_wconf 89' lang='lat' dir='ltr'>qualis</span> <span class='ocrx_word' id='word_1_215' title='bbox 1638 2438 1711 2494; x_wconf 90' lang='lat' dir='ltr'>sit</span> 
     </span>
    </p>
   </div>
   <div class='ocr_carea' id='block_1_34' title="bbox 92 2514 1714 2597">
    <p class='ocr_par' dir='ltr' id='par_1_34' title="bbox 92 2514 1714 2597">
     <span class='ocr_line' id='line_1_34' title="bbox 92 2514 1714 2597; baseline 0.009 -28"><span class='ocrx_word' id='word_1_216' title='bbox 92 2514 290 2572; x_wconf 91' lang='lat' dir='ltr'>mundi</span> <span class='ocrx_word' id='word_1_217' title='bbox 336 2516 464 2573; x_wconf 90' lang='lat' dir='ltr'>finis</span> <span class='ocrx_word' id='word_1_218' title='bbox 496 2520 864 2591; x_wconf 87' lang='lat' dir='ltr'>agnoscimus,</span> <span class='ocrx_word' id='word_1_219' title='bbox 896 2521 942 2577; x_wconf 90' lang='lat' dir='ltr'>si</span> <span class='ocrx_word' id='word_1_220' title='bbox 990 2522 1228 2579; x_wconf 90' lang='lat' dir='ltr'>sollicite</span> <span class='ocrx_word' id='word_1_221' title='bbox 1267 2525 1566 2597; x_wconf 85' lang='lat' dir='ltr'>aspicimus</span> <span class='ocrx_word' id='word_1_222' title='bbox 1605 2525 1714 2584; x_wconf 91' lang='lat' dir='ltr'>hoc</span> 
     </span>
    </p>
   </div>
   <div class='ocr_carea' id='block_1_35' title="bbox 94 2603 1714 2687">
    <p class='ocr_par' dir='ltr' id='par_1_35' title="bbox 94 2603 1714 2687">
     <span class='ocr_line' id='line_1_35' title="bbox 94 2603 1714 2687; baseline 0.007 -28"><span class='ocrx_word' id='word_1_223' title='bbox 94 2603 243 2677; x_wconf 91' lang='lat' dir='ltr'>quod</span> <span class='ocrx_word' id='word_1_224' title='bbox 291 2604 358 2661; x_wconf 91' lang='lat' dir='ltr'>de</span> <span class='ocrx_word' id='word_1_225' title='bbox 390 2608 598 2663; x_wconf 91' lang='lat' dir='ltr'>mundo</span> <span class='ocrx_word' id='word_1_226' title='bbox 628 2617 919 2681; x_wconf 87' lang='lat' dir='ltr'>gestamus.</span> <span class='ocrx_word' id='word_1_227' title='bbox 965 2611 1122 2667; x_wconf 63' lang='lat' dir='ltr'>jEtas</span> <span class='ocrx_word' id='word_1_228' title='bbox 1160 2612 1365 2667; x_wconf 87' lang='lat' dir='ltr'>etenim</span> <span class='ocrx_word' id='word_1_229' title='bbox 1396 2621 1584 2671; x_wconf 90' lang='lat' dir='ltr'>nostra</span> <span class='ocrx_word' id='word_1_230' title='bbox 1616 2631 1714 2687; x_wconf 88' lang='lat' dir='ltr'>per</span> 
     </span>
    </p>
   </div>
   <div class='ocr_carea' id='block_1_36' title="bbox 88 2691 1710 2772">
    <p class='ocr_par' dir='ltr' id='par_1_36' title="bbox 88 2691 1710 2772">
     <span class='ocr_line' id='line_1_36' title="bbox 88 2691 1710 2772; baseline 0.009 -25"><span class='ocrx_word' id='word_1_231' title='bbox 88 2691 381 2765; x_wconf 90' lang='lat' dir='ltr'>juveniles</span> <span class='ocrx_word' id='word_1_232' title='bbox 411 2712 586 2752; x_wconf 89' lang='lat' dir='ltr'>annos</span> <span class='ocrx_word' id='word_1_233' title='bbox 615 2698 895 2756; x_wconf 88' lang='lat' dir='ltr'>robustius</span> <span class='ocrx_word' id='word_1_234' title='bbox 915 2700 1084 2772; x_wconf 87' lang='lat' dir='ltr'>viget,</span> <span class='ocrx_word' id='word_1_235' title='bbox 1107 2702 1164 2757; x_wconf 91' lang='lat' dir='ltr'>in</span> <span class='ocrx_word' id='word_1_236' title='bbox 1185 2700 1347 2757; x_wconf 89' lang='lat' dir='ltr'>senili</span> <span class='ocrx_word' id='word_1_237' title='bbox 1368 2709 1551 2758; x_wconf 89' lang='lat' dir='ltr'>autem</span> <span class='ocrx_word' id='word_1_238' title='bbox 1574 2710 1710 2760; x_wconf 89' lang='lat' dir='ltr'>tem-</span> 
     </span>
    </p>
   </div>
   <div class='ocr_carea' id='block_1_37' title="bbox 93 2784 1711 2863">
    <p class='ocr_par' dir='ltr' id='par_1_37' title="bbox 93 2784 1711 2863">
     <span class='ocr_line' id='line_1_37' title="bbox 93 2784 1711 2863; baseline 0.007 -25"><span class='ocrx_word' id='word_1_239' title='bbox 93 2799 226 2855; x_wconf 91' lang='lat' dir='ltr'>pore</span> <span class='ocrx_word' id='word_1_240' title='bbox 285 2784 762 2843; x_wconf 84' lang='lat' dir='ltr'>crebrescentibus</span> <span class='ocrx_word' id='word_1_241' title='bbox 808 2788 1016 2845; x_wconf 89' lang='lat' dir='ltr'>morbis</span> <span class='ocrx_word' id='word_1_242' title='bbox 1072 2791 1441 2863; x_wconf 83' lang='lat' dir='ltr'>excoquitur;</span> <span class='ocrx_word' id='word_1_243' title='bbox 1496 2802 1550 2850; x_wconf 89' lang='lat' dir='ltr'>et</span> <span class='ocrx_word' id='word_1_244' title='bbox 1578 2793 1711 2850; x_wconf 91' lang='lat' dir='ltr'>dum</span> 
     </span>
    </p>
   </div>
   <div class='ocr_carea' id='block_1_38' title="bbox 91 2871 1711 2955">
    <p class='ocr_par' dir='ltr' id='par_1_38' title="bbox 91 2871 1711 2955">
     <span class='ocr_line' id='line_1_38' title="bbox 91 2871 1711 2955; baseline 0.007 -28"><span class='ocrx_word' id='word_1_245' title='bbox 91 2871 310 2929; x_wconf 89' lang='lat' dir='ltr'>diutius</span> <span class='ocrx_word' id='word_1_246' title='bbox 341 2872 681 2930; x_wconf 89' lang='lat' dir='ltr'>distenditur</span> <span class='ocrx_word' id='word_1_247' title='bbox 708 2882 771 2931; x_wconf 91' lang='lat' dir='ltr'>ut</span> <span class='ocrx_word' id='word_1_248' title='bbox 802 2876 1087 2947; x_wconf 87' lang='lat' dir='ltr'>subsistat,</span> <span class='ocrx_word' id='word_1_249' title='bbox 1119 2879 1397 2936; x_wconf 88' lang='lat' dir='ltr'>moriendi</span> <span class='ocrx_word' id='word_1_250' title='bbox 1428 2881 1549 2938; x_wconf 90' lang='lat' dir='ltr'>vice</span> <span class='ocrx_word' id='word_1_251' title='bbox 1579 2899 1711 2955; x_wconf 83' lang='lat' dir='ltr'>quo-</span> 
     </span>
    </p>
   </div>
   <div class='ocr_carea' id='block_1_39' title="bbox 94 2960 1713 3035">
    <p class='ocr_par' dir='ltr' id='par_1_39' title="bbox 94 2960 1713 3035">
     <span class='ocr_line' id='line_1_39' title="bbox 94 2960 1713 3035; baseline 0.006 -17"><span class='ocrx_word' id='word_1_252' title='bbox 94 2960 227 3018; x_wconf 89' lang='lat' dir='ltr'>tidie</span> <span class='ocrx_word' id='word_1_253' title='bbox 259 2961 449 3019; x_wconf 88' lang='lat' dir='ltr'>deficit</span> <span class='ocrx_word' id='word_1_254' title='bbox 481 2979 578 3035; x_wconf 93' lang='lat' dir='ltr'>per</span> <span class='ocrx_word' id='word_1_255' title='bbox 609 2975 886 3023; x_wconf 87' lang='lat' dir='ltr'>momenta</span> <span class='ocrx_word' id='word_1_256' title='bbox 912 2966 1164 3025; x_wconf 80' lang='lat' dir='ltr'>vivendi.</span> <span class='ocrx_word' id='word_1_257' title='bbox 1197 2969 1278 3024; x_wconf 86' lang='lat' dir='ltr'>Ita</span> <span class='ocrx_word' id='word_1_258' title='bbox 1316 2969 1482 3026; x_wconf 89' lang='lat' dir='ltr'>etiam</span> <span class='ocrx_word' id='word_1_259' title='bbox 1516 2970 1713 3027; x_wconf 90' lang='lat' dir='ltr'>mundi</span> 
     </span>
    </p>
   </div>
   <div class='ocr_carea' id='block_1_40' title="bbox 93 3050 1712 3131">
    <p class='ocr_par' dir='ltr' id='par_1_40' title="bbox 93 3050 1712 3131">
     <span class='ocr_line' id='line_1_40' title="bbox 93 3050 1712 3131; baseline 0.006 -24"><span class='ocrx_word' id='word_1_260' title='bbox 93 3060 316 3124; x_wconf 87' lang='lat' dir='ltr'>tempus</span> <span class='ocrx_word' id='word_1_261' title='bbox 360 3050 492 3107; x_wconf 89' lang='lat' dir='ltr'>dum</span> <span class='ocrx_word' id='word_1_262' title='bbox 541 3053 890 3112; x_wconf 75' lang='lat' dir='ltr'>venientibus</span> <span class='ocrx_word' id='word_1_263' title='bbox 938 3057 1096 3114; x_wconf 90' lang='lat' dir='ltr'>annis</span> <span class='ocrx_word' id='word_1_264' title='bbox 1146 3067 1394 3131; x_wconf 89' lang='lat' dir='ltr'>augetur,</span> <span class='ocrx_word' id='word_1_265' title='bbox 1447 3062 1468 3095; x_wconf 78' lang='grc'>³</span> <span class='ocrx_word' id='word_1_266' title='bbox 1500 3060 1712 3117; x_wconf 85' lang='lat' dir='ltr'>crebre-</span> 
     </span>
    </p>
   </div>
   <div class='ocr_carea' id='block_1_41' title="bbox 91 3140 1712 3222">
    <p class='ocr_par' dir='ltr' id='par_1_41' title="bbox 91 3140 1712 3222">
     <span class='ocr_line' id='line_1_41' title="bbox 91 3140 1712 3222; baseline 0.007 -27"><span class='ocrx_word' id='word_1_267' title='bbox 91 3140 378 3197; x_wconf 89' lang='lat' dir='ltr'>scentibus</span> <span class='ocrx_word' id='word_1_268' title='bbox 410 3142 569 3198; x_wconf 90' lang='lat' dir='ltr'>malis</span> <span class='ocrx_word' id='word_1_269' title='bbox 597 3144 836 3200; x_wconf 80' lang='lat' dir='ltr'>afﬁcitur</span> <span class='ocrx_word' id='word_1_270' title='bbox 856 3164 869 3214; x_wconf 91' lang='lat'>;</span> <span class='ocrx_word' id='word_1_271' title='bbox 893 3154 946 3202; x_wconf 90' lang='lat' dir='ltr'>et</span> <span class='ocrx_word' id='word_1_272' title='bbox 977 3147 1122 3203; x_wconf 91' lang='lat' dir='ltr'>unde</span> <span class='ocrx_word' id='word_1_273' title='bbox 1151 3147 1327 3204; x_wconf 67' lang='lat' dir='ltr'>aetatis</span> <span class='ocrx_word' id='word_1_274' title='bbox 1347 3157 1712 3222; x_wconf 89' lang='lat' dir='ltr'>augmentum</span> 
     </span>
    </p>
   </div>
   <div class='ocr_carea' id='block_1_42' title="bbox 93 3230 1713 3309">
    <p class='ocr_par' dir='ltr' id='par_1_42' title="bbox 93 3230 1713 3309">
     <span class='ocr_line' id='line_1_42' title="bbox 93 3230 1713 3309; baseline 0.007 -23"><span class='ocrx_word' id='word_1_275' title='bbox 93 3230 352 3304; x_wconf 87' lang='lat' dir='ltr'>percipit,</span> <span class='ocrx_word' id='word_1_276' title='bbox 387 3232 515 3288; x_wconf 89' lang='lat' dir='ltr'>inde</span> <span class='ocrx_word' id='word_1_277' title='bbox 545 3233 737 3291; x_wconf 89' lang='lat' dir='ltr'>salutis</span> <span class='ocrx_word' id='word_1_278' title='bbox 767 3235 1118 3309; x_wconf 87' lang='lat' dir='ltr'>dispendium</span> <span class='ocrx_word' id='word_1_279' title='bbox 1148 3238 1335 3295; x_wconf 89' lang='lat' dir='ltr'>sentit.</span> <span class='ocrx_word' id='word_1_280' title='bbox 1369 3239 1713 3297; x_wconf 87' lang='lat' dir='ltr'>Tribulatio-</span> 
     </span>
    </p>
   </div>
   <div class='ocr_carea' id='block_1_43' title="bbox 2318 1969 2941 2055">
    <p class='ocr_par' dir='ltr' id='par_1_43' title="bbox 2318 1969 2941 2055">
     <span class='ocr_line' id='line_1_43' title="bbox 2318 1969 2941 2055; baseline 0.014 -27"><span class='ocrx_word' id='word_1_281' title='bbox 2318 1969 2547 2030; x_wconf 88' lang='lat' dir='ltr'>CAPUT</span> <span class='ocrx_word' id='word_1_282' title='bbox 2573 1973 2624 2032; x_wconf 93' lang='lat' dir='ltr'>II</span> <span class='ocrx_word' id='word_1_283' title='bbox 2655 1971 2800 2050; x_wconf 87' lang='lat' dir='ltr'>[Rec.</span> <span class='ocrx_word' id='word_1_284' title='bbox 2831 1977 2941 2055; x_wconf 91' lang='lat' dir='ltr'>II].</span> 
     </span>
    </p>
   </div>
   <div class='ocr_carea' id='block_1_44' title="bbox 1893 2052 3304 2143">
    <p class='ocr_par' dir='ltr' id='par_1_44' title="bbox 1893 2052 3304 2143">
     <span class='ocr_line' id='line_1_44' title="bbox 1893 2052 3304 2143; baseline 0.013 -30"><span class='ocrx_word' id='word_1_285' title='bbox 1893 2052 2065 2113; x_wconf 74' lang='lat' dir='ltr'>Vnus.</span> <span class='ocrx_word' id='word_1_286' title='bbox 2102 2055 2188 2115; x_wconf 85' lang='grc'>13.</span> <span class='ocrx_word' id='word_1_287' title='bbox 2225 2089 2295 2100; x_wconf 90' lang='grc'><strong>-</strong></span> <span class='ocrx_word' id='word_1_288' title='bbox 2321 2062 2389 2117; x_wconf 85' lang='lat' dir='ltr'>In</span> <span class='ocrx_word' id='word_1_289' title='bbox 2413 2064 2548 2120; x_wconf 85' lang='lat' dir='ltr'>collo</span> <span class='ocrx_word' id='word_1_290' title='bbox 2567 2063 2680 2135; x_wconf 84' lang='lat' dir='ltr'>ejus</span> <span class='ocrx_word' id='word_1_291' title='bbox 2700 2052 2998 2127; x_wconf 78' lang='lat' dir='ltr'>morabitur</span> <span class='ocrx_word' id='word_1_292' title='bbox 3022 2069 3304 2143; x_wconf 79' lang='lat' dir='ltr'>fortitudo.</span> 
     </span>
    </p>
   </div>
   <div class='ocr_carea' id='block_1_45' title="bbox 1893 2143 3432 2238">
    <p class='ocr_par' dir='ltr' id='par_1_45' title="bbox 1893 2143 3432 2238">
     <span class='ocr_line' id='line_1_45' title="bbox 1893 2143 3432 2238; baseline 0.016 -38"><span class='ocrx_word' id='word_1_293' title='bbox 1893 2143 1946 2201; x_wconf 82' lang='lat'>2.</span> <span class='ocrx_word' id='word_1_294' title='bbox 1995 2145 2266 2238; x_wconf 73' lang='lat' dir='ltr'>Superbia:</span> <span class='ocrx_word' id='word_1_295' title='bbox 2304 2150 2625 2212; x_wconf 82' lang='lat' dir='ltr'>Antichristi</span> <span class='ocrx_word' id='word_1_296' title='bbox 2659 2159 2863 2215; x_wconf 82' lang='lat' dir='ltr'>accedet</span> <span class='ocrx_word' id='word_1_297' title='bbox 2887 2160 3159 2233; x_wconf 71' lang='lat' dir='ltr'>explenda</span> <span class='ocrx_word' id='word_1_298' title='bbox 3184 2165 3432 2238; x_wconf 73' lang='lat' dir='ltr'>nequitiae</span> 
     </span>
    </p>
   </div>
   <div class='ocr_carea' id='block_1_46' title="bbox 1815 2237 3429 2323">
    <p class='ocr_par' dir='ltr' id='par_1_46' title="bbox 1815 2237 3429 2323">
     <span class='ocr_line' id='line_1_46' title="bbox 1815 2237 3429 2323; baseline 0.016 -37"><span class='ocrx_word' id='word_1_299' title='bbox 1815 2238 2067 2323; x_wconf 83' lang='lat' dir='ltr'>potestas.</span> <span class='ocrx_word' id='word_1_300' title='bbox 2098 2267 2169 2279; x_wconf 90' lang='lat'><em>—</em></span> <span class='ocrx_word' id='word_1_301' title='bbox 2197 2237 2342 2306; x_wconf 90' lang='lat' dir='ltr'>Quid</span> <span class='ocrx_word' id='word_1_302' title='bbox 2368 2241 2517 2298; x_wconf 91' lang='lat' dir='ltr'>enim</span> <span class='ocrx_word' id='word_1_303' title='bbox 2548 2244 2691 2302; x_wconf 93' lang='lat' dir='ltr'>collo</span> <span class='ocrx_word' id='word_1_304' title='bbox 2723 2247 3028 2306; x_wconf 88' lang='lat' dir='ltr'>Leviathan</span> <span class='ocrx_word' id='word_1_305' title='bbox 3058 2250 3242 2323; x_wconf 89' lang='lat' dir='ltr'>istius,</span> <span class='ocrx_word' id='word_1_306' title='bbox 3269 2237 3297 2290; x_wconf 11' lang='lat'>7‘</span> <span class='ocrx_word' id='word_1_307' title='bbox 3322 2255 3429 2312; x_wconf 89' lang='lat' dir='ltr'>nisi</span> 
     </span>
    </p>
   </div>
   <div class='ocr_carea' id='block_1_47' title="bbox 1821 2321 3430 2411">
    <p class='ocr_par' dir='ltr' id='par_1_47' title="bbox 1821 2321 3430 2411">
     <span class='ocr_line' id='line_1_47' title="bbox 1821 2321 3430 2411; baseline 0.017 -35"><span class='ocrx_word' id='word_1_308' title='bbox 1821 2321 2077 2381; x_wconf 91' lang='lat' dir='ltr'>elationis</span> <span class='ocrx_word' id='word_1_309' title='bbox 2106 2329 2357 2386; x_wconf 81' lang='lat' dir='ltr'>extensio</span> <span class='ocrx_word' id='word_1_310' title='bbox 2398 2331 2715 2406; x_wconf 88' lang='lat' dir='ltr'>designatur</span> <span class='ocrx_word' id='word_1_311' title='bbox 2734 2337 2763 2393; x_wconf 74' lang='lat'><strong>7</strong></span> <span class='ocrx_word' id='word_1_312' title='bbox 2810 2354 2919 2411; x_wconf 86' lang='lat' dir='ltr'>qua</span> <span class='ocrx_word' id='word_1_313' title='bbox 2949 2347 3142 2398; x_wconf 90' lang='lat' dir='ltr'>contra</span> <span class='ocrx_word' id='word_1_314' title='bbox 3167 2321 3345 2401; x_wconf 81' lang='lat' dir='ltr'>Deum</span> <span class='ocrx_word' id='word_1_315' title='bbox 3373 2361 3430 2403; x_wconf 90' lang='lat' dir='ltr'>se</span> 
     </span>
    </p>
   </div>
   <div class='ocr_carea' id='block_1_48' title="bbox 1822 2411 3431 2489">
    <p class='ocr_par' dir='ltr' id='par_1_48' title="bbox 1822 2411 3431 2489">
     <span class='ocr_line' id='line_1_48' title="bbox 1822 2411 3431 2489; baseline 0.015 -23"><span class='ocrx_word' id='word_1_316' title='bbox 1822 2411 2057 2484; x_wconf 88' lang='lat' dir='ltr'>erigens,</span> <span class='ocrx_word' id='word_1_317' title='bbox 2106 2432 2231 2473; x_wconf 91' lang='lat' dir='ltr'>cum</span> <span class='ocrx_word' id='word_1_318' title='bbox 2277 2417 2631 2479; x_wconf 89' lang='lat' dir='ltr'>simulatione</span> <span class='ocrx_word' id='word_1_319' title='bbox 2662 2426 2968 2484; x_wconf 88' lang='lat' dir='ltr'>sanctitatis</span> <span class='ocrx_word' id='word_1_320' title='bbox 3011 2428 3175 2486; x_wconf 89' lang='lat' dir='ltr'>etiam</span> <span class='ocrx_word' id='word_1_321' title='bbox 3214 2437 3431 2489; x_wconf 88' lang='lat' dir='ltr'>tumore</span> 
     </span>
    </p>
   </div>
   <div class='ocr_carea' id='block_1_49' title="bbox 1828 2504 3431 2594">
    <p class='ocr_par' dir='ltr' id='par_1_49' title="bbox 1828 2504 3431 2594">
     <span class='ocr_line' id='line_1_49' title="bbox 1828 2504 3431 2594; baseline 0.016 -38"><span class='ocrx_word' id='word_1_322' title='bbox 1828 2504 2112 2594; x_wconf 79' lang='lat' dir='ltr'>potestatis</span> <span class='ocrx_word' id='word_1_323' title='bbox 2142 2507 2449 2566; x_wconf 81' lang='lat' dir='ltr'>extollitur.</span> <span class='ocrx_word' id='word_1_324' title='bbox 2483 2510 2625 2579; x_wconf 87' lang='lat' dir='ltr'>Quia</span> <span class='ocrx_word' id='word_1_325' title='bbox 2650 2513 2800 2571; x_wconf 89' lang='lat' dir='ltr'>enim</span> <span class='ocrx_word' id='word_1_326' title='bbox 2827 2532 2924 2589; x_wconf 90' lang='lat' dir='ltr'>per</span> <span class='ocrx_word' id='word_1_327' title='bbox 2942 2518 3147 2576; x_wconf 89' lang='lat' dir='ltr'>collum</span> <span class='ocrx_word' id='word_1_328' title='bbox 3174 2520 3431 2594; x_wconf 86' lang='lat' dir='ltr'>superbia</span> 
     </span>
    </p>
   </div>
   <div class='ocr_carea' id='block_1_50' title="bbox 1829 2591 3428 2680">
    <p class='ocr_par' dir='ltr' id='par_1_50' title="bbox 1829 2591 3428 2680">
     <span class='ocr_line' id='line_1_50' title="bbox 1829 2591 3428 2680; baseline 0.014 -34"><span class='ocrx_word' id='word_1_329' title='bbox 1829 2591 2185 2680; x_wconf 80' lang='lat' dir='ltr'>exprimitur,</span> <span class='ocrx_word' id='word_1_330' title='bbox 2215 2598 2383 2655; x_wconf 89' lang='lat' dir='ltr'>Isaias</span> <span class='ocrx_word' id='word_1_331' title='bbox 2423 2600 2690 2673; x_wconf 86' lang='lat' dir='ltr'>propheta</span> <span class='ocrx_word' id='word_1_332' title='bbox 2720 2613 2970 2676; x_wconf 89' lang='lat' dir='ltr'>testatur,</span> <span class='ocrx_word' id='word_1_333' title='bbox 3000 2607 3097 2680; x_wconf 89' lang='lat' dir='ltr'>qui</span> <span class='ocrx_word' id='word_1_334' title='bbox 3126 2591 3428 2668; x_wconf 80' lang='lat' dir='ltr'>Jerusalem</span> 
     </span>
    </p>
   </div>
   <div class='ocr_carea' id='block_1_51' title="bbox 1824 2678 3430 2758">
    <p class='ocr_par' dir='ltr' id='par_1_51' title="bbox 1824 2678 3430 2758">
     <span class='ocr_line' id='line_1_51' title="bbox 1824 2678 3430 2758; baseline 0.014 -24"><span class='ocrx_word' id='word_1_335' title='bbox 1824 2678 1969 2737; x_wconf 85' lang='lat' dir='ltr'>ﬁlias</span> <span class='ocrx_word' id='word_1_336' title='bbox 1998 2682 2301 2758; x_wconf 87' lang='lat' dir='ltr'>redarguit,</span> <span class='ocrx_word' id='word_1_337' title='bbox 2344 2688 2567 2747; x_wconf 89' lang='lat' dir='ltr'>dicens:</span> <span class='ocrx_word' id='word_1_338' title='bbox 2611 2678 3036 2752; x_wconf 71' lang='lat' dir='ltr'>Ambulaverunt</span> <span class='ocrx_word' id='word_1_339' title='bbox 3062 2703 3268 2755; x_wconf 70' lang='lat' dir='ltr'>extento</span> <span class='ocrx_word' id='word_1_340' title='bbox 3297 2701 3430 2758; x_wconf 85' lang='lat' dir='ltr'>collo</span> 
     </span>
    </p>
   </div>
   <div class='ocr_carea' id='block_1_52' title="bbox 1827 2769 3431 2855">
    <p class='ocr_par' dir='ltr' id='par_1_52' title="bbox 1827 2769 3431 2855">
     <span class='ocr_line' id='line_1_52' title="bbox 1827 2769 3431 2855; baseline 0.014 -30"><span class='ocrx_word' id='word_1_341' title='bbox 1827 2769 1984 2841; x_wconf 77' lang='grc' dir='ltr'>([εαὶ.</span> <span class='ocrx_word' id='word_1_342' title='bbox 2016 2790 2099 2844; x_wconf 85' lang='lat' dir='ltr'>ur,</span> <span class='ocrx_word' id='word_1_343' title='bbox 2122 2775 2235 2847; x_wconf 83' lang='grc'>16).</span> <span class='ocrx_word' id='word_1_344' title='bbox 2258 2778 2319 2833; x_wconf 92' lang='lat' dir='ltr'>In</span> <span class='ocrx_word' id='word_1_345' title='bbox 2337 2781 2480 2837; x_wconf 90' lang='lat' dir='ltr'>collo</span> <span class='ocrx_word' id='word_1_346' title='bbox 2496 2798 2624 2855; x_wconf 89' lang='lat' dir='ltr'>ergo</span> <span class='ocrx_word' id='word_1_347' title='bbox 2644 2784 2951 2843; x_wconf 88' lang='lat' dir='ltr'>Leviathan</span> <span class='ocrx_word' id='word_1_348' title='bbox 2980 2786 3143 2846; x_wconf 87' lang='lat' dir='ltr'>istius</span> <span class='ocrx_word' id='word_1_349' title='bbox 3160 2789 3431 2848; x_wconf 88' lang='lat' dir='ltr'>fortitudo</span> 
     </span>
    </p>
   </div>
   <div class='ocr_carea' id='block_1_53' title="bbox 1826 2858 3434 2952">
    <p class='ocr_par' dir='ltr' id='par_1_53' title="bbox 1826 2858 3434 2952">
     <span class='ocr_line' id='line_1_53' title="bbox 1826 2858 3434 2952; baseline 0.016 -39"><span class='ocrx_word' id='word_1_350' title='bbox 1826 2858 2099 2918; x_wconf 90' lang='lat' dir='ltr'>demorari</span> <span class='ocrx_word' id='word_1_351' title='bbox 2121 2863 2347 2936; x_wconf 91' lang='lat' dir='ltr'>dicitur,</span> <span class='ocrx_word' id='word_1_352' title='bbox 2369 2870 2500 2942; x_wconf 89' lang='lat' dir='ltr'>quia</span> <span class='ocrx_word' id='word_1_353' title='bbox 2519 2874 2747 2929; x_wconf 91' lang='lat' dir='ltr'>elationi</span> <span class='ocrx_word' id='word_1_354' title='bbox 2777 2875 2929 2932; x_wconf 89' lang='lat' dir='ltr'>illius</span> <span class='ocrx_word' id='word_1_355' title='bbox 2950 2877 3117 2934; x_wconf 91' lang='lat' dir='ltr'>etiam</span> <span class='ocrx_word' id='word_1_356' title='bbox 3136 2876 3434 2952; x_wconf 82' lang='lat' dir='ltr'>subjuncta</span> 
     </span>
    </p>
   </div>
   <div class='ocr_carea' id='block_1_54' title="bbox 1825 2952 3431 3041">
    <p class='ocr_par' dir='ltr' id='par_1_54' title="bbox 1825 2952 3431 3041">
     <span class='ocr_line' id='line_1_54' title="bbox 1825 2952 3431 3041; baseline 0.015 -37"><span class='ocrx_word' id='word_1_357' title='bbox 1825 2952 2072 3022; x_wconf 90' lang='lat' dir='ltr'>potentia</span> <span class='ocrx_word' id='word_1_358' title='bbox 2099 2954 2448 3027; x_wconf 74' lang='lat' dir='ltr'>sull‘ragatur.</span> <span class='ocrx_word' id='word_1_359' title='bbox 2478 2960 2614 3016; x_wconf 83' lang='lat' dir='ltr'>Nam</span> <span class='ocrx_word' id='word_1_360' title='bbox 2643 2963 2916 3036; x_wconf 91' lang='lat' dir='ltr'>quidquid</span> <span class='ocrx_word' id='word_1_361' title='bbox 2931 2973 3067 3025; x_wconf 92' lang='lat' dir='ltr'>tunc</span> <span class='ocrx_word' id='word_1_362' title='bbox 3089 2969 3321 3041; x_wconf 88' lang='lat' dir='ltr'>superbe</span> <span class='ocrx_word' id='word_1_363' title='bbox 3339 2986 3431 3027; x_wconf 56' lang='lat' dir='ltr'>ex.</span> 
     </span>
    </p>
   </div>
   <div class='ocr_carea' id='block_1_55' title="bbox 1824 3041 3432 3126">
    <p class='ocr_par' dir='ltr' id='par_1_55' title="bbox 1824 3041 3432 3126">
     <span class='ocr_line' id='line_1_55' title="bbox 1824 3041 3432 3126; baseline 0.014 -31"><span class='ocrx_word' id='word_1_364' title='bbox 1824 3041 2066 3113; x_wconf 90' lang='lat' dir='ltr'>tollitur,</span> <span class='ocrx_word' id='word_1_365' title='bbox 2120 3045 2393 3120; x_wconf 90' lang='lat' dir='ltr'>quidquid</span> <span class='ocrx_word' id='word_1_366' title='bbox 2436 3049 2634 3107; x_wconf 86' lang='lat' dir='ltr'>callide</span> <span class='ocrx_word' id='word_1_367' title='bbox 2674 3053 3044 3126; x_wconf 86' lang='lat' dir='ltr'>machinatur,</span> <span class='ocrx_word' id='word_1_368' title='bbox 3088 3060 3255 3115; x_wconf 88' lang='lat' dir='ltr'>etiam</span> <span class='ocrx_word' id='word_1_369' title='bbox 3302 3075 3432 3117; x_wconf 88' lang='lat' dir='ltr'>cum</span> 
     </span>
    </p>
   </div>
   <div class='ocr_carea' id='block_1_56' title="bbox 1826 3129 3432 3217">
    <p class='ocr_par' dir='ltr' id='par_1_56' title="bbox 1826 3129 3432 3217">
     <span class='ocr_line' id='line_1_56' title="bbox 1826 3129 3432 3217; baseline 0.014 -33"><span class='ocrx_word' id='word_1_370' title='bbox 1826 3129 2033 3187; x_wconf 90' lang='lat' dir='ltr'>virtute</span> <span class='ocrx_word' id='word_1_371' title='bbox 2072 3134 2330 3205; x_wconf 85' lang='lat' dir='ltr'>potentiae</span> <span class='ocrx_word' id='word_1_372' title='bbox 2374 3139 2653 3196; x_wconf 58' lang='lat' dir='ltr'>saecularis</span> <span class='ocrx_word' id='word_1_373' title='bbox 2681 3144 3020 3217; x_wconf 82' lang='lat' dir='ltr'>exsequitur.</span> <span class='ocrx_word' id='word_1_374' title='bbox 3049 3145 3208 3213; x_wconf 88' lang='lat' dir='ltr'>Quod</span> <span class='ocrx_word' id='word_1_375' title='bbox 3237 3149 3432 3207; x_wconf 86' lang='lat' dir='ltr'>Daniel</span> 
     </span>
    </p>
   </div>
   <div class='ocr_carea' id='block_1_57' title="bbox 1828 3220 3434 3309">
    <p class='ocr_par' dir='ltr' id='par_1_57' title="bbox 1828 3220 3434 3309">
     <span class='ocr_line' id='line_1_57' title="bbox 1828 3220 3434 3309; baseline 0.012 -35"><span class='ocrx_word' id='word_1_376' title='bbox 1828 3220 2096 3293; x_wconf 88' lang='lat' dir='ltr'>propheta</span> <span class='ocrx_word' id='word_1_377' title='bbox 2121 3222 2363 3295; x_wconf 88' lang='lat' dir='ltr'>intuens,</span> <span class='ocrx_word' id='word_1_378' title='bbox 2394 3226 2501 3284; x_wconf 86' lang='lat' dir='ltr'>ait:</span> <span class='ocrx_word' id='word_1_379' title='bbox 2534 3230 2707 3286; x_wconf 85' lang='lat' dir='ltr'>Dolus</span> <span class='ocrx_word' id='word_1_380' title='bbox 2732 3232 2790 3287; x_wconf 83' lang='lat' dir='ltr'>in</span> <span class='ocrx_word' id='word_1_381' title='bbox 2831 3249 2994 3289; x_wconf 84' lang='lat' dir='ltr'>manu</span> <span class='ocrx_word' id='word_1_382' title='bbox 3021 3233 3134 3304; x_wconf 86' lang='lat' dir='ltr'>ejus</span> <span class='ocrx_word' id='word_1_383' title='bbox 3173 3236 3434 3309; x_wconf 83' lang='lat' dir='ltr'>dirigetur</span> 
     </span>
    </p>
   </div>
   <div class='ocr_carea' id='block_1_58' title="bbox 92 3310 1714 3408">
    <p class='ocr_par' dir='ltr' id='par_1_58' title="bbox 92 3321 1709 3398">
     <span class='ocr_line' id='line_1_58' title="bbox 92 3321 1709 3398; baseline 0.007 -22"><span class='ocrx_word' id='word_1_384' title='bbox 92 3337 191 3377; x_wconf 89' lang='lat' dir='ltr'>nes</span> <span class='ocrx_word' id='word_1_385' title='bbox 220 3336 459 3395; x_wconf 87' lang='lat' dir='ltr'>namque</span> <span class='ocrx_word' id='word_1_386' title='bbox 489 3321 573 3377; x_wconf 89' lang='lat' dir='ltr'>illi</span> <span class='ocrx_word' id='word_1_387' title='bbox 603 3340 728 3378; x_wconf 90' lang='lat' dir='ltr'>cum</span> <span class='ocrx_word' id='word_1_388' title='bbox 760 3325 1104 3398; x_wconf 89' lang='lat' dir='ltr'>temporibus</span> <span class='ocrx_word' id='word_1_389' title='bbox 1133 3338 1405 3397; x_wconf 89' lang='lat' dir='ltr'>crescunt,</span> <span class='ocrx_word' id='word_1_390' title='bbox 1443 3339 1496 3387; x_wconf 89' lang='lat' dir='ltr'>et</span> <span class='ocrx_word' id='word_1_391' title='bbox 1526 3346 1590 3386; x_wconf 91' lang='lat' dir='ltr'>eo</span> <span class='ocrx_word' id='word_1_392' title='bbox 1618 3330 1709 3388; x_wconf 87' lang='lat' dir='ltr'>de-</span> 
     </span>
    </p>
   </div>
   <div class='ocr_carea' id='block_1_59' title="bbox 1830 3310 3434 3408">
    <p class='ocr_par' dir='ltr' id='par_1_59' title="bbox 1830 3310 3434 3408">
     <span class='ocr_line' id='line_1_59' title="bbox 1830 3310 3434 3408; baseline 0.012 -44"><span class='ocrx_word' id='word_1_393' title='bbox 1830 3310 1995 3408; x_wconf 48' lang='lat' dir='ltr'>tDait.</span> <span class='ocrx_word' id='word_1_394' title='bbox 2028 3329 2153 3382; x_wconf 87' lang='lat' dir='ltr'>vm,</span> <span class='ocrx_word' id='word_1_395' title='bbox 2184 3315 2300 3387; x_wconf 78' lang='lat'>25).</span> <span class='ocrx_word' id='word_1_396' title='bbox 2330 3317 2505 3375; x_wconf 91' lang='lat' dir='ltr'>Dolus</span> <span class='ocrx_word' id='word_1_397' title='bbox 2532 3319 2733 3393; x_wconf 89' lang='lat' dir='ltr'>quippe</span> <span class='ocrx_word' id='word_1_398' title='bbox 2753 3321 2812 3377; x_wconf 90' lang='lat' dir='ltr'>in</span> <span class='ocrx_word' id='word_1_399' title='bbox 2841 3338 3008 3380; x_wconf 91' lang='lat' dir='ltr'>manu</span> <span class='ocrx_word' id='word_1_400' title='bbox 3028 3322 3147 3396; x_wconf 89' lang='lat' dir='ltr'>ejus</span> <span class='ocrx_word' id='word_1_401' title='bbox 3173 3333 3256 3381; x_wconf 90' lang='lat' dir='ltr'>est</span> <span class='ocrx_word' id='word_1_402' title='bbox 3283 3326 3434 3384; x_wconf 83' lang='lat' dir='ltr'>fraus</span> 
     </span>
    </p>
   </div>
   <div class='ocr_carea' id='block_1_60' title="bbox 95 3409 1710 3492">
    <p class='ocr_par' dir='ltr' id='par_1_60' title="bbox 95 3409 1710 3492">
     <span class='ocr_line' id='line_1_60' title="bbox 95 3409 1710 3492; baseline 0.008 -26"><span class='ocrx_word' id='word_1_403' title='bbox 95 3410 360 3466; x_wconf 90' lang='lat' dir='ltr'>trimenta</span> <span class='ocrx_word' id='word_1_404' title='bbox 401 3414 530 3467; x_wconf 84' lang='lat' dir='ltr'>vitae</span> <span class='ocrx_word' id='word_1_405' title='bbox 576 3409 814 3470; x_wconf 88' lang='lat' dir='ltr'>debilior</span> <span class='ocrx_word' id='word_1_406' title='bbox 858 3416 1075 3486; x_wconf 87' lang='lat' dir='ltr'>tolerat,</span> <span class='ocrx_word' id='word_1_407' title='bbox 1106 3433 1216 3490; x_wconf 90' lang='lat' dir='ltr'>quo</span> <span class='ocrx_word' id='word_1_408' title='bbox 1248 3419 1403 3492; x_wconf 85' lang='lat' dir='ltr'>quasi</span> <span class='ocrx_word' id='word_1_409' title='bbox 1434 3419 1503 3476; x_wconf 90' lang='lat' dir='ltr'>ad</span> <span class='ocrx_word' id='word_1_410' title='bbox 1534 3420 1710 3479; x_wconf 89' lang='lat' dir='ltr'>vitam</span> 
     </span>
    </p>
   </div>
   <div class='ocr_carea' id='block_1_61' title="bbox 95 3498 1712 3573">
    <p class='ocr_par' dir='ltr' id='par_1_61' title="bbox 95 3498 1712 3573">
     <span class='ocr_line' id='line_1_61' title="bbox 95 3498 1712 3573; baseline 0.008 -18"><span class='ocrx_word' id='word_1_411' title='bbox 95 3498 418 3573; x_wconf 85' lang='lat' dir='ltr'>provectior</span> <span class='ocrx_word' id='word_1_412' title='bbox 437 3500 616 3559; x_wconf 89' lang='lat' dir='ltr'>durat.</span> <span class='ocrx_word' id='word_1_413' title='bbox 642 3505 793 3562; x_wconf 91' lang='lat' dir='ltr'>Totis</span> <span class='ocrx_word' id='word_1_414' title='bbox 809 3506 956 3563; x_wconf 91' lang='lat' dir='ltr'>enim</span> <span class='ocrx_word' id='word_1_415' title='bbox 978 3516 1170 3566; x_wconf 90' lang='lat' dir='ltr'>contra</span> <span class='ocrx_word' id='word_1_416' title='bbox 1191 3507 1350 3565; x_wconf 91' lang='lat' dir='ltr'>illum</span> <span class='ocrx_word' id='word_1_417' title='bbox 1376 3508 1552 3567; x_wconf 90' lang='lat' dir='ltr'>hostis</span> <span class='ocrx_word' id='word_1_418' title='bbox 1572 3512 1712 3568; x_wconf 88' lang='lat' dir='ltr'>anti-</span> 
     </span>
    </p>
   </div>
   <div class='ocr_carea' id='block_1_62' title="bbox 97 3588 1716 3670">
    <p class='ocr_par' dir='ltr' id='par_1_62' title="bbox 97 3588 1716 3670">
     <span class='ocr_line' id='line_1_62' title="bbox 97 3588 1716 3670; baseline 0.008 -26"><span class='ocrx_word' id='word_1_419' title='bbox 97 3604 240 3662; x_wconf 88' lang='lat' dir='ltr'>quus</span> <span class='ocrx_word' id='word_1_420' title='bbox 268 3588 488 3647; x_wconf 88' lang='lat' dir='ltr'>viribus</span> <span class='ocrx_word' id='word_1_421' title='bbox 515 3593 771 3664; x_wconf 79' lang='lat' dir='ltr'>solvitur,</span> <span class='ocrx_word' id='word_1_422' title='bbox 796 3595 890 3669; x_wconf 90' lang='lat' dir='ltr'>qui</span> <span class='ocrx_word' id='word_1_423' title='bbox 914 3595 1173 3670; x_wconf 89' lang='lat' dir='ltr'>quamvis</span> <span class='ocrx_word' id='word_1_424' title='bbox 1187 3596 1301 3669; x_wconf 90' lang='lat' dir='ltr'>jam</span> <span class='ocrx_word' id='word_1_425' title='bbox 1330 3614 1481 3656; x_wconf 92' lang='lat' dir='ltr'>nunc</span> <span class='ocrx_word' id='word_1_426' title='bbox 1501 3599 1716 3658; x_wconf 87' lang='lat' dir='ltr'>interiit</span> 
     </span>
    </p>
   </div>
   <div class='ocr_carea' id='block_1_63' title="bbox 96 3680 1714 3756">
    <p class='ocr_par' dir='ltr' id='par_1_63' title="bbox 96 3680 1714 3756">
     <span class='ocr_line' id='line_1_63' title="bbox 96 3680 1714 3756; baseline 0.008 -21"><span class='ocrx_word' id='word_1_427' title='bbox 96 3696 197 3752; x_wconf 90' lang='lat' dir='ltr'>pro</span> <span class='ocrx_word' id='word_1_428' title='bbox 224 3695 290 3736; x_wconf 89' lang='lat' dir='ltr'>eo</span> <span class='ocrx_word' id='word_1_429' title='bbox 321 3680 469 3754; x_wconf 93' lang='lat' dir='ltr'>quod</span> <span class='ocrx_word' id='word_1_430' title='bbox 498 3697 747 3756; x_wconf 75' lang='lat' dir='ltr'>supernae</span> <span class='ocrx_word' id='word_1_431' title='bbox 777 3685 1119 3744; x_wconf 90' lang='lat' dir='ltr'>conditionis</span> <span class='ocrx_word' id='word_1_432' title='bbox 1147 3687 1551 3748; x_wconf 89' lang='lat' dir='ltr'>beatitudinem</span> <span class='ocrx_word' id='word_1_433' title='bbox 1580 3691 1714 3747; x_wconf 89' lang='lat' dir='ltr'>ami-</span> 
     </span>
    </p>
   </div>
   <div class='ocr_carea' id='block_1_64' title="bbox 96 3768 1717 3852">
    <p class='ocr_par' dir='ltr' id='par_1_64' title="bbox 96 3768 1717 3852">
     <span class='ocr_line' id='line_1_64' title="bbox 96 3768 1717 3852; baseline 0.009 -29"><span class='ocrx_word' id='word_1_434' title='bbox 96 3768 190 3838; x_wconf 90' lang='lat' dir='ltr'>sit,</span> <span class='ocrx_word' id='word_1_435' title='bbox 223 3776 360 3828; x_wconf 91' lang='lat' dir='ltr'>tunc</span> <span class='ocrx_word' id='word_1_436' title='bbox 407 3778 589 3828; x_wconf 84' lang='lat' dir='ltr'>tamen</span> <span class='ocrx_word' id='word_1_437' title='bbox 636 3774 855 3846; x_wconf 89' lang='lat' dir='ltr'>plenius</span> <span class='ocrx_word' id='word_1_438' title='bbox 901 3775 1300 3848; x_wconf 85' lang='lat' dir='ltr'>exstinguitur,</span> <span class='ocrx_word' id='word_1_439' title='bbox 1331 3780 1573 3852; x_wconf 90' lang='lat' dir='ltr'>quando,</span> <span class='ocrx_word' id='word_1_440' title='bbox 1604 3789 1657 3837; x_wconf 91' lang='lat' dir='ltr'>et</span> <span class='ocrx_word' id='word_1_441' title='bbox 1685 3797 1717 3837; x_wconf 87' lang='lat' dir='ltr'>a</span> 
     </span>
    </p>
   </div>
   <div class='ocr_carea' id='block_1_65' title="bbox 95 3858 1714 3943">
    <p class='ocr_par' dir='ltr' id='par_1_65' title="bbox 95 3858 1714 3943">
     <span class='ocr_line' id='line_1_65' title="bbox 95 3858 1714 3943; baseline 0.009 -30"><span class='ocrx_word' id='word_1_442' title='bbox 95 3858 353 3914; x_wconf 90' lang='lat' dir='ltr'>tentandi</span> <span class='ocrx_word' id='word_1_443' title='bbox 383 3858 607 3917; x_wconf 89' lang='lat' dir='ltr'>licentia</span> <span class='ocrx_word' id='word_1_444' title='bbox 631 3862 956 3933; x_wconf 84' lang='lat' dir='ltr'>abstractus,</span> <span class='ocrx_word' id='word_1_445' title='bbox 980 3866 1200 3922; x_wconf 81' lang='lat' dir='ltr'>aeternis</span> <span class='ocrx_word' id='word_1_446' title='bbox 1225 3867 1501 3926; x_wconf 91' lang='lat' dir='ltr'>incendiis</span> <span class='ocrx_word' id='word_1_447' title='bbox 1521 3869 1714 3943; x_wconf 90' lang='lat' dir='ltr'>religa-</span> 
     </span>
    </p>
   </div>
   <div class='ocr_carea' id='block_1_66' title="bbox 95 3950 1713 4032">
    <p class='ocr_par' dir='ltr' id='par_1_66' title="bbox 95 3950 1713 4032">
     <span class='ocr_line' id='line_1_66' title="bbox 95 3950 1713 4032; baseline 0.007 -27"><span class='ocrx_word' id='word_1_448' title='bbox 95 3958 209 4006; x_wconf 89' lang='lat' dir='ltr'>tur.</span> <span class='ocrx_word' id='word_1_449' title='bbox 243 3950 401 4007; x_wconf 86' lang='lat' dir='ltr'>Unde</span> <span class='ocrx_word' id='word_1_450' title='bbox 426 3961 481 4010; x_wconf 91' lang='lat' dir='ltr'>et</span> <span class='ocrx_word' id='word_1_451' title='bbox 509 3961 756 4011; x_wconf 86' lang='lat' dir='ltr'>extrema</span> <span class='ocrx_word' id='word_1_452' title='bbox 788 3955 983 4012; x_wconf 90' lang='lat' dir='ltr'>mundi</span> <span class='ocrx_word' id='word_1_453' title='bbox 1013 3955 1255 4014; x_wconf 88' lang='lat' dir='ltr'>atrocius</span> <span class='ocrx_word' id='word_1_454' title='bbox 1286 3966 1596 4016; x_wconf 87' lang='lat' dir='ltr'>tentaturus</span> <span class='ocrx_word' id='word_1_455' title='bbox 1627 3977 1713 4032; x_wconf 87' lang='lat' dir='ltr'>ag-</span> 
     </span>
    </p>
   </div>
   <div class='ocr_carea' id='block_1_67' title="bbox 96 4037 1716 4122">
    <p class='ocr_par' dir='ltr' id='par_1_67' title="bbox 96 4037 1716 4122">
     <span class='ocr_line' id='line_1_67' title="bbox 96 4037 1716 4122; baseline 0.008 -29"><span class='ocrx_word' id='word_1_456' title='bbox 96 4037 371 4112; x_wconf 85' lang='lat' dir='ltr'>greditur,</span> <span class='ocrx_word' id='word_1_457' title='bbox 396 4041 525 4115; x_wconf 91' lang='lat' dir='ltr'>quia</span> <span class='ocrx_word' id='word_1_458' title='bbox 542 4049 695 4100; x_wconf 88' lang='lat' dir='ltr'>tanto</span> <span class='ocrx_word' id='word_1_459' title='bbox 712 4044 773 4101; x_wconf 89' lang='lat' dir='ltr'>fit</span> <span class='ocrx_word' id='word_1_460' title='bbox 794 4044 1097 4102; x_wconf 85' lang='lat' dir='ltr'>ferventior</span> <span class='ocrx_word' id='word_1_461' title='bbox 1115 4046 1183 4103; x_wconf 88' lang='lat' dir='ltr'>ad</span> <span class='ocrx_word' id='word_1_462' title='bbox 1200 4048 1491 4117; x_wconf 66' lang='lat' dir='ltr'>saevitiam,</span> <span class='ocrx_word' id='word_1_463' title='bbox 1510 4056 1716 4122; x_wconf 90' lang='lat' dir='ltr'>quanto</span> 
     </span>
    </p>
   </div>
   <div class='ocr_carea' id='block_1_68' title="bbox 95 4129 1717 4211">
    <p class='ocr_par' dir='ltr' id='par_1_68' title="bbox 95 4129 1717 4211">
     <span class='ocr_line' id='line_1_68' title="bbox 95 4129 1717 4211; baseline 0.007 -28"><span class='ocrx_word' id='word_1_464' title='bbox 95 4145 158 4184; x_wconf 90' lang='lat' dir='ltr'>se</span> <span class='ocrx_word' id='word_1_465' title='bbox 187 4129 526 4187; x_wconf 89' lang='lat' dir='ltr'>viciniorem</span> <span class='ocrx_word' id='word_1_466' title='bbox 568 4133 736 4190; x_wconf 90' lang='lat' dir='ltr'>sentit</span> <span class='ocrx_word' id='word_1_467' title='bbox 782 4134 845 4191; x_wconf 89' lang='lat' dir='ltr'>ad</span> <span class='ocrx_word' id='word_1_468' title='bbox 887 4152 1126 4208; x_wconf 64' lang='lat' dir='ltr'>poenam.</span> <span class='ocrx_word' id='word_1_469' title='bbox 1161 4135 1485 4194; x_wconf 87' lang='lat' dir='ltr'>Considerat</span> <span class='ocrx_word' id='word_1_470' title='bbox 1514 4138 1717 4211; x_wconf 87' lang='lat' dir='ltr'>quippe</span> 
     </span>
    </p>
   </div>
   <div class='ocr_carea' id='block_1_69' title="bbox 96 4216 1718 4298">
    <p class='ocr_par' dir='ltr' id='par_1_69' title="bbox 96 4216 1718 4298">
     <span class='ocr_line' id='line_1_69' title="bbox 96 4216 1718 4298; baseline 0.006 -24"><span class='ocrx_word' id='word_1_471' title='bbox 96 4217 249 4291; x_wconf 91' lang='lat' dir='ltr'>quod</span> <span class='ocrx_word' id='word_1_472' title='bbox 292 4216 458 4291; x_wconf 81' lang='lat' dir='ltr'>juxta</span> <span class='ocrx_word' id='word_1_473' title='bbox 498 4222 571 4279; x_wconf 89' lang='lat' dir='ltr'>sit</span> <span class='ocrx_word' id='word_1_474' title='bbox 616 4232 678 4279; x_wconf 93' lang='lat' dir='ltr'>ut</span> <span class='ocrx_word' id='word_1_475' title='bbox 723 4223 1005 4280; x_wconf 89' lang='lat' dir='ltr'>licentiam</span> <span class='ocrx_word' id='word_1_476' title='bbox 1053 4226 1407 4298; x_wconf 67' lang='lat' dir='ltr'>nequissima:</span> <span class='ocrx_word' id='word_1_477' title='bbox 1447 4226 1718 4284; x_wconf 89' lang='lat' dir='ltr'>libertatis</span> 
     </span>
    </p>
   </div>
   <div class='ocr_carea' id='block_1_70' title="bbox 94 4307 1715 4389">
    <p class='ocr_par' dir='ltr' id='par_1_70' title="bbox 94 4307 1715 4389">
     <span class='ocr_line' id='line_1_70' title="bbox 94 4307 1715 4389; baseline 0.007 -27"><span class='ocrx_word' id='word_1_478' title='bbox 94 4307 340 4379; x_wconf 88' lang='lat' dir='ltr'>amittat,</span> <span class='ocrx_word' id='word_1_479' title='bbox 371 4319 426 4367; x_wconf 93' lang='lat' dir='ltr'>et</span> <span class='ocrx_word' id='word_1_480' title='bbox 464 4320 731 4385; x_wconf 90' lang='lat' dir='ltr'>quantum</span> <span class='ocrx_word' id='word_1_481' title='bbox 762 4312 1030 4370; x_wconf 75' lang='lat' dir='ltr'>brevitate</span> <span class='ocrx_word' id='word_1_482' title='bbox 1058 4315 1324 4387; x_wconf 87' lang='lat' dir='ltr'>temporis</span> <span class='ocrx_word' id='word_1_483' title='bbox 1362 4325 1715 4389; x_wconf 88' lang='lat' dir='ltr'>angustatur,</span> 
     </span>
    </p>
   </div>
   <div class='ocr_carea' id='block_1_71' title="bbox 96 4398 1720 4476">
    <p class='ocr_par' dir='ltr' id='par_1_71' title="bbox 96 4398 1720 4476">
     <span class='ocr_line' id='line_1_71' title="bbox 96 4398 1720 4476; baseline 0.006 -23"><span class='ocrx_word' id='word_1_484' title='bbox 96 4405 320 4454; x_wconf 88' lang='lat' dir='ltr'>tantum</span> <span class='ocrx_word' id='word_1_485' title='bbox 356 4398 770 4473; x_wconf 89' lang='lat' dir='ltr'>multiplicitate</span> <span class='ocrx_word' id='word_1_486' title='bbox 798 4402 1142 4460; x_wconf 88' lang='lat' dir='ltr'>crudelitatis</span> <span class='ocrx_word' id='word_1_487' title='bbox 1180 4404 1533 4476; x_wconf 90' lang='lat' dir='ltr'>expanditur,</span> <span class='ocrx_word' id='word_1_488' title='bbox 1575 4406 1720 4463; x_wconf 89' lang='lat' dir='ltr'>sicut</span> 
     </span>
    </p>
   </div>
   <div class='ocr_carea' id='block_1_72' title="bbox 94 4486 1722 4564">
    <p class='ocr_par' dir='ltr' id='par_1_72' title="bbox 94 4486 1722 4564">
     <span class='ocr_line' id='line_1_72' title="bbox 94 4486 1722 4564; baseline 0.006 -20"><span class='ocrx_word' id='word_1_489' title='bbox 94 4486 162 4544; x_wconf 87' lang='lat' dir='ltr'>de</span> <span class='ocrx_word' id='word_1_490' title='bbox 192 4489 297 4545; x_wconf 92' lang='lat' dir='ltr'>illo</span> <span class='ocrx_word' id='word_1_491' title='bbox 324 4506 459 4547; x_wconf 88' lang='lat' dir='ltr'>voce</span> <span class='ocrx_word' id='word_1_492' title='bbox 488 4491 734 4564; x_wconf 89' lang='lat' dir='ltr'>angelica</span> <span class='ocrx_word' id='word_1_493' title='bbox 762 4491 831 4548; x_wconf 90' lang='lat' dir='ltr'>ad</span> <span class='ocrx_word' id='word_1_494' title='bbox 864 4493 1131 4549; x_wconf 85' lang='lat' dir='ltr'>Joannem</span> <span class='ocrx_word' id='word_1_495' title='bbox 1168 4493 1408 4551; x_wconf 86' lang='lat' dir='ltr'>dicitur:</span> <span class='ocrx_word' id='word_1_496' title='bbox 1452 4496 1536 4554; x_wconf 73' lang='lat' dir='ltr'>Va:</span> <span class='ocrx_word' id='word_1_497' title='bbox 1566 4502 1722 4553; x_wconf 68' lang='lat' dir='ltr'>terra:</span> 
     </span>
    </p>
   </div>
   <div class='ocr_carea' id='block_1_73' title="bbox 94 4578 1721 4651">
    <p class='ocr_par' dir='ltr' id='par_1_73' title="bbox 94 4578 1721 4651">
     <span class='ocr_line' id='line_1_73' title="bbox 94 4578 1721 4651; baseline 0.004 -18"><span class='ocrx_word' id='word_1_498' title='bbox 94 4583 144 4633; x_wconf 87' lang='lat' dir='ltr'>et</span> <span class='ocrx_word' id='word_1_499' title='bbox 170 4578 341 4645; x_wconf 80' lang='lat' dir='ltr'>mari,</span> <span class='ocrx_word' id='word_1_500' title='bbox 390 4579 518 4651; x_wconf 83' lang='lat' dir='ltr'>quia</span> <span class='ocrx_word' id='word_1_501' title='bbox 555 4581 815 4637; x_wconf 80' lang='lat' dir='ltr'>descendit</span> <span class='ocrx_word' id='word_1_502' title='bbox 858 4582 1103 4638; x_wconf 78' lang='lat' dir='ltr'>diabolus</span> <span class='ocrx_word' id='word_1_503' title='bbox 1140 4583 1212 4638; x_wconf 88' lang='lat' dir='ltr'>ad</span> <span class='ocrx_word' id='word_1_504' title='bbox 1239 4601 1329 4639; x_wconf 78' lang='lat' dir='ltr'>vos</span> <span class='ocrx_word' id='word_1_505' title='bbox 1357 4584 1551 4639; x_wconf 82' lang='lat' dir='ltr'>habens</span> <span class='ocrx_word' id='word_1_506' title='bbox 1580 4583 1721 4641; x_wconf 78' lang='lat' dir='ltr'>iram</span> 
     </span>
    </p>
   </div>
   <div class='ocr_carea' id='block_1_74' title="bbox 92 4670 1716 4745">
    <p class='ocr_par' dir='ltr' id='par_1_74' title="bbox 92 4670 1716 4745">
     <span class='ocr_line' id='line_1_74' title="bbox 92 4670 1716 4745; baseline 0.004 -22"><span class='ocrx_word' id='word_1_507' title='bbox 92 4684 372 4740; x_wconf 71' lang='lat' dir='ltr'>magnam,</span> <span class='ocrx_word' id='word_1_508' title='bbox 421 4670 588 4727; x_wconf 87' lang='lat' dir='ltr'>sciens</span> <span class='ocrx_word' id='word_1_509' title='bbox 629 4671 771 4743; x_wconf 88' lang='lat' dir='ltr'>quod</span> <span class='ocrx_word' id='word_1_510' title='bbox 816 4671 1079 4726; x_wconf 87' lang='lat' dir='ltr'>modicum</span> <span class='ocrx_word' id='word_1_511' title='bbox 1110 4677 1309 4743; x_wconf 85' lang='lat' dir='ltr'>tempus</span> <span class='ocrx_word' id='word_1_512' title='bbox 1347 4673 1497 4728; x_wconf 84' lang='lat' dir='ltr'>habet</span> <span class='ocrx_word' id='word_1_513' title='bbox 1529 4673 1716 4745; x_wconf 89' lang='lat' dir='ltr'>(Apoc.</span> 
     </span>
    </p>
   </div>
   <div class='ocr_carea' id='block_1_75' title="bbox 94 4759 1717 4833">
    <p class='ocr_par' dir='ltr' id='par_1_75' title="bbox 94 4759 1717 4833">
     <span class='ocr_line' id='line_1_75' title="bbox 94 4759 1717 4833; baseline 0.004 -21"><span class='ocrx_word' id='word_1_514' title='bbox 94 4773 204 4825; x_wconf 84' lang='lat' dir='ltr'>xn,</span> <span class='ocrx_word' id='word_1_515' title='bbox 241 4759 357 4831; x_wconf 80' lang='lat'>12).</span> <span class='ocrx_word' id='word_1_516' title='bbox 393 4760 549 4818; x_wconf 89' lang='lat' dir='ltr'>Tunc</span> <span class='ocrx_word' id='word_1_517' title='bbox 577 4776 705 4833; x_wconf 89' lang='lat' dir='ltr'>ergo</span> <span class='ocrx_word' id='word_1_518' title='bbox 738 4760 797 4816; x_wconf 91' lang='lat' dir='ltr'>in</span> <span class='ocrx_word' id='word_1_519' title='bbox 825 4777 1035 4833; x_wconf 67' lang='lat' dir='ltr'>magna:</span> <span class='ocrx_word' id='word_1_520' title='bbox 1066 4761 1161 4817; x_wconf 70' lang='lat' dir='ltr'>iraa</span> <span class='ocrx_word' id='word_1_521' title='bbox 1189 4762 1464 4819; x_wconf 81' lang='lat' dir='ltr'>fervorem</span> <span class='ocrx_word' id='word_1_522' title='bbox 1496 4780 1553 4818; x_wconf 90' lang='lat' dir='ltr'>se</span> <span class='ocrx_word' id='word_1_523' title='bbox 1582 4762 1717 4820; x_wconf 87' lang='lat' dir='ltr'>dila-</span> 
     </span>
    </p>
   </div>
   <div class='ocr_carea' id='block_1_76' title="bbox 96 4848 1720 4924">
    <p class='ocr_par' dir='ltr' id='par_1_76' title="bbox 96 4848 1720 4924">
     <span class='ocr_line' id='line_1_76' title="bbox 96 4848 1720 4924; baseline 0.005 -23"><span class='ocrx_word' id='word_1_524' title='bbox 96 4852 200 4916; x_wconf 85' lang='lat' dir='ltr'>tat,</span> <span class='ocrx_word' id='word_1_525' title='bbox 220 4862 292 4903; x_wconf 89' lang='lat' dir='ltr'>ne</span> <span class='ocrx_word' id='word_1_526' title='bbox 319 4848 414 4922; x_wconf 91' lang='lat' dir='ltr'>qui</span> <span class='ocrx_word' id='word_1_527' title='bbox 445 4848 503 4905; x_wconf 92' lang='lat' dir='ltr'>in</span> <span class='ocrx_word' id='word_1_528' title='bbox 531 4848 879 4906; x_wconf 90' lang='lat' dir='ltr'>beatitudine</span> <span class='ocrx_word' id='word_1_529' title='bbox 898 4857 1039 4907; x_wconf 89' lang='lat' dir='ltr'>stare</span> <span class='ocrx_word' id='word_1_530' title='bbox 1060 4867 1173 4906; x_wconf 91' lang='lat' dir='ltr'>non</span> <span class='ocrx_word' id='word_1_531' title='bbox 1193 4852 1396 4924; x_wconf 85' lang='lat' dir='ltr'>potuit,</span> <span class='ocrx_word' id='word_1_532' title='bbox 1418 4852 1476 4908; x_wconf 90' lang='lat' dir='ltr'>in</span> <span class='ocrx_word' id='word_1_533' title='bbox 1497 4851 1720 4909; x_wconf 89' lang='lat' dir='ltr'>damna-</span> 
     </span>
    </p>
   </div>
   <div class='ocr_carea' id='block_1_77' title="bbox 96 4936 1722 5016">
    <p class='ocr_par' dir='ltr' id='par_1_77' title="bbox 96 4936 1722 5016">
     <span class='ocr_line' id='line_1_77' title="bbox 96 4936 1722 5016; baseline 0.004 -25"><span class='ocrx_word' id='word_1_534' title='bbox 96 4936 275 4994; x_wconf 91' lang='lat' dir='ltr'>tionis</span> <span class='ocrx_word' id='word_1_535' title='bbox 306 4954 419 4994; x_wconf 66' lang='lat' dir='ltr'>suae</span> <span class='ocrx_word' id='word_1_536' title='bbox 452 4938 669 4997; x_wconf 88' lang='lat' dir='ltr'>foveam</span> <span class='ocrx_word' id='word_1_537' title='bbox 698 4957 825 4998; x_wconf 92' lang='lat' dir='ltr'>cum</span> <span class='ocrx_word' id='word_1_538' title='bbox 870 4941 1063 5012; x_wconf 87' lang='lat' dir='ltr'>paucis</span> <span class='ocrx_word' id='word_1_539' title='bbox 1091 4947 1232 4997; x_wconf 88' lang='lat' dir='ltr'>ruat.</span> <span class='ocrx_word' id='word_1_540' title='bbox 1264 4940 1422 4997; x_wconf 91' lang='lat' dir='ltr'>Tunc</span> <span class='ocrx_word' id='word_1_541' title='bbox 1448 4941 1722 5016; x_wconf 87' lang='lat' dir='ltr'>quidquid</span> 
     </span>
    </p>
   </div>
   <div class='ocr_carea' id='block_1_78' title="bbox 96 5028 1722 5104">
    <p class='ocr_par' dir='ltr' id='par_1_78' title="bbox 96 5028 1722 5104">
     <span class='ocr_line' id='line_1_78' title="bbox 96 5028 1722 5104; baseline 0.002 -19"><span class='ocrx_word' id='word_1_542' title='bbox 96 5028 365 5101; x_wconf 88' lang='lat' dir='ltr'>nequiter</span> <span class='ocrx_word' id='word_1_543' title='bbox 392 5030 651 5101; x_wconf 87' lang='lat' dir='ltr'>valuerit,</span> <span class='ocrx_word' id='word_1_544' title='bbox 676 5033 698 5068; x_wconf 76' lang='grc'><strong>³</strong></span> <span class='ocrx_word' id='word_1_545' title='bbox 722 5031 979 5089; x_wconf 89' lang='lat' dir='ltr'>callidius</span> <span class='ocrx_word' id='word_1_546' title='bbox 1006 5030 1270 5104; x_wconf 84' lang='lat' dir='ltr'>exquirit;</span> <span class='ocrx_word' id='word_1_547' title='bbox 1294 5038 1429 5088; x_wconf 89' lang='lat' dir='ltr'>tunc</span> <span class='ocrx_word' id='word_1_548' title='bbox 1449 5032 1722 5088; x_wconf 87' lang='lat' dir='ltr'>cervicem</span> 
     </span>
    </p>
   </div>
   <div class='ocr_carea' id='block_1_79' title="bbox 96 5119 1721 5196">
    <p class='ocr_par' dir='ltr' id='par_1_79' title="bbox 96 5119 1721 5196">
     <span class='ocr_line' id='line_1_79' title="bbox 96 5119 1721 5196; baseline -0.001 -20"><span class='ocrx_word' id='word_1_549' title='bbox 96 5119 381 5192; x_wconf 62' lang='lat' dir='ltr'>superbiai</span> <span class='ocrx_word' id='word_1_550' title='bbox 410 5121 577 5179; x_wconf 86' lang='lat' dir='ltr'>altius</span> <span class='ocrx_word' id='word_1_551' title='bbox 596 5122 781 5196; x_wconf 88' lang='lat' dir='ltr'>erigit,</span> <span class='ocrx_word' id='word_1_552' title='bbox 811 5132 864 5181; x_wconf 89' lang='lat' dir='ltr'>et</span> <span class='ocrx_word' id='word_1_553' title='bbox 892 5138 989 5196; x_wconf 90' lang='lat' dir='ltr'>per</span> <span class='ocrx_word' id='word_1_554' title='bbox 1017 5120 1336 5178; x_wconf 87' lang='lat' dir='ltr'>damnatum</span> <span class='ocrx_word' id='word_1_555' title='bbox 1368 5120 1526 5177; x_wconf 91' lang='lat' dir='ltr'>illum</span> <span class='ocrx_word' id='word_1_556' title='bbox 1557 5134 1721 5192; x_wconf 89' lang='lat' dir='ltr'>quem</span> 
     </span>
    </p>
   </div>
   <div class='ocr_carea' id='block_1_80' title="bbox 96 5208 1723 5285">
    <p class='ocr_par' dir='ltr' id='par_1_80' title="bbox 96 5208 1723 5285">
     <span class='ocr_line' id='line_1_80' title="bbox 96 5208 1723 5285; baseline 0.001 -21"><span class='ocrx_word' id='word_1_557' title='bbox 96 5216 280 5281; x_wconf 88' lang='lat' dir='ltr'>gestat</span> <span class='ocrx_word' id='word_1_558' title='bbox 328 5208 616 5268; x_wconf 90' lang='lat' dir='ltr'>hominem</span> <span class='ocrx_word' id='word_1_559' title='bbox 664 5228 827 5269; x_wconf 92' lang='lat' dir='ltr'>omne</span> <span class='ocrx_word' id='word_1_560' title='bbox 871 5209 1018 5285; x_wconf 90' lang='lat' dir='ltr'>quod</span> <span class='ocrx_word' id='word_1_561' title='bbox 1056 5209 1436 5283; x_wconf 89' lang='lat' dir='ltr'>temporaliter</span> <span class='ocrx_word' id='word_1_562' title='bbox 1460 5208 1723 5282; x_wconf 60' lang='lat' dir='ltr'>praevalet</span> 
     </span>
    </p>
   </div>
   <div class='ocr_carea' id='block_1_81' title="bbox 95 5298 1724 5372">
    <p class='ocr_par' dir='ltr' id='par_1_81' title="bbox 95 5298 1724 5372">
     <span class='ocr_line' id='line_1_81' title="bbox 95 5298 1724 5372; baseline 0.002 -18"><span class='ocrx_word' id='word_1_563' title='bbox 95 5299 363 5372; x_wconf 89' lang='lat' dir='ltr'>nequiter</span> <span class='ocrx_word' id='word_1_564' title='bbox 404 5301 665 5360; x_wconf 89' lang='lat' dir='ltr'>ostendit.</span> <span class='ocrx_word' id='word_1_565' title='bbox 712 5300 867 5360; x_wconf 87' lang='lat' dir='ltr'>Unde</span> <span class='ocrx_word' id='word_1_566' title='bbox 913 5309 968 5359; x_wconf 94' lang='lat' dir='ltr'>et</span> <span class='ocrx_word' id='word_1_567' title='bbox 1015 5298 1209 5357; x_wconf 89' lang='lat' dir='ltr'>divina</span> <span class='ocrx_word' id='word_1_568' title='bbox 1236 5316 1370 5357; x_wconf 90' lang='lat' dir='ltr'>voce</span> <span class='ocrx_word' id='word_1_569' title='bbox 1399 5305 1547 5356; x_wconf 88' lang='lat' dir='ltr'>recte</span> <span class='ocrx_word' id='word_1_570' title='bbox 1574 5314 1724 5357; x_wconf 90' lang='lat' dir='ltr'>nunc</span> 
     </span>
    </p>
   </div>
   <div class='ocr_carea' id='block_1_82' title="bbox 96 5387 353 5447">
    <p class='ocr_par' dir='ltr' id='par_1_82' title="bbox 96 5387 353 5447">
     <span class='ocr_line' id='line_1_82' title="bbox 96 5387 353 5447; baseline 0.008 -2"><span class='ocrx_word' id='word_1_571' title='bbox 96 5387 318 5447; x_wconf 79' lang='lat' dir='ltr'>dicitur</span> <span class='ocrx_word' id='word_1_572' title='bbox 341 5406 353 5447; x_wconf 90' lang='lat'><strong>:</strong></span> 
     </span>
    </p>
   </div>
   <div class='ocr_carea' id='block_1_83' title="bbox 177 5612 1725 5689">
    <p class='ocr_par' dir='ltr' id='par_1_83' title="bbox 177 5612 1725 5689">
     <span class='ocr_line' id='line_1_83' title="bbox 177 5612 1725 5689; baseline -0.003 -13"><span class='ocrx_word' id='word_1_573' title='bbox 177 5613 196 5655; x_wconf 69' lang='grc' dir='ltr'>ί</span> <span class='ocrx_word' id='word_1_574' title='bbox 230 5620 357 5676; x_wconf 91' lang='lat' dir='ltr'>Duo</span> <span class='ocrx_word' id='word_1_575' title='bbox 388 5612 600 5688; x_wconf 87' lang='lat' dir='ltr'>Germ.,</span> <span class='ocrx_word' id='word_1_576' title='bbox 629 5614 827 5687; x_wconf 89' lang='lat' dir='ltr'>Laud.,</span> <span class='ocrx_word' id='word_1_577' title='bbox 870 5616 1084 5675; x_wconf 88' lang='lat' dir='ltr'>Gemet.</span> <span class='ocrx_word' id='word_1_578' title='bbox 1124 5624 1181 5673; x_wconf 92' lang='lat' dir='ltr'>et</span> <span class='ocrx_word' id='word_1_579' title='bbox 1218 5614 1388 5689; x_wconf 88' lang='lat' dir='ltr'>plur.,</span> <span class='ocrx_word' id='word_1_580' title='bbox 1419 5631 1486 5673; x_wconf 68' lang='lat' dir='ltr'>ea</span> <span class='ocrx_word' id='word_1_581' title='bbox 1518 5631 1579 5673; x_wconf 90' lang='lat' dir='ltr'>ea</span> <span class='ocrx_word' id='word_1_582' title='bbox 1608 5632 1725 5688; x_wconf 70' lang='lat' dir='ltr'>qua:</span> 
     </span>
    </p>
   </div>
   <div class='ocr_carea' id='block_1_84' title="bbox 96 5708 1155 5843">
    <p class='ocr_par' dir='ltr' id='par_1_84' title="bbox 96 5708 1155 5843">
     <span class='ocr_line' id='line_1_84' title="bbox 96 5708 1155 5843; baseline 0.015 -35"><span class='ocrx_word' id='word_1_583' title='bbox 96 5708 205 5843; x_wconf 52' lang='lat' dir='ltr'>no;</span> <span class='ocrx_word' id='word_1_584' title='bbox 214 5736 358 5843; x_wconf 46' lang='lat' dir='ltr'>._V_al.</span> <span class='ocrx_word' id='word_1_585' title='bbox 395 5761 479 5843; x_wconf 61' lang='lat' dir='ltr'>gl.</span> <span class='ocrx_word' id='word_1_586' title='bbox 492 5805 522 5843; x_wconf 39' lang='grc' dir='ltr'>,ι</span> <span class='ocrx_word' id='word_1_587' title='bbox 537 5761 880 5843; x_wconf 67' lang='lat' dir='ltr'>crescentibus</span> <span class='ocrx_word' id='word_1_588' title='bbox 907 5761 1085 5817; x_wconf 65' lang='lat' dir='ltr'>malis</span> 
     </span>
    </p>
   </div>
   <div class='ocr_carea' id='block_1_85' title="bbox 171 5832 1614 5916">
    <p class='ocr_par' dir='ltr' id='par_1_85' title="bbox 171 5832 1614 5916">
     <span class='ocr_line' id='line_1_85' title="bbox 171 5832 1614 5916; baseline -0.001 -26"><span class='ocrx_word' id='word_1_589' title='bbox 171 5836 195 5916; x_wconf 58' lang='grc' dir='ltr'>ξ</span> <span class='ocrx_word' id='word_1_590' title='bbox 230 5834 386 5916; x_wconf 62' lang='lat' dir='ltr'>idem</span> <span class='ocrx_word' id='word_1_591' title='bbox 411 5832 756 5916; x_wconf 31' lang='lat' dir='ltr'>Codexvcum</span> <span class='ocrx_word' id='word_1_592' title='bbox 787 5833 996 5916; x_wconf 42' lang='lat' dir='ltr'>Ger‘m,</span> <span class='ocrx_word' id='word_1_593' title='bbox 1019 5833 1286 5916; x_wconf 52' lang='lat' dir='ltr'>pallidus1</span> <span class='ocrx_word' id='word_1_594' title='bbox 1429 5912 1438 5916; x_wconf 24' lang='grc' dir='ltr'><strong>Α</strong></span> 
     </span>
    </p>
   </div>
   <div class='ocr_carea' id='block_1_86' title="bbox 176 5903 1726 5977">
    <p class='ocr_par' dir='ltr' id='par_1_86' title="bbox 176 5903 1726 5977">
     <span class='ocr_line' id='line_1_86' title="bbox 176 5903 1726 5977; baseline -0.003 -14"><span class='ocrx_word' id='word_1_595' title='bbox 176 5908 201 5940; x_wconf 64' lang='grc'>⁸</span> <span class='ocrx_word' id='word_1_596' title='bbox 231 5907 316 5963; x_wconf 88' lang='lat' dir='ltr'>Ita</span> <span class='ocrx_word' id='word_1_597' title='bbox 345 5903 545 5973; x_wconf 55' lang='lat' dir='ltr'>Laud.,</span> <span class='ocrx_word' id='word_1_598' title='bbox 580 5904 842 5973; x_wconf 82' lang='lat' dir='ltr'>Vindoc.,</span> <span class='ocrx_word' id='word_1_599' title='bbox 875 5904 984 5960; x_wconf 90' lang='lat' dir='ltr'>duo</span> <span class='ocrx_word' id='word_1_600' title='bbox 1014 5905 1223 5972; x_wconf 80' lang='lat' dir='ltr'>Germ.,</span> <span class='ocrx_word' id='word_1_601' title='bbox 1248 5906 1489 5971; x_wconf 85' lang='lat' dir='ltr'>Gemet.,</span> <span class='ocrx_word' id='word_1_602' title='bbox 1521 5903 1726 5977; x_wconf 81' lang='lat' dir='ltr'>aliique</span> 
     </span>
    </p>
   </div>
   <div class='ocr_carea' id='block_1_87' title="bbox 1824 3399 3433 3486">
    <p class='ocr_par' dir='ltr' id='par_1_87' title="bbox 1824 3399 3433 3486">
     <span class='ocr_line' id='line_1_87' title="bbox 1824 3399 3433 3486; baseline 0.012 -32"><span class='ocrx_word' id='word_1_603' title='bbox 1824 3399 1884 3454; x_wconf 91' lang='lat' dir='ltr'>in</span> <span class='ocrx_word' id='word_1_604' title='bbox 1915 3399 2142 3470; x_wconf 87' lang='lat' dir='ltr'>virtute,</span> <span class='ocrx_word' id='word_1_605' title='bbox 2174 3404 2305 3476; x_wconf 90' lang='lat' dir='ltr'>quia</span> <span class='ocrx_word' id='word_1_606' title='bbox 2350 3422 2514 3464; x_wconf 91' lang='lat' dir='ltr'>omne</span> <span class='ocrx_word' id='word_1_607' title='bbox 2561 3409 2710 3482; x_wconf 92' lang='lat' dir='ltr'>quod</span> <span class='ocrx_word' id='word_1_608' title='bbox 2747 3413 3002 3486; x_wconf 89' lang='lat' dir='ltr'>nequiter</span> <span class='ocrx_word' id='word_1_609' title='bbox 3040 3415 3181 3483; x_wconf 91' lang='lat' dir='ltr'>vult,</span> <span class='ocrx_word' id='word_1_610' title='bbox 3228 3414 3335 3474; x_wconf 90' lang='lat' dir='ltr'>hoc</span> <span class='ocrx_word' id='word_1_611' title='bbox 3364 3416 3433 3473; x_wconf 89' lang='lat' dir='ltr'>ad</span> 
     </span>
    </p>
   </div>
   <div class='ocr_carea' id='block_1_88' title="bbox 1822 3493 3433 3573">
    <p class='ocr_par' dir='ltr' id='par_1_88' title="bbox 1822 3493 3433 3573">
     <span class='ocr_line' id='line_1_88' title="bbox 1822 3493 3433 3573; baseline 0.012 -31"><span class='ocrx_word' id='word_1_612' title='bbox 1822 3494 2041 3562; x_wconf 90' lang='lat' dir='ltr'>tempus</span> <span class='ocrx_word' id='word_1_613' title='bbox 2082 3493 2310 3565; x_wconf 87' lang='lat' dir='ltr'>exsequi</span> <span class='ocrx_word' id='word_1_614' title='bbox 2353 3495 2517 3552; x_wconf 89' lang='lat' dir='ltr'>etiam</span> <span class='ocrx_word' id='word_1_615' title='bbox 2561 3497 2778 3556; x_wconf 84' lang='lat' dir='ltr'>fortiter</span> <span class='ocrx_word' id='word_1_616' title='bbox 2805 3509 3003 3573; x_wconf 88' lang='lat' dir='ltr'>potest.</span> <span class='ocrx_word' id='word_1_617' title='bbox 3033 3504 3054 3539; x_wconf 83' lang='grc'><strong><em>⁵</em></strong></span> <span class='ocrx_word' id='word_1_618' title='bbox 3089 3505 3263 3561; x_wconf 90' lang='lat' dir='ltr'>Dolus</span> <span class='ocrx_word' id='word_1_619' title='bbox 3301 3521 3433 3562; x_wconf 90' lang='lat' dir='ltr'>vero</span> 
     </span>
    </p>
   </div>
   <div class='ocr_carea' id='block_1_89' title="bbox 1826 3578 3433 3665">
    <p class='ocr_par' dir='ltr' id='par_1_89' title="bbox 1826 3578 3433 3665">
     <span class='ocr_line' id='line_1_89' title="bbox 1826 3578 3433 3665; baseline 0.011 -30"><span class='ocrx_word' id='word_1_620' title='bbox 1826 3578 1944 3651; x_wconf 90' lang='lat' dir='ltr'>ejus</span> <span class='ocrx_word' id='word_1_621' title='bbox 1987 3580 2153 3653; x_wconf 85' lang='lat' dir='ltr'>dirigi</span> <span class='ocrx_word' id='word_1_622' title='bbox 2183 3582 2412 3654; x_wconf 89' lang='lat' dir='ltr'>dicitur,</span> <span class='ocrx_word' id='word_1_623' title='bbox 2444 3586 2573 3659; x_wconf 90' lang='lat' dir='ltr'>quia</span> <span class='ocrx_word' id='word_1_624' title='bbox 2614 3587 2825 3649; x_wconf 81' lang='lat' dir='ltr'>fraudis</span> <span class='ocrx_word' id='word_1_625' title='bbox 2866 3590 2985 3665; x_wconf 90' lang='lat' dir='ltr'>ejus</span> <span class='ocrx_word' id='word_1_626' title='bbox 3026 3594 3241 3651; x_wconf 88' lang='lat' dir='ltr'>malitia</span> <span class='ocrx_word' id='word_1_627' title='bbox 3279 3595 3433 3651; x_wconf 83' lang='lat' dir='ltr'>nulla</span> 
     </span>
    </p>
   </div>
   <div class='ocr_carea' id='block_1_90' title="bbox 1827 3670 3431 3747">
    <p class='ocr_par' dir='ltr' id='par_1_90' title="bbox 1827 3670 3431 3747">
     <span class='ocr_line' id='line_1_90' title="bbox 1827 3670 3431 3747; baseline 0.008 -20"><span class='ocrx_word' id='word_1_628' title='bbox 1827 3670 2151 3729; x_wconf 85' lang='lat' dir='ltr'>diﬂicultate</span> <span class='ocrx_word' id='word_1_629' title='bbox 2182 3674 2533 3747; x_wconf 70' lang='lat' dir='ltr'>praepeditur.</span> <span class='ocrx_word' id='word_1_630' title='bbox 2569 3678 2685 3736; x_wconf 90' lang='lat' dir='ltr'>Hoc</span> <span class='ocrx_word' id='word_1_631' title='bbox 2713 3680 2862 3737; x_wconf 91' lang='lat' dir='ltr'>enim</span> <span class='ocrx_word' id='word_1_632' title='bbox 2890 3681 3194 3739; x_wconf 86' lang='lat' dir='ltr'>Leviathan</span> <span class='ocrx_word' id='word_1_633' title='bbox 3222 3682 3324 3739; x_wconf 89' lang='lat' dir='ltr'>iste</span> <span class='ocrx_word' id='word_1_634' title='bbox 3342 3685 3431 3740; x_wconf 91' lang='lat' dir='ltr'>vel</span> 
     </span>
    </p>
   </div>
   <div class='ocr_carea' id='block_1_91' title="bbox 1825 3762 3432 3847">
    <p class='ocr_par' dir='ltr' id='par_1_91' title="bbox 1825 3762 3432 3847">
     <span class='ocr_line' id='line_1_91' title="bbox 1825 3762 3432 3847; baseline 0.007 -28"><span class='ocrx_word' id='word_1_635' title='bbox 1825 3780 1955 3820; x_wconf 89' lang='lat' dir='ltr'>vasa</span> <span class='ocrx_word' id='word_1_636' title='bbox 2002 3762 2119 3836; x_wconf 88' lang='lat' dir='ltr'>ejus</span> <span class='ocrx_word' id='word_1_637' title='bbox 2155 3764 2357 3823; x_wconf 87' lang='lat' dir='ltr'>habere</span> <span class='ocrx_word' id='word_1_638' title='bbox 2396 3768 2589 3825; x_wconf 88' lang='lat' dir='ltr'>crebro</span> <span class='ocrx_word' id='word_1_639' title='bbox 2630 3772 2917 3844; x_wconf 89' lang='lat' dir='ltr'>proprium</span> <span class='ocrx_word' id='word_1_640' title='bbox 2956 3774 3154 3843; x_wconf 87' lang='lat' dir='ltr'>solent,</span> <span class='ocrx_word' id='word_1_641' title='bbox 3187 3772 3334 3847; x_wconf 88' lang='lat' dir='ltr'>quod</span> <span class='ocrx_word' id='word_1_642' title='bbox 3362 3772 3432 3829; x_wconf 85' lang='lat' dir='ltr'>ad</span> 
     </span>
    </p>
   </div>
   <div class='ocr_carea' id='block_1_92' title="bbox 1826 3852 3433 3939">
    <p class='ocr_par' dir='ltr' id='par_1_92' title="bbox 1826 3852 3433 3939">
     <span class='ocr_line' id='line_1_92' title="bbox 1826 3852 3433 3939; baseline 0.009 -31"><span class='ocrx_word' id='word_1_643' title='bbox 1826 3852 2140 3928; x_wconf 87' lang='lat' dir='ltr'>iniquitatis</span> <span class='ocrx_word' id='word_1_644' title='bbox 2174 3873 2285 3913; x_wconf 74' lang='lat' dir='ltr'>suae</span> <span class='ocrx_word' id='word_1_645' title='bbox 2329 3859 2614 3915; x_wconf 90' lang='lat' dir='ltr'>cumulum</span> <span class='ocrx_word' id='word_1_646' title='bbox 2649 3877 2711 3918; x_wconf 93' lang='lat' dir='ltr'>ea</span> <span class='ocrx_word' id='word_1_647' title='bbox 2739 3879 2861 3937; x_wconf 66' lang='lat' dir='ltr'>quae</span> <span class='ocrx_word' id='word_1_648' title='bbox 2888 3864 3143 3939; x_wconf 88' lang='lat' dir='ltr'>nequiter</span> <span class='ocrx_word' id='word_1_649' title='bbox 3169 3872 3433 3938; x_wconf 88' lang='lat' dir='ltr'>appetunt</span> 
     </span>
    </p>
   </div>
   <div class='ocr_carea' id='block_1_93' title="bbox 1826 3946 2593 4021">
    <p class='ocr_par' dir='ltr' id='par_1_93' title="bbox 1826 3946 2593 4021">
     <span class='ocr_line' id='line_1_93' title="bbox 1826 3946 2593 4021; baseline 0.009 -21"><span class='ocrx_word' id='word_1_650' title='bbox 1826 3946 2049 4018; x_wconf 88' lang='lat' dir='ltr'>explere</span> <span class='ocrx_word' id='word_1_651' title='bbox 2076 3947 2313 4021; x_wconf 90' lang='lat' dir='ltr'>nequius</span> <span class='ocrx_word' id='word_1_652' title='bbox 2341 3958 2593 4021; x_wconf 89' lang='lat' dir='ltr'>possunt.</span> 
     </span>
    </p>
   </div>
   <div class='ocr_carea' id='block_1_94' title="bbox 1897 4035 3433 4116">
    <p class='ocr_par' dir='ltr' id='par_1_94' title="bbox 1897 4035 3433 4116">
     <span class='ocr_line' id='line_1_94' title="bbox 1897 4035 3433 4116; baseline 0.007 -26"><span class='ocrx_word' id='word_1_653' title='bbox 1897 4035 1949 4091; x_wconf 88' lang='lat'>3.</span> <span class='ocrx_word' id='word_1_654' title='bbox 1992 4036 2178 4091; x_wconf 84' lang='lat' dir='ltr'>Divini</span> <span class='ocrx_word' id='word_1_655' title='bbox 2205 4038 2441 4093; x_wconf 85' lang='lat' dir='ltr'>muneris</span> <span class='ocrx_word' id='word_1_656' title='bbox 2468 4046 2543 4093; x_wconf 90' lang='lat' dir='ltr'>est</span> <span class='ocrx_word' id='word_1_657' title='bbox 2581 4056 2705 4112; x_wconf 86' lang='lat' dir='ltr'>erga</span> <span class='ocrx_word' id='word_1_658' title='bbox 2742 4040 2943 4109; x_wconf 84' lang='lat' dir='ltr'>electos,</span> <span class='ocrx_word' id='word_1_659' title='bbox 2979 4040 3120 4113; x_wconf 87' lang='lat' dir='ltr'>quod</span> <span class='ocrx_word' id='word_1_660' title='bbox 3152 4042 3433 4116; x_wconf 82' lang='lat' dir='ltr'>cegitatum</span> 
     </span>
    </p>
   </div>
   <div class='ocr_carea' id='block_1_95' title="bbox 1826 4126 3433 4198">
    <p class='ocr_par' dir='ltr' id='par_1_95' title="bbox 1826 4126 3433 4198">
     <span class='ocr_line' id='line_1_95' title="bbox 1826 4126 3433 4198; baseline 0.008 -20"><span class='ocrx_word' id='word_1_661' title='bbox 1826 4126 2027 4180; x_wconf 86' lang='lat' dir='ltr'>malum</span> <span class='ocrx_word' id='word_1_662' title='bbox 2061 4133 2370 4197; x_wconf 83' lang='lat' dir='ltr'>perpetrare</span> <span class='ocrx_word' id='word_1_663' title='bbox 2409 4134 2683 4198; x_wconf 84' lang='lat' dir='ltr'>nequeant.</span> <span class='ocrx_word' id='word_1_664' title='bbox 2730 4158 2801 4170; x_wconf 93' lang='lat'>—-</span> <span class='ocrx_word' id='word_1_665' title='bbox 2838 4129 2977 4186; x_wconf 88' lang='lat' dir='ltr'>Nam</span> <span class='ocrx_word' id='word_1_666' title='bbox 3029 4146 3157 4188; x_wconf 90' lang='lat' dir='ltr'>cum</span> <span class='ocrx_word' id='word_1_667' title='bbox 3204 4133 3433 4191; x_wconf 86' lang='lat' dir='ltr'>fortasse</span> 
     </span>
    </p>
   </div>
   <div class='ocr_carea' id='block_1_96' title="bbox 1829 4211 3431 4292">
    <p class='ocr_par' dir='ltr' id='par_1_96' title="bbox 1829 4211 3431 4292">
     <span class='ocr_line' id='line_1_96' title="bbox 1829 4211 3431 4292; baseline 0.007 -25"><span class='ocrx_word' id='word_1_668' title='bbox 1829 4211 2185 4270; x_wconf 86' lang='lat' dir='ltr'>inﬁrmantur</span> <span class='ocrx_word' id='word_1_669' title='bbox 2213 4215 2394 4287; x_wconf 90' lang='lat' dir='ltr'>electi,</span> <span class='ocrx_word' id='word_1_670' title='bbox 2420 4226 2583 4290; x_wconf 87' lang='lat' dir='ltr'>atque</span> <span class='ocrx_word' id='word_1_671' title='bbox 2611 4217 2668 4273; x_wconf 91' lang='lat' dir='ltr'>in</span> <span class='ocrx_word' id='word_1_672' title='bbox 2696 4217 2989 4276; x_wconf 89' lang='lat' dir='ltr'>desideriis</span> <span class='ocrx_word' id='word_1_673' title='bbox 3005 4218 3219 4279; x_wconf 90' lang='lat' dir='ltr'>illicitis</span> <span class='ocrx_word' id='word_1_674' title='bbox 3242 4230 3431 4292; x_wconf 90' lang='lat' dir='ltr'>ruunt,</span> 
     </span>
    </p>
   </div>
   <div class='ocr_carea' id='block_1_97' title="bbox 1829 4303 3433 4383">
    <p class='ocr_par' dir='ltr' id='par_1_97' title="bbox 1829 4303 3433 4383">
     <span class='ocr_line' id='line_1_97' title="bbox 1829 4303 3433 4383; baseline 0.007 -24"><span class='ocrx_word' id='word_1_675' title='bbox 1829 4303 1885 4359; x_wconf 92' lang='lat' dir='ltr'>in</span> <span class='ocrx_word' id='word_1_676' title='bbox 1926 4304 2031 4362; x_wconf 89' lang='lat' dir='ltr'>hoc</span> <span class='ocrx_word' id='word_1_677' title='bbox 2061 4307 2384 4381; x_wconf 90' lang='lat' dir='ltr'>plerumque</span> <span class='ocrx_word' id='word_1_678' title='bbox 2413 4308 2593 4364; x_wconf 79' lang='lat' dir='ltr'>divini</span> <span class='ocrx_word' id='word_1_679' title='bbox 2624 4310 2869 4366; x_wconf 87' lang='lat' dir='ltr'>muneris</span> <span class='ocrx_word' id='word_1_680' title='bbox 2908 4327 3076 4368; x_wconf 89' lang='lat' dir='ltr'>manu</span> <span class='ocrx_word' id='word_1_681' title='bbox 3104 4313 3433 4383; x_wconf 89' lang='lat' dir='ltr'>retinentur,</span> 
     </span>
    </p>
   </div>
   <div class='ocr_carea' id='block_1_98' title="bbox 1834 4394 3433 4468">
    <p class='ocr_par' dir='ltr' id='par_1_98' title="bbox 1834 4394 3433 4468">
     <span class='ocr_line' id='line_1_98' title="bbox 1834 4394 3433 4468; baseline 0.007 -18"><span class='ocrx_word' id='word_1_682' title='bbox 1834 4394 1980 4468; x_wconf 91' lang='lat' dir='ltr'>quod</span> <span class='ocrx_word' id='word_1_683' title='bbox 2023 4396 2327 4453; x_wconf 86' lang='lat' dir='ltr'>voluntatis</span> <span class='ocrx_word' id='word_1_684' title='bbox 2365 4397 2577 4454; x_wconf 81' lang='lat' dir='ltr'>miserae</span> <span class='ocrx_word' id='word_1_685' title='bbox 2625 4399 2809 4455; x_wconf 88' lang='lat' dir='ltr'>nullos</span> <span class='ocrx_word' id='word_1_686' title='bbox 2846 4400 3073 4459; x_wconf 76' lang='lat' dir='ltr'>effectus</span> <span class='ocrx_word' id='word_1_687' title='bbox 3119 4402 3433 4461; x_wconf 88' lang='lat' dir='ltr'>inveniunt.</span> 
     </span>
    </p>
   </div>
   <div class='ocr_carea' id='block_1_99' title="bbox 1830 4482 3434 4565">
    <p class='ocr_par' dir='ltr' id='par_1_99' title="bbox 1830 4482 3434 4565">
     <span class='ocr_line' id='line_1_99' title="bbox 1830 4482 3434 4565; baseline 0.005 -24"><span class='ocrx_word' id='word_1_688' title='bbox 1830 4482 2080 4558; x_wconf 89' lang='lat' dir='ltr'>Cumque</span> <span class='ocrx_word' id='word_1_689' title='bbox 2125 4502 2313 4542; x_wconf 91' lang='lat' dir='ltr'>eorum</span> <span class='ocrx_word' id='word_1_690' title='bbox 2356 4487 2501 4544; x_wconf 85' lang='lat' dir='ltr'>votis</span> <span class='ocrx_word' id='word_1_691' title='bbox 2548 4487 2735 4544; x_wconf 89' lang='lat' dir='ltr'>valida</span> <span class='ocrx_word' id='word_1_692' title='bbox 2779 4492 3140 4549; x_wconf 85' lang='lat' dir='ltr'>contrarietas</span> <span class='ocrx_word' id='word_1_693' title='bbox 3168 4493 3434 4565; x_wconf 90' lang='lat' dir='ltr'>nascitur,</span> 
     </span>
    </p>
   </div>
   <div class='ocr_carea' id='block_1_100' title="bbox 1832 4574 3437 4656">
    <p class='ocr_par' dir='ltr' id='par_1_100' title="bbox 1832 4574 3437 4656">
     <span class='ocr_line' id='line_1_100' title="bbox 1832 4574 3437 4656; baseline 0.007 -27"><span class='ocrx_word' id='word_1_694' title='bbox 1832 4574 2155 4649; x_wconf 90' lang='lat' dir='ltr'>plerumque</span> <span class='ocrx_word' id='word_1_695' title='bbox 2202 4593 2271 4633; x_wconf 88' lang='lat' dir='ltr'>ex</span> <span class='ocrx_word' id='word_1_696' title='bbox 2319 4577 2438 4650; x_wconf 87' lang='lat' dir='ltr'>ipsa</span> <span class='ocrx_word' id='word_1_697' title='bbox 2481 4577 2928 4651; x_wconf 88' lang='lat' dir='ltr'>impossibilitate</span> <span class='ocrx_word' id='word_1_698' title='bbox 2968 4581 3341 4656; x_wconf 88' lang='lat' dir='ltr'>corriguntur,</span> <span class='ocrx_word' id='word_1_699' title='bbox 3382 4591 3437 4640; x_wconf 90' lang='lat' dir='ltr'>et</span> 
     </span>
    </p>
   </div>
   <div class='ocr_carea' id='block_1_101' title="bbox 1834 4662 3433 4744">
    <p class='ocr_par' dir='ltr' id='par_1_101' title="bbox 1834 4662 3433 4744">
     <span class='ocr_line' id='line_1_101' title="bbox 1834 4662 3433 4744; baseline 0.008 -27"><span class='ocrx_word' id='word_1_700' title='bbox 1834 4662 1977 4719; x_wconf 88' lang='lat' dir='ltr'>miro</span> <span class='ocrx_word' id='word_1_701' title='bbox 2007 4664 2237 4722; x_wconf 65' lang='lat' dir='ltr'>internas</span> <span class='ocrx_word' id='word_1_702' title='bbox 2267 4665 2645 4739; x_wconf 88' lang='lat' dir='ltr'>dispositionis</span> <span class='ocrx_word' id='word_1_703' title='bbox 2665 4668 2878 4737; x_wconf 90' lang='lat' dir='ltr'>ordine,</span> <span class='ocrx_word' id='word_1_704' title='bbox 2906 4688 3002 4744; x_wconf 88' lang='lat' dir='ltr'>per</span> <span class='ocrx_word' id='word_1_705' title='bbox 3020 4673 3433 4730; x_wconf 85' lang='lat' dir='ltr'>conversionem</span> 
     </span>
    </p>
   </div>
   <div class='ocr_carea' id='block_1_102' title="bbox 1834 4754 3435 4835">
    <p class='ocr_par' dir='ltr' id='par_1_102' title="bbox 1834 4754 3435 4835">
     <span class='ocr_line' id='line_1_102' title="bbox 1834 4754 3435 4835; baseline 0.004 -26"><span class='ocrx_word' id='word_1_706' title='bbox 1834 4754 2070 4810; x_wconf 89' lang='lat' dir='ltr'>mutatio</span> <span class='ocrx_word' id='word_1_707' title='bbox 2092 4756 2249 4812; x_wconf 72' lang='lat' dir='ltr'>malae</span> <span class='ocrx_word' id='word_1_708' title='bbox 2271 4756 2573 4813; x_wconf 84' lang='lat' dir='ltr'>voluntatis</span> <span class='ocrx_word' id='word_1_709' title='bbox 2602 4758 2872 4832; x_wconf 91' lang='lat' dir='ltr'>sequitur,</span> <span class='ocrx_word' id='word_1_710' title='bbox 2904 4758 3038 4817; x_wconf 91' lang='lat' dir='ltr'>dum</span> <span class='ocrx_word' id='word_1_711' title='bbox 3069 4778 3165 4835; x_wconf 88' lang='lat' dir='ltr'>per</span> <span class='ocrx_word' id='word_1_712' title='bbox 3189 4759 3435 4817; x_wconf 89' lang='lat' dir='ltr'>inﬁrmi—</span> 
     </span>
    </p>
   </div>
   <div class='ocr_carea' id='block_1_103' title="bbox 1830 4844 3434 4923">
    <p class='ocr_par' dir='ltr' id='par_1_103' title="bbox 1830 4844 3434 4923">
     <span class='ocr_line' id='line_1_103' title="bbox 1830 4844 3434 4923; baseline 0.004 -25"><span class='ocrx_word' id='word_1_713' title='bbox 1830 4849 2002 4900; x_wconf 88' lang='lat' dir='ltr'>tatem</span> <span class='ocrx_word' id='word_1_714' title='bbox 2031 4844 2295 4917; x_wconf 85' lang='lat' dir='ltr'>perfectio</span> <span class='ocrx_word' id='word_1_715' title='bbox 2324 4845 2642 4920; x_wconf 89' lang='lat' dir='ltr'>denegatur.</span> <span class='ocrx_word' id='word_1_716' title='bbox 2676 4848 2819 4906; x_wconf 86' lang='lat' dir='ltr'>Hinc</span> <span class='ocrx_word' id='word_1_717' title='bbox 2844 4856 2927 4906; x_wconf 89' lang='lat' dir='ltr'>est</span> <span class='ocrx_word' id='word_1_718' title='bbox 2957 4851 3105 4906; x_wconf 91' lang='lat' dir='ltr'>enim</span> <span class='ocrx_word' id='word_1_719' title='bbox 3135 4849 3303 4923; x_wconf 90' lang='lat' dir='ltr'>quod,</span> <span class='ocrx_word' id='word_1_720' title='bbox 3333 4846 3434 4905; x_wconf 89' lang='lat' dir='ltr'>sub</span> 
     </span>
    </p>
   </div>
   <div class='ocr_carea' id='block_1_104' title="bbox 1833 4934 3433 5010">
    <p class='ocr_par' dir='ltr' id='par_1_104' title="bbox 1833 4934 3433 5010">
     <span class='ocr_line' id='line_1_104' title="bbox 1833 4934 3433 5010; baseline 0.004 -21"><span class='ocrx_word' id='word_1_721' title='bbox 1833 4934 2013 5008; x_wconf 78' lang='lat' dir='ltr'>Specie</span> <span class='ocrx_word' id='word_1_722' title='bbox 2042 4935 2478 5010; x_wconf 88' lang='lat' dir='ltr'>uniuscujusque</span> <span class='ocrx_word' id='word_1_723' title='bbox 2507 4937 2725 5007; x_wconf 82' lang='lat' dir='ltr'>animae,</span> <span class='ocrx_word' id='word_1_724' title='bbox 2769 4937 2836 4995; x_wconf 91' lang='lat' dir='ltr'>de</span> <span class='ocrx_word' id='word_1_725' title='bbox 2872 4938 3187 4995; x_wconf 90' lang='lat' dir='ltr'>infirmante</span> <span class='ocrx_word' id='word_1_726' title='bbox 3226 4936 3433 5007; x_wconf 69' lang='lat' dir='ltr'>Judaaa,</span> 
     </span>
    </p>
   </div>
   <div class='ocr_carea' id='block_1_105' title="bbox 1839 5023 3435 5101">
    <p class='ocr_par' dir='ltr' id='par_1_105' title="bbox 1839 5023 3435 5101">
     <span class='ocr_line' id='line_1_105' title="bbox 1839 5023 3435 5101; baseline 0.002 -21"><span class='ocrx_word' id='word_1_727' title='bbox 1839 5030 2002 5097; x_wconf 91' lang='lat' dir='ltr'>atque</span> <span class='ocrx_word' id='word_1_728' title='bbox 2031 5023 2091 5080; x_wconf 92' lang='lat' dir='ltr'>in</span> <span class='ocrx_word' id='word_1_729' title='bbox 2122 5026 2306 5098; x_wconf 90' lang='lat' dir='ltr'>pravis</span> <span class='ocrx_word' id='word_1_730' title='bbox 2335 5025 2630 5084; x_wconf 88' lang='lat' dir='ltr'>itineribus</span> <span class='ocrx_word' id='word_1_731' title='bbox 2657 5026 2958 5101; x_wconf 87' lang='lat' dir='ltr'>gradiente,</span> <span class='ocrx_word' id='word_1_732' title='bbox 2988 5042 3085 5099; x_wconf 88' lang='lat' dir='ltr'>per</span> <span class='ocrx_word' id='word_1_733' title='bbox 3112 5026 3435 5100; x_wconf 89' lang='lat' dir='ltr'>prophetam</span> 
     </span>
    </p>
   </div>
   <div class='ocr_carea' id='block_1_106' title="bbox 1838 5115 3436 5189">
    <p class='ocr_par' dir='ltr' id='par_1_106' title="bbox 1838 5115 3436 5189">
     <span class='ocr_line' id='line_1_106' title="bbox 1838 5115 3436 5189; baseline 0.001 -18"><span class='ocrx_word' id='word_1_734' title='bbox 1838 5115 2109 5172; x_wconf 89' lang='lat' dir='ltr'>Dominus</span> <span class='ocrx_word' id='word_1_735' title='bbox 2140 5115 2309 5173; x_wconf 91' lang='lat' dir='ltr'>dicit:</span> <span class='ocrx_word' id='word_1_736' title='bbox 2355 5117 2488 5173; x_wconf 87' lang='lat' dir='ltr'>Ecce</span> <span class='ocrx_word' id='word_1_737' title='bbox 2527 5134 2614 5189; x_wconf 85' lang='lat' dir='ltr'>ego</span> <span class='ocrx_word' id='word_1_738' title='bbox 2662 5116 2860 5189; x_wconf 84' lang='lat' dir='ltr'>sepiam</span> <span class='ocrx_word' id='word_1_739' title='bbox 2886 5116 3030 5171; x_wconf 82' lang='lat' dir='ltr'>viam</span> <span class='ocrx_word' id='word_1_740' title='bbox 3067 5122 3213 5173; x_wconf 88' lang='lat' dir='ltr'>tuam</span> <span class='ocrx_word' id='word_1_741' title='bbox 3245 5123 3436 5180; x_wconf 83' lang='lat'><strong>1117</strong></span> 
     </span>
    </p>
   </div>
   <div class='ocr_carea' id='block_1_107' title="bbox 1831 5212 3439 5285">
    <p class='ocr_par' dir='ltr' id='par_1_107' title="bbox 1831 5212 3439 5285">
     <span class='ocr_line' id='line_1_107' title="bbox 1831 5212 3439 5285; baseline 0.002 -18"><span class='ocrx_word' id='word_1_742' title='bbox 1831 5212 2020 5284; x_wconf 82' lang='lat' dir='ltr'>spinis,</span> <span class='ocrx_word' id='word_1_743' title='bbox 2052 5218 2100 5269; x_wconf 90' lang='lat' dir='ltr'>et</span> <span class='ocrx_word' id='word_1_744' title='bbox 2126 5212 2324 5285; x_wconf 87' lang='lat' dir='ltr'>sepiam</span> <span class='ocrx_word' id='word_1_745' title='bbox 2351 5231 2465 5271; x_wconf 88' lang='lat' dir='ltr'>eam</span> <span class='ocrx_word' id='word_1_746' title='bbox 2491 5212 2744 5280; x_wconf 84' lang='lat' dir='ltr'>maceria,</span> <span class='ocrx_word' id='word_1_747' title='bbox 2772 5219 2822 5268; x_wconf 87' lang='lat' dir='ltr'>et</span> <span class='ocrx_word' id='word_1_748' title='bbox 2844 5212 3055 5269; x_wconf 81' lang='lat' dir='ltr'>semitas</span> <span class='ocrx_word' id='word_1_749' title='bbox 3085 5230 3208 5269; x_wconf 86' lang='lat' dir='ltr'>suas</span> <span class='ocrx_word' id='word_1_750' title='bbox 3226 5230 3335 5271; x_wconf 85' lang='lat' dir='ltr'>non</span> <span class='ocrx_word' id='word_1_751' title='bbox 3357 5213 3439 5271; x_wconf 80' lang='lat' dir='ltr'>in-</span> 
     </span>
    </p>
   </div>
   <div class='ocr_carea' id='block_1_108' title="bbox 1831 5302 3438 5377">
    <p class='ocr_par' dir='ltr' id='par_1_108' title="bbox 1831 5302 3438 5377">
     <span class='ocr_line' id='line_1_108' title="bbox 1831 5302 3438 5377; baseline 0.003 -20"><span class='ocrx_word' id='word_1_752' title='bbox 1831 5302 2016 5371; x_wconf 79' lang='lat' dir='ltr'>veniet,</span> <span class='ocrx_word' id='word_1_753' title='bbox 2048 5310 2095 5359; x_wconf 90' lang='lat' dir='ltr'>et</span> <span class='ocrx_word' id='word_1_754' title='bbox 2122 5310 2366 5375; x_wconf 83' lang='lat' dir='ltr'>sequetur</span> <span class='ocrx_word' id='word_1_755' title='bbox 2392 5310 2656 5361; x_wconf 83' lang='lat' dir='ltr'>amatores</span> <span class='ocrx_word' id='word_1_756' title='bbox 2683 5320 2825 5369; x_wconf 86' lang='lat' dir='ltr'>suos,</span> <span class='ocrx_word' id='word_1_757' title='bbox 2860 5309 2908 5358; x_wconf 90' lang='lat' dir='ltr'>et</span> <span class='ocrx_word' id='word_1_758' title='bbox 2948 5319 3054 5359; x_wconf 85' lang='lat' dir='ltr'>non</span> <span class='ocrx_word' id='word_1_759' title='bbox 3089 5304 3438 5377; x_wconf 84' lang='lat' dir='ltr'>apprehendet</span> 
     </span>
    </p>
   </div>
   <div class='ocr_carea' id='block_1_109' title="bbox 1830 5392 3438 5465">
    <p class='ocr_par' dir='ltr' id='par_1_109' title="bbox 1830 5392 3438 5465">
     <span class='ocr_line' id='line_1_109' title="bbox 1830 5392 3438 5465; baseline 0.002 -17"><span class='ocrx_word' id='word_1_760' title='bbox 1830 5408 1937 5461; x_wconf 89' lang='lat' dir='ltr'>eos,</span> <span class='ocrx_word' id='word_1_761' title='bbox 1971 5398 2019 5449; x_wconf 90' lang='lat' dir='ltr'>et</span> <span class='ocrx_word' id='word_1_762' title='bbox 2047 5398 2246 5465; x_wconf 57' lang='lat' dir='ltr'>quaeret</span> <span class='ocrx_word' id='word_1_763' title='bbox 2275 5410 2379 5459; x_wconf 86' lang='lat' dir='ltr'>eos,</span> <span class='ocrx_word' id='word_1_764' title='bbox 2409 5401 2457 5449; x_wconf 87' lang='lat' dir='ltr'>et</span> <span class='ocrx_word' id='word_1_765' title='bbox 2482 5396 2504 5431; x_wconf 79' lang='grc'>⁸</span> <span class='ocrx_word' id='word_1_766' title='bbox 2532 5410 2640 5449; x_wconf 83' lang='lat' dir='ltr'>non</span> <span class='ocrx_word' id='word_1_767' title='bbox 2676 5392 2943 5449; x_wconf 82' lang='lat' dir='ltr'>inveniens</span> <span class='ocrx_word' id='word_1_768' title='bbox 2971 5393 3134 5450; x_wconf 86' lang='lat' dir='ltr'>dicet:</span> <span class='ocrx_word' id='word_1_769' title='bbox 3166 5393 3367 5454; x_wconf 81' lang='lat' dir='ltr'>Vadam</span> <span class='ocrx_word' id='word_1_770' title='bbox 3390 5400 3438 5452; x_wconf 86' lang='lat' dir='ltr'>et</span> 
     </span>
    </p>
   </div>
   <div class='ocr_carea' id='block_1_110' title="bbox 1832 5609 3436 5684">
    <p class='ocr_par' dir='ltr' id='par_1_110' title="bbox 1832 5609 3436 5684">
     <span class='ocr_line' id='line_1_110' title="bbox 1832 5609 3436 5684; baseline 0.001 -12"><span class='ocrx_word' id='word_1_771' title='bbox 1832 5614 2021 5674; x_wconf 86' lang='lat' dir='ltr'>Norm.</span> <span class='ocrx_word' id='word_1_772' title='bbox 2051 5614 2114 5671; x_wconf 91' lang='lat' dir='ltr'>In</span> <span class='ocrx_word' id='word_1_773' title='bbox 2141 5610 2321 5670; x_wconf 90' lang='lat' dir='ltr'>Editis</span> <span class='ocrx_word' id='word_1_774' title='bbox 2351 5610 2629 5669; x_wconf 86' lang='lat' dir='ltr'>veteribus</span> <span class='ocrx_word' id='word_1_775' title='bbox 2659 5619 2713 5669; x_wconf 90' lang='lat' dir='ltr'>et</span> <span class='ocrx_word' id='word_1_776' title='bbox 2742 5609 3161 5684; x_wconf 85' lang='lat' dir='ltr'>recentioribus,</span> <span class='ocrx_word' id='word_1_777' title='bbox 3191 5614 3436 5673; x_wconf 86' lang='lat' dir='ltr'>ostensio.</span> 
     </span>
    </p>
   </div>
   <div class='ocr_carea' id='block_1_111' title="bbox 1905 5685 3433 5768">
    <p class='ocr_par' dir='ltr' id='par_1_111' title="bbox 1905 5685 3433 5768">
     <span class='ocr_line' id='line_1_111' title="bbox 1905 5685 3433 5768; baseline -0.001 -25"><span class='ocrx_word' id='word_1_778' title='bbox 1905 5689 2020 5768; x_wconf 50' lang='lat' dir='ltr'>{in</span> <span class='ocrx_word' id='word_1_779' title='bbox 2052 5685 2250 5768; x_wconf 81' lang='lat' dir='ltr'>Laud.,</span> <span class='ocrx_word' id='word_1_780' title='bbox 2276 5685 2775 5768; x_wconf 42' lang='lat' dir='ltr'>‘postbaac‘verba,</span> <span class='ocrx_word' id='word_1_781' title='bbox 2809 5686 2963 5768; x_wconf 70' lang='lat' dir='ltr'>dolus</span> <span class='ocrx_word' id='word_1_782' title='bbox 2990 5700 3135 5755; x_wconf 80' lang='lat' dir='ltr'>vero,</span> <span class='ocrx_word' id='word_1_783' title='bbox 3165 5685 3242 5767; x_wconf 39' lang='lat' dir='ltr'>ad.</span> <span class='ocrx_word' id='word_1_784' title='bbox 3263 5702 3433 5758; x_wconf 85' lang='lat' dir='ltr'>marg.</span> 
     </span>
    </p>
   </div>
   <div class='ocr_carea' id='block_1_112' title="bbox 1836 5753 3438 5897">
    <p class='ocr_par' dir='ltr' id='par_1_112' title="bbox 1836 5753 3438 5897">
     <span class='ocr_line' id='line_1_112' title="bbox 1836 5753 3407 5838; baseline -0.003 -22"><span class='ocrx_word' id='word_1_785' title='bbox 1836 5759 2038 5830; x_wconf 88' lang='lat' dir='ltr'>legitur</span> <span class='ocrx_word' id='word_1_786' title='bbox 2064 5777 2074 5813; x_wconf 91' lang='lat'>:</span> <span class='ocrx_word' id='word_1_787' title='bbox 2108 5759 2164 5812; x_wconf 81' lang='lat' dir='ltr'>in</span> <span class='ocrx_word' id='word_1_788' title='bbox 2191 5753 2354 5813; x_wconf 73' lang='lat' dir='ltr'>manu</span> <span class='ocrx_word' id='word_1_789' title='bbox 2384 5757 2514 5827; x_wconf 81' lang='lat' dir='ltr'>ejus.</span> <span class='ocrx_word' id='word_1_790' title='bbox 2549 5756 2658 5812; x_wconf 87' lang='lat' dir='ltr'>Alii</span> <span class='ocrx_word' id='word_1_791' title='bbox 2682 5758 2808 5813; x_wconf 91' lang='lat' dir='ltr'>Mss.</span> <span class='ocrx_word' id='word_1_792' title='bbox 2820 5797 2834 5826; x_wconf 88' lang='lat'>,</span> <span class='ocrx_word' id='word_1_793' title='bbox 2863 5753 3018 5814; x_wconf 85' lang='lat' dir='ltr'>dolus</span> <span class='ocrx_word' id='word_1_794' title='bbox 3046 5753 3166 5828; x_wconf 76' lang='lat' dir='ltr'>ergo</span> <span class='ocrx_word' id='word_1_795' title='bbox 3194 5757 3327 5838; x_wconf 58' lang='lat' dir='ltr'>ejus:</span> <span class='ocrx_word' id='word_1_796' title='bbox 3385 5753 3407 5758; x_wconf 65' lang='grc'>⁷</span> 
     </span>
     <span class='ocr_line' id='line_1_113' title="bbox 1909 5828 3438 5897; baseline -0.004 -11"><span class='ocrx_word' id='word_1_797' title='bbox 1909 5834 1930 5866; x_wconf 83' lang='grc'><strong>⁶</strong></span> <span class='ocrx_word' id='word_1_798' title='bbox 1981 5830 2177 5897; x_wconf 89' lang='lat' dir='ltr'>Laud.,</span> <span class='ocrx_word' id='word_1_799' title='bbox 2222 5828 2333 5885; x_wconf 93' lang='lat' dir='ltr'>duo</span> <span class='ocrx_word' id='word_1_800' title='bbox 2380 5830 2591 5897; x_wconf 87' lang='lat' dir='ltr'>Germ.,</span> <span class='ocrx_word' id='word_1_801' title='bbox 2640 5828 2903 5897; x_wconf 86' lang='lat' dir='ltr'>Vindoc.,</span> <span class='ocrx_word' id='word_1_802' title='bbox 2953 5829 3189 5894; x_wconf 83' lang='lat' dir='ltr'>Gemet.,</span> <span class='ocrx_word' id='word_1_803' title='bbox 3234 5829 3438 5897; x_wconf 80' lang='lat' dir='ltr'>aliique</span> 
     </span>
    </p>
   </div>
   <div class='ocr_carea' id='block_1_113' title="bbox 1836 5846 3189 5970">
    <p class='ocr_par' dir='ltr' id='par_1_113' title="bbox 1836 5846 3189 5970">
     <span class='ocr_line' id='line_1_114' title="bbox 1909 5846 3189 5898; baseline -0.003 -12"><span class='ocrx_word' id='word_1_804' title='bbox 1909 5846 1930 5866; x_wconf 84' lang='lat'><strong><em>°</em></strong></span> <span class='ocrx_word' id='word_1_805' title='bbox 1981 5846 2177 5898; x_wconf 75' lang='lat' dir='ltr'>Laud.,</span> <span class='ocrx_word' id='word_1_806' title='bbox 2222 5846 2333 5885; x_wconf 81' lang='lat' dir='ltr'>auo</span> <span class='ocrx_word' id='word_1_807' title='bbox 2380 5846 2591 5897; x_wconf 78' lang='lat' dir='ltr'>uerm.,</span> <span class='ocrx_word' id='word_1_808' title='bbox 2650 5846 2903 5897; x_wconf 82' lang='lat' dir='ltr'>v1nuoc.,</span> <span class='ocrx_word' id='word_1_809' title='bbox 2953 5846 3189 5894; x_wconf 57' lang='grc' dir='ltr'>δίδωθι,</span> 
     </span>
     <span class='ocr_line' id='line_1_115' title="bbox 1836 5902 2791 5970; baseline -0.003 -12"><span class='ocrx_word' id='word_1_810' title='bbox 1836 5903 2051 5970; x_wconf 62' lang='lat' dir='ltr'>Noun,</span> <span class='ocrx_word' id='word_1_811' title='bbox 2084 5908 2127 5955; x_wconf 76' lang='lat' dir='ltr'>et</span> <span class='ocrx_word' id='word_1_812' title='bbox 2160 5920 2259 5954; x_wconf 83' lang='lat' dir='ltr'>mm</span> <span class='ocrx_word' id='word_1_813' title='bbox 2295 5902 2537 5966; x_wconf 70' lang='lat' dir='ltr'>inveniet,</span> <span class='ocrx_word' id='word_1_814' title='bbox 2568 5907 2613 5954; x_wconf 81' lang='grc' dir='ltr'><strong><em>ρι</em></strong></span> <span class='ocrx_word' id='word_1_815' title='bbox 2642 5902 2791 5955; x_wconf 67' lang='lat' dir='ltr'>dicet.</span> 
     </span>
    </p>
   </div>
  </div>
