3936 6388
469 350 573 407 7l9

1685 340 1936 400 SANCTI
1973 339 2311 400 GREGORII
2347 338 2576 398 MAGNI

3681 331 3788 394 720

467 480 707 532 revertar
732 471 804 528 ad
831 469 1006 525 virum
1031 485 1202 525 meum
1213 468 1470 541 priorem,
1491 466 1619 540 quia
1646 467 1776 524 mihi
1795 468 1917 523 bene
1946 473 2065 524 erat
2092 470 2143 529 A
2171 467 2256 523 vir
2283 466 2464 523 videns
2504 471 2869 539 paupertatem
2910 479 3075 521 meam
3109 463 3169 519 in
3195 463 3350 536 virga
3393 461 3792 535 indignationis

471 571 591 619 tunc
616 561 786 632 magis
825 577 985 632 quam
1020 576 1158 616 nunc
1190 559 1340 632 (Osee
1367 577 1431 628 ιι,
1469 557 1523 626 6,
1566 558 1644 631 7).
1687 557 1871 630 Spinis
1917 558 2063 614 enim

468 653 768 709 electorum
799 649 902 706 viae
931 649 1240 722 sepiuntur,
1271 648 1404 704 dum
1438 649 1453 683 ¹
1478 645 1726 703 dolorem
1749 645 2069 718 punctionis

468 737 764 795 inveniunt
811 738 868 793 in
912 736 1018 793 hoc
1054 735 1201 810 quod
1232 735 1607 808 temporaliter
1648 736 2066 808 concupiscunt.

469 829 636 896 Quasi
666 827 988 899 interposita
1015 825 1250 882 maceria
1279 826 1300 859 ²
1331 824 1438 880 viis
1465 841 1653 880 eorum
1685 825 1891 894 obviat,
1923 841 2072 899 quo-

469 935 594 975 rum
625 916 892 974 nimirum
921 917 1193 973 desideria
1222 918 1242 951 ³
1266 915 1619 988 perfectionis
1647 915 1950 973 diﬂicultas
1971 917 2071 973 im-

471 1015 694 1082 pugnat.
715 1007 922 1063 Horum
955 1007 1198 1080 profecto
1229 1006 1427 1064 animae
1455 1016 1726 1064 amatores
1755 1025 1882 1064 suos
1911 1024 2072 1081 quae-

471 1105 622 1166 runt,
671 1104 724 1153 et
770 1113 882 1153 non
932 1097 1249 1169 inveniunt,
1297 1099 1431 1156 dum
1479 1100 1758 1174 sequendo
1803 1100 2074 1172 malignos

473 1187 720 1262 spiritus,
751 1202 1097 1260 nequaquam
1127 1205 1216 1245 eas
1244 1207 1378 1262 quas
1397 1199 1660 1263 appetunt
1691 1189 1858 1262 hujus
1886 1190 2073 1246 saeculi

474 1276 785 1348 voluptates
813 1275 1250 1348 apprehendunt.
1276 1278 1420 1333 Bene
1439 1285 1622 1334 autem
1641 1278 1898 1334 subditur
1924 1277 2074 1351 quod

476 1379 545 1419 ex
575 1363 693 1436 ipsa
719 1363 1042 1420 difﬁcultate
1071 1382 1198 1421 mox
1229 1364 1412 1422 dicat:
1458 1366 1656 1424 Vadam
1675 1373 1722 1421 et
1747 1371 1988 1421 revertar
2005 1365 2078 1420 ad.

473 1454 652 1510 virum
679 1471 847 1510 meum
875 1455 1128 1526 priorem,
1159 1455 1288 1526 quia
1317 1455 1438 1511 bene
1462 1456 1594 1511 mihi
1621 1461 1738 1511 erat
1767 1462 1888 1510 tunc
1910 1454 2078 1526 magis

477 1561 638 1616 quam
678 1561 817 1600 nunc
865 1544 1053 1618 (Ibid,
1108 1545 1188 1616 7).
1231 1545 1388 1601 Prior
1429 1545 1630 1618 quippe
1679 1544 1764 1600 vir
1806 1544 2079 1600 Dominus

479 1645 580 1706 est,
603 1637 698 1712 qui
727 1644 930 1694 castam
952 1636 1059 1692 sibi
1083 1636 1324 1693 animam
1355 1637 1532 1694 sancti
1553 1636 1792 1708 Spiritus
1822 1636 2081 1708 interpo-

481 1728 588 1784 sito
603 1742 788 1783 amore
808 1725 1118 1799 conjunxit.
1138 1727 1311 1794 Quem
1333 1734 1466 1782 tunc
1480 1742 1634 1782 mens
1650 1726 2081 1798 uniuscujusque

2179 554 2291 626 ejus
2317 557 2541 628 (Thren.
2574 573 2658 624 ιιι,
2692 555 2770 625 1).
2799 553 2968 625 Virga
2985 551 3133 608 enim
3161 551 3570 624 indignationis
3589 551 3695 608 Dei
3711 558 3794 609 est

2181 647 2459 721 percussio
2508 643 2890 702 districtionis.
2943 643 3120 712 Quam
3162 641 3606 715 indignationem
3656 650 3794 701 tunc

2181 737 2349 794 homo
2397 736 2642 810 pertulit,
2673 752 2800 790 cum
2841 750 2911 789 ex
2945 733 3195 805 paradiso
3243 734 3455 804 pulsus,
3496 749 3658 788 veras
3699 733 3797 788 in-

2181 827 2324 882 terni
2356 825 2541 897 gaudii
2570 823 2797 880 divitias
2825 822 3012 878 amisit
3035 823 3243 893 (Genes.
3273 839 3359 890 ιιι,
3388 821 3509 892 24).
3537 821 3646 878 Sed
3663 822 3796 894 quia

2183 915 2343 970 electi
2389 914 2593 987 quique
2632 912 2967 968 incessanter
2994 911 3345 983 conspiciunt
3373 910 3521 983 quod
3552 911 3612 966 in
3641 927 3800 982 prae-

2183 1003 2354 1060 sentis
2383 1003 2511 1059 vitae
2561 1001 2846 1074 penuriam
2877 1001 2945 1056 ab
2973 1001 3070 1056 illa
3097 999 3382 1073 potestatis
3411 999 3676 1072 ingenitae
3706 999 3804 1056 fa-

2183 1093 2388 1150 cultate
2417 1092 2756 1159 ceciderunt,
2779 1091 2916 1148 bene
2931 1091 3138 1148 dicitur
3161 1107 3172 1146 :
3205 1092 3322 1162 Ego
3337 1090 3424 1146 vir
3449 1091 3637 1146 videns
3659 1107 3804 1162 pau-

2179 1188 2437 1254 pertatem
2468 1199 2636 1238 meam
2675 1181 2906 1250 (Thren.
2955 1198 3040 1250 ιιι,
3089 1181 3168 1253 1).
3201 1179 3465 1254 Quisquis
3492 1181 3646 1236 enim
3679 1179 3804 1237 haec

2186 1270 2369 1328 adhuc
2400 1270 2646 1328 visibilia
2673 1271 2902 1343 appetit,
2931 1269 3390 1343 peregrinationis
3433 1287 3546 1327 suae
3577 1270 3798 1326 malum

2193 1365 2384 1424 1118
2413 1377 2525 1416 non
2553 1360 2838 1432 intelligit,
2868 1366 2922 1416 et
2951 1359 3057 1416 hoc
3084 1358 3268 1431 ipsum
3298 1358 3446 1432 quod
3475 1359 3688 1431 patitur
3717 1359 3807 1416 vi-

2190 1457 2318 1514 dere
2363 1457 2556 1514 nescit.
2608 1457 2762 1512 lianc
2789 1463 3163 1529 paupertatem
3194 1454 3372 1511 David
3400 1453 3673 1527 propheta
3702 1453 3804 1510 in-

2190 1556 2370 1615 tuens,
2413 1546 2526 1602 ait:
2569 1546 2856 1618 Inﬁrmata
2895 1551 2970 1600 est
3010 1545 3068 1600 in
3111 1550 3423 1617 paupertate
3464 1544 3640 1599 virtus
3683 1561 3809 1599 mea

2195 1638 2368 1710 (Psat.
2390 1653 2530 1705 xxx,
2556 1637 2668 1710 Il).
2688 1637 2750 1692 In
2772 1643 3085 1708 paupertate
3095 1635 3301 1692 etenim
3323 1634 3502 1692 virtus
3527 1633 3805 1690 inﬁrmari

2191 1729 2417 1798 dicitur,
2447 1729 2578 1802 quia
2598 1727 2780 1800 lapsus
2802 1726 2858 1782 in
2889 1727 2992 1783 hac
3017 1725 3454 1800 peregrinatione
3482 1726 3728 1792 animus,
3750 1731 3808 1782 et

483 1816 778 1886 desiderat,
807 1832 934 1874 cum
964 1815 1298 1888 multiplices
1325 1815 1720 1872 amaritudines
1750 1815 1902 1870 velut
1925 1831 2081 1888 quas-
2117 1824 2164 1885 B
2193 1815 2565 1889 corruptionis
2609 1832 2720 1871 suas
2765 1815 3033 1871 molestiis
3074 1814 3476 1883 reverberatus,
3508 1813 3617 1872 hoc
3646 1814 3810 1888 quod

485 1907 608 1964 dam
640 1905 826 1979 spinas
855 1905 1072 1962 invenit
1099 1906 1158 1961 in
1185 1905 1254 1962 iis
1281 1905 1740 1962 delectationibus
1771 1923 1906 1980 quas
1937 1913 2090 1962 tem-

487 1995 749 2069 poraliter
823 1993 1182 2068 concupiscit.
1245 1995 1383 2053 Nam
1461 1993 1594 2052 dum
1660 1995 2088 2052 adversitatibus

489 2083 684 2141 mundi
725 2099 888 2158 quem
933 2083 1118 2157 diligit
1164 2085 1404 2141 morderi
1448 2083 1634 2141 anima
1679 2084 1924 2156 coeperit,
1955 2091 2092 2140 tunc

487 2173 705 2246 plenius
733 2167 994 2246 intelligit
1021 2180 1228 2246 quanto
1256 2172 1341 2228 illi
1369 2189 1497 2230 cum
1527 2173 1710 2245 priore
1738 2171 1860 2229 viro
1891 2173 2091 2229 melius

489 2261 616 2318 fuit.

559 2350 613 2407 4.
657 2352 798 2419 Quos
823 2353 1069 2408 voluntas
1091 2366 1267 2424 prava
1294 2350 1571 2423 pervertit,
1592 2367 1727 2423 saepe
1753 2350 1973 2422 corrigit
1999 2352 2094 2408 ad-

491 2443 732 2500 versitas.
768 2474 840 2486 —-
864 2445 974 2501 Eos
1003 2460 1131 2516 ergo
1159 2459 1296 2517 quos
1324 2442 1580 2498 voluntas
1608 2458 1775 2514 prava
1802 2444 2091 2515 pervertit,

492 2532 818 2605 plerumque
843 2531 1144 2588 adversitas
1172 2531 1417 2604 corrigit.
1443 2530 1600 2588 Unde
1625 2539 1678 2586 et
1706 2531 1874 2587 nimis
1897 2531 2093 2586 timen-

494 2619 628 2676 dum
657 2629 739 2676 est
767 2635 835 2675 ne
863 2630 1164 2692 sequantur
1181 2635 1440 2692 prospera
1463 2637 1588 2676 cum
1610 2619 1994 2677 desiderantur
2013 2621 2094 2676 in-

489 2709 662 2782 juste,
692 2709 824 2783 quia
850 2709 1134 2766 diﬂicilius
1161 2711 1367 2766 malum
1397 2710 1710 2782 corrigitur,
1741 2710 1887 2784 quod
1919 2711 2095 2784 perfe-

496 2796 700 2854 ctionis
727 2797 893 2855 etiam
916 2797 1276 2870 prosperitate
1295 2798 1542 2855 fulcitur.
1574 2799 1880 2854 Leviathan
1911 2799 2098 2872 itaque

497 2886 602 2943 iste
643 2887 738 2960 qui
778 2904 904 2944 cum
942 2887 1204 2943 membris
1241 2888 1354 2944 suis
1392 2887 1610 2944 aeternis
1650 2897 1732 2945 est
1761 2889 2099 2946 cruciatibus

497 2976 806 3050 deputatus,
831 2985 884 3034 et
905 2977 1065 3033 dolus
1093 2976 1150 3032 in
1173 2993 1337 3032 manu
1359 2976 1476 3049 ejus
1504 2977 1782 3050 dirigitur,
1805 2978 1936 3034 etin
1955 2978 2100 3035 collo

497 3065 614 3138 ejus
639 3065 908 3122 fortitudo
929 3065 1266 3135 demoratur,
1285 3066 1414 3138 quia
1434 3065 1539 3122 hoc
1560 3067 1706 3139 quod
1728 3065 2102 3138 temporaliter

2198 1905 2438 1980 perdidit
2464 1905 2824 1978 contemplari
2855 1903 3210 1978 praepeditur.

2267 1997 2320 2053 6.
2373 1996 2521 2051 Hanc
2555 1999 2922 2068 paupertatem
2958 1994 3173 2066 reprobi
3209 1995 3464 2051 nesciunt.
3533 1995 3813 2053 Virtutum

2199 2085 2400 2142 divitiis
2428 2091 2742 2154 vacuantur,
2773 2102 2863 2140 nec
2891 2085 3208 2157 intelligunt.
3253 2117 3324 2127 —
3350 2084 3457 2142 Sed
3487 2083 3633 2144 hanc
3661 2102 3815 2158 pau-

2201 2183 2463 2249 pertatem
2517 2174 2736 2248 reprobi
2779 2175 3127 2232 considerare
3167 2175 3441 2244 nesciunt,
3490 2175 3624 2249 quia
3669 2175 3810 2232 dum

2201 2273 2506 2338 sequuntur
2551 2281 2614 2320 ea
2659 2281 2778 2337 qua;
2809 2264 3178 2337 conspiciunt,
3210 2264 3452 2336 cogitare
3499 2265 3819 2322 invisibilia

2201 2354 2488 2428 negligunt
2515 2371 2635 2428 quae
2664 2353 3043 2427 perdiderunt.
3077 2353 3231 2410 Unde
3275 2363 3330 2411 et
3374 2363 3585 2426 egestas
3615 2372 3814 2412 eorum

2203 2445 2420 2517 proprie
2449 2443 2676 2510 dicitur,
2709 2444 2838 2518 quia
2867 2443 2997 2500 dum
3033 2445 3312 2516 replentur
3331 2444 3508 2514 vitiis,
3533 2445 3817 2501 virtutum

2204 2533 2418 2590 divitiis
2446 2542 2770 2591 vacuantur.
2802 2535 3016 2602 Quibus
3041 2551 3183 2608 saepe
3212 2535 3398 2592 evenit
3426 2542 3489 2591 ut
3510 2551 3607 2608 per
3624 2535 3823 2592 elatio-

2203 2624 2292 2679 nis
2331 2623 2663 2680 dementiam
2706 2623 3000 2694 sublevati,
3049 2623 3182 2681 dum
3230 2641 3581 2701 nequaquam
3635 2627 3820 2684 ruinae

2204 2728 2317 2768 suae
2355 2712 2555 2768 damna
2599 2712 2970 2782 considerant,
3011 2729 3127 2769 esse
3156 2731 3211 2770 se
3241 2715 3407 2771 etiam
3455 2730 3486 2771 a
3517 2715 3685 2772 bonis
3735 2732 3827 2774 ac-

2205 2801 2453 2858 tionibus
2476 2801 2667 2875 inopes
2695 2820 2806 2859 non
2839 2811 3189 2876 cognoscant.
3221 2803 3376 2861 Unde
3405 2821 3542 2863 voce
3570 2805 3828 2878 angelica

2207 2893 2555 2967 praedicatori
2584 2894 2864 2952 Laodicea;
2893 2894 3125 2954 dicitur:
3159 2896 3306 2952 Dicis
3333 2895 3476 2968 quod
3504 2897 3648 2953 dives
3675 2915 3826 2964 sum,

2207 2989 2255 3038 et
2287 2984 2648 3055 locupletatus,
2670 2990 2718 3039 et
2744 2984 2948 3040 nullius
2981 3001 3119 3056 egeo,
3147 2992 3195 3042 et
3222 2984 3385 3041 nescis
3405 2985 3536 3058 quia
3563 2991 3620 3040 tu
3645 3003 3700 3042 es
3727 2987 3828 3043 mi-

2208 3089 2313 3140 ser,
2341 3078 2389 3128 et
2404 3072 2741 3138 miserabilis,
2771 3079 2820 3129 et
2842 3090 3067 3145 pauper,
3089 3080 3136 3129 et
3155 3092 3336 3145 caecus,
3359 3081 3406 3129 et
3421 3074 3597 3130 nudus
3622 3073 3823 3147 (Apoc.

493 3169 758 3226 perversa
797 3161 992 3212 contra
1018 3152 1192 3210 bonos
1222 3155 1508 3212 voluntate
1543 3154 1837 3223 desiderat,
1868 3171 2101 3228 perver-
2131 3185 2176 3247 α
2211 3177 2295 3230 ιιι,
2329 3161 2441 3234 17).
2479 3161 2646 3229 Quasi
2689 3161 2918 3219 divitem
2950 3178 3006 3219 se
3039 3165 3248 3233 asserit,
3297 3163 3392 3238 qui
3439 3179 3536 3237 per
3563 3178 3829 3238 arrogan-

499 3244 645 3300 siore
673 3245 935 3301 facultate
953 3251 1322 3312 consummat,
1344 3251 1407 3302 ut
1426 3251 1579 3301 tanto
1601 3245 1653 3300 ei
1682 3244 1750 3300 de
1769 3245 2099 3302 adversitate

499 3331 559 3387 in
587 3332 842 3402 praesenti
880 3332 960 3387 nil
1003 3331 1204 3398 obstet,
1245 3341 1453 3404 quanto
1501 3333 1552 3388 ei
1597 3333 1654 3388 in
1703 3341 1983 3406 posterum
2033 3332 2100 3390 de

501 3419 860 3490 prosperitate
901 3417 1042 3474 nihil
1073 3427 1334 3476 remanet.
1371 3420 1443 3474 Et
1473 3420 1603 3492 quia
1631 3423 1812 3477 omnis
1843 3421 1938 3494 qui
1967 3438 2102 3494 per-

502 3507 679 3562 versis
706 3507 953 3564 moribus
980 3507 1242 3564 amicitiis
1269 3507 1388 3580 ejus
1433 3507 1728 3566 innotescit
1763 3511 2102 3582 priusveras

503 3595 706 3652 mentis
739 3595 966 3652 divitias
991 3596 1218 3665 amittit,
1249 3605 1373 3668 apte
1401 3596 1794 3670 subjungitur:

821 3702 1050 3762 CAPUT
1085 3704 1160 3760 III
1200 3701 1338 3778 [Vet.
1371 3704 1452 3774 II,
1490 3706 1610 3762 Rec.
1644 3705 1783 3778 III].

571 3794 710 3852 Iam.
733 3825 806 3836 —
830 3797 904 3852 Et
931 3794 1122 3866 faciem
1151 3795 1265 3866 ejus
1285 3797 1542 3867 praecedet
1567 3803 1779 3868 egestas.

571 3885 625 3941 5.
669 3885 974 3942 Electorum
1001 3891 1294 3956 paupertas
1334 3892 1410 3940 est
1452 3888 1672 3943 cwtestes
1699 3888 1914 3943 divitias
1957 3888 2106 3943 ami-

501 3972 648 4028 sisse.
695 4003 767 4014 —
795 3973 897 4028 Per
933 3973 1128 4030 faciem
1159 3973 1360 4047 quippe
1399 3975 1539 4031 solet
1567 3976 1766 4033 notitia
1803 3975 2100 4048 designari.

504 4061 660 4119 Unde
687 4062 952 4134 scriptum
983 4070 1064 4119 est
1089 4080 1100 4118 :
1133 4065 1207 4120 Et
1225 4063 1387 4134 facies
1415 4083 1526 4120 mea
1550 4065 1808 4136 praecedet
1837 4066 2102 4138 te(Ea:od.

503 4166 710 4220 χχχιιι,
743 4151 857 4224 li),
888 4151 947 4208 id
975 4159 1056 4208 est
1084 4153 1283 4208 notitia
1311 4153 1572 4212 ducatum
1602 4155 1885 4226 praebebit.
1923 4155 2105 4212 Scien-

504 4238 638 4294 dum
672 4257 804 4296 vero
851 4249 932 4297 est
969 4243 1114 4314 quod
1157 4251 1365 4314 egestas
1403 4245 1462 4299 in
1505 4260 1660 4300 sacro
1697 4245 1918 4318 eloquio
1947 4245 2108 4302 aliter

505 4328 806 4384 electorum
837 4329 1082 4400 ponitur,
1113 4337 1276 4402 atque
1303 4331 1462 4386 aliter
1482 4331 1862 4403 reproborum.
1884 4335 2108 4405 Egestas

507 4431 744 4487 namque
785 4417 1084 4472 electorum
1128 4425 1227 4486 est,
1277 4435 1401 4474 cum
1447 4436 1592 4476 verae
1619 4416 1830 4476 divitiae
1872 4423 2108 4480 caelestis

2209 3251 2342 3306 tiam
2381 3250 2689 3308 sanctitatis
2717 3253 3029 3322 extollitur,
3059 3253 3154 3310 sed
3187 3270 3414 3326 pauper,
3445 3270 3744 3327 caecusque
3774 3263 3829 3312 et

2208 3340 2391 3398 nudus
2411 3341 2678 3414 arguitur.
2694 3342 2905 3416 Pauper
2918 3343 3132 3416 utique,
3149 3343 3280 3418 quia
3293 3344 3567 3402 virtutum
3589 3344 3828 3402 divitias

2210 3447 2322 3487 non
2351 3429 2552 3498 habet;
2585 3449 2780 3501 caecus,
2813 3433 2942 3505 quia
2972 3449 3072 3490 nec
3101 3439 3476 3506 paupertatem
3517 3451 3687 3509 quam
3721 3451 3833 3509 pa-

2211 3521 2347 3576 titur
2376 3519 2560 3588 videt;
2595 3521 2797 3592 nudus,
2820 3523 2949 3595 quia
2967 3522 3203 3595 primam
3222 3523 3420 3581 stolam
3439 3523 3710 3597 perdidit,
3735 3524 3832 3584 sai

2211 3607 2388 3682 pejus,
2420 3610 2552 3683 quia
2587 3627 2687 3668 nec
2727 3627 2783 3668 se
2824 3611 3126 3684 perdidisse
3155 3612 3459 3686 cognoscit.
3492 3613 3638 3683 Quia
3668 3630 3828 3688 ergo,

2211 3705 2276 3754 ut
2301 3697 2569 3768 diximus,
2599 3707 2806 3772 egestas
2836 3702 3193 3773 reproborum
3219 3711 3302 3759 est
3329 3701 3682 3761 defraudatio
3715 3721 3832 3762 me-

2213 3786 2468 3858 ritorum,
2515 3797 2661 3846 recte
2699 3789 2766 3845 de
2811 3790 3115 3847 Leviathan
3157 3790 3401 3848 dicitur:
3449 3791 3669 3849 Faciem
3715 3796 3834 3868 ejus

2209 3881 2468 3950 prcecedet
2492 3887 2703 3951 egestas.
2735 3881 2908 3938 Nemo
2932 3882 3169 3955 quippe5
3201 3881 3509 3956 cognitioni
3531 3882 3656 3957 ejus
3682 3882 3834 3958 jun-

2214 3967 2382 4039 gitur,
2431 3969 2538 4026 nisi
2570 3969 2722 4041 prius
2750 3970 3021 4027 virtutum
3052 3971 3267 4028 divitiis
3297 3970 3633 4030 denudetur.
3668 3973 3834 4031 Prius

2213 4057 2362 4113 enim
2382 4058 2555 4115 bonas
2583 4059 2940 4130 cogitationes
2982 4061 3275 4128 subtrahit,
3309 4069 3363 4118 et
3392 4069 3528 4120 tunc
3558 4062 3644 4119 eis
3675 4079 3834 4136 aper-

2214 4147 2410 4203 tiorem
2453 4147 2708 4206 notitiam
2747 4166 2859 4206 suae
2915 4149 3228 4223 iniquitatis
3270 4150 3542 4208 infundit.
3595 4152 3834 4224 Egestas

2215 4253 2342 4310 ergo
2370 4237 2565 4294 faciem
2610 4236 2760 4294 illius
2790 4239 3094 4311 praecedere
3124 4238 3353 4310 dicitur,
3385 4241 3515 4314 quia
3543 4240 3710 4314 prius
3743 4240 3835 4297 fa—

2215 4328 2391 4382 cultas
2423 4327 2629 4384 virium
2655 4329 2676 4363 ⁶
2704 4327 2971 4400 perditur,
2991 4337 3052 4385 ut
3069 4330 3224 4402 quasi
3254 4347 3352 4402 per
3380 4329 3831 4387 familiaritatem

2215 4415 2567 4486 postmodum
2597 4415 2715 4488 ejus
2745 4417 2942 4472 notitia
2970 4426 3350 4490 cognoscatur.
3384 4418 3486 4474 Vel
3514 4424 3673 4476 certe
3706 4421 3835 4494 quia

507 4503 697 4576 patriae
725 4504 794 4560 ad
819 4521 1009 4560 eorum
1053 4505 1300 4561 animum
1331 4507 1580 4576 redeunt,
1607 4517 1660 4564 et
1690 4509 1747 4564 in
1778 4509 1883 4568 hoc
1910 4529 2102 4568 aerum-
2136 4546 2186 4606 Β
2218 4507 2406 4563 multis
2455 4507 2531 4562 ita
2579 4506 2957 4565 fraudulenter
2993 4510 3262 4582 subrepit.
3312 4517 3373 4566 ut
3410 4509 3480 4566 ab
3509 4509 3594 4567 eis
3624 4510 3834 4586 depre-

507 4609 644 4649 noso
676 4595 956 4665 praesentis
998 4595 1126 4650 vitae
1155 4595 1354 4652 exsilio
1387 4598 1573 4669 positi,
1605 4615 1867 4672 pauperes
1904 4618 1960 4658 se
1989 4618 2104 4658 esse

505 4683 898 4740 meminerunt.
933 4687 955 4720 ἰ
985 4687 1113 4742 Illas
1151 4686 1351 4760 quippe
1381 4687 1605 4745 divitias
1645 4691 1764 4746 sine
1802 4693 2104 4748 cessatione

505 4773 805 4844 suspirant,
836 4773 903 4830 de
931 4774 1132 4847 quibus
1159 4777 1360 4832 Paulus
1386 4776 1560 4834 dicit:
1600 4780 1664 4835 Ut
1689 4780 1868 4836 sciatis
1895 4797 2011 4851 qua:
2037 4782 2106 4838 sit

503 4878 618 4934 spes
644 4863 931 4918 vocationis
959 4863 1092 4933 ejus,
1130 4871 1179 4920 et
1205 4882 1322 4936 qua:
1349 4867 1547 4922 divitiae
1571 4869 1757 4938 gloria:
1782 4869 2104 4926 hwreditatis

501 4949 614 5020 ejus
639 4949 698 5005 in
724 4953 920 5008 sanctis
951 4953 1168 5026 (Ephes.
1203 4971 1242 5022 ι,
1276 4954 1387 5026 18).
1420 4957 1492 5010 Et
1520 4956 1649 5028 quia
1676 4956 1858 5015 adhuc
1886 4974 1976 5014 eas
1997 4975 2104 5014 ne-

501 5054 775 5113 quaquam
804 5041 1176 5114 conspiciunt,
1207 5043 1450 5100 studiose
1490 5045 1711 5102 interim
1752 5047 1811 5102 in
1853 5065 2103 5104 aerumna

501 5127 662 5185 istius
691 5130 1026 5202 paupertatis
1063 5139 1305 5203 gemunt.
1345 5133 1498 5190 Hanc
1525 5135 1714 5206 procul
1746 5135 1917 5193 dubio
1957 5153 2102 5210 pau—

501 5224 767 5286 pertatem
815 5219 1080 5277 Jeremias
1119 5220 1455 5292 inspexerat,
1499 5239 1625 5279 cum
1671 5223 1925 5284 dicebat:
1986 5229 2100 5300 Ego

582 5421 598 5498 ξ
629 5417 698 5498 ΑΙ
709 5464 720 5476 .
730 5461 761 5498 ,_
776 5421 1019 5498 dolorum
1043 5422 1373 5498 punctiones.

576 5490 719 5576 "Sic
748 5490 1390 5576 legendum'persuadent
1425 5500 1553 5576 Mss.
1603 5511 1723 5560 tum
1767 5499 1955 5576 Angl.,
1987 5510 2104 5562 tum

506 5569 704 5651 nostri,
733 5571 955 5651 veteres
993 5569 1096 5648 Ed.
1145 5579 1203 5651 et
1245 5575 1547 5651 praesertim
1579 5576 1740 5651 ratio.
1789 5569 1950 5651 Unde
1991 5594 2106 5651 non

507 5647 699 5718 parum
732 5649 1003 5718 miramur.
1016 5645 1294 5718 irrepsisse
1314 5645 1408 5712 vis,
1437 5661 1534 5716 pro
1553 5647 1674 5714 viis,
1700 5647 1758 5702 in
1780 5646 1974 5718 Gilot.,
1998 5650 2104 5706 Va-

507 5703 625 5784 tia,
659 5703 1194 5784 gussanv.‘Edit.‘et
1223 5720 1334 5768 tam
1365 5703 1606 5773 crdssum
1639 5703 1899 5774 mendum
1934 5703 2104 5778 totin

507 5773 630 5828 aliis
658 5774 892 5830 Excusis
921 5778 1088 5833 fuisse
1109 5792 1484 5852 propagatum.

2216 4594 2384 4651 hendi
2413 4613 2754 4670 nequaquam
2801 4599 2994 4670 possit,
3025 4606 3079 4655 et
3107 4601 3185 4656 sic
3213 4615 3403 4656 eorum
3435 4601 3683 4658 virtutes
3714 4619 3834 4658 eva-

2213 4694 2360 4755 cuat,
2393 4695 2662 4760 quatenus
2705 4689 2920 4745 astutiae
2948 4705 3060 4744 suae
3092 4689 3360 4746 malitiam
3392 4707 3506 4747 non
3547 4693 3831 4761 ostendat,

2212 4777 2410 4834 faciem
2457 4776 2574 4849 ejus
2610 4787 2818 4850 egestas
2857 4780 3048 4851 praeire
3077 4779 3420 4852 perhibetur,
3457 4797 3521 4838 ac
3551 4781 3600 4838 si
3642 4791 3833 4856 aperte

2211 4861 2507 4934 diceretur,
2539 4866 2670 4940 quia
2697 4883 2822 4924 cum
2855 4868 3125 4924 insidians
3151 4875 3348 4938 tentat,
3381 4869 3722 4944 priusquam
3757 4871 3832 4926 vi-

2211 4952 2405 5010 deatur
2423 4956 2714 5026 exspoliat.
2744 4956 2886 5014 Hinc
2913 4965 2992 5014 est
3013 4957 3162 5013 enim
3185 4957 3332 5031 quod
3361 4957 3428 5014 de
3440 4957 3726 5030 Ephraim
3742 4975 3834 5032 per

2211 5043 2533 5116 prophetam
2561 5044 2803 5102 dicitur:
2841 5046 3188 5102 Comederunt
3213 5047 3381 5102 alieni
3411 5047 3586 5102 robur
3614 5046 3760 5118 ejus,
3790 5053 3834 5102 et

2208 5134 2318 5205 ipse
2359 5134 2627 5206 ignoravit
2675 5135 2827 5208 (Osee
2867 5153 2966 5205 vn,
3011 5137 3092 5210 9).
3135 5137 3320 5192 Alieni
3349 5137 3557 5211 quippe
3589 5138 3833 5210 intelligi

2208 5230 2467 5296 apostatae
2510 5224 2690 5298 angeli
2732 5225 2929 5294 solent,
2979 5227 3078 5298 qui
3121 5225 3290 5283 robur
3328 5227 3660 5298 comedunt,
3696 5227 3828 5284 dum

2214 5429 2543 5562 dgidlgrizsf’
2589 5433 2868 5511 difﬁcultas
2901 5433 3213 5510 Ρθνβοίεπάί
3253 5439 3303 5494 οι
3341 5451 3497 5512 opere
3533 5433 3833 5514 complendi

2251 5508 2596 5658 ϐἱιῗξῖιιζὶρη
2615 5579 2717 5658 _ad_
2749 5579 2877 5658 illas
2920 5581 3134 5658 quippe.
3165 5582 3227 5638 In
3257 5581 3423 5638 Corb.
3455 5583 3675 5658 Germ,
3709 5591 3831 5658 post

2214 5650 2582 5720 meminerunt,
2615 5650 2816 5722 legitur
2835 5653 2898 5706 de
2915 5650 3106 5723 quibus
3129 5671 3148 5718 ;
3173 5661 3370 5712 caetera
3389 5650 3761 5714 omittuntur.

2287 5724 2309 5756 ⁵
2341 5723 2590 5790 Ebroic.,
2623 5723 2946 5792 cogitationi.

2289 5796 2310 5826 ⁸
2341 5794 2538 5860 Laud.,
2567 5795 2914 5864 prmpeditur.
