3936 6380
178 402 283 460 721

947 412 1322 475 MOBALIUM
1362 417 1498 477 LIB.
1542 420 1807 483 XXXIV.
1848 453 1918 466 —-
1954 428 2027 486 IN
2064 428 2293 488 CAPUT
2329 431 2453 490 XLI
2490 435 2553 493 B.
2592 438 2736 496 JOB.

3406 447 3510 507 722

503 537 1174 648 meritisnpervertendo-
1225 558 1585 648 consumunt.
1647 551 1807 648 Quod
1834 558 1885 618 A
1913 572 2102 648 necem
2132 558 2382 617 ﬁdelium
2429 564 2682 621 unanimi
2729 567 3052 627 crudelitate
3090 572 3399 648 conjungit,
3446 583 3511 633 ut

178 620 458 694 Ephraim
498 633 553 680 et
580 627 828 698 pertulit,
859 637 913 684 et
942 632 1201 701 nescivit,
1245 634 1376 707 quia
1402 636 1461 692 in
1492 641 1794 697 tentatione

176 712 575 785 malignorum
603 715 900 788 spirituum
922 727 976 775 et
1017 720 1186 777 robur
1212 724 1410 781 animai
1450 727 1710 798 perdidit,
1741 737 1796 787 et

187 801 301 859 hoc
326 802 513 874 ipsum
544 804 673 879 quia
703 806 1006 878 perdiderit
1034 826 1145 867 non
1168 812 1463 871 intellexit.
1489 816 1795 875 Leviatban

175 907 315 964 ergo
346 892 546 949 faciem
608 904 817 967 egestas
870 900 1165 971 antecedit,
1213 903 1344 976 quia
1396 907 1793 979 negligentiam

177 990 399 1038 mentes
432 991 559 1040 ante
583 986 849 1042 tentando
877 990 1097 1060 spoliat,
1131 1007 1293 1064 quam
1334 993 1453 1066 ejus
1487 996 1717 1053 insidias
1748 998 1795 1054 is

176 1071 275 1143 qui
306 1078 567 1128 tentatur
594 1084 873 1147 agnoscat.
905 1078 1008 1133 Per
1029 1078 1134 1137 hoc
1150 1097 1277 1153 ergo
1298 1083 1445 1155 quod
1462 1083 1673 1141 dictum
1691 1096 1790 1143 est:

175 1162 245 1217 In
274 1162 415 1216 collo
462 1161 577 1231 ejus
613 1165 916 1221 morabitur
960 1167 1245 1238 fortitudo,
1294 1172 1477 1228 virtus
1516 1174 1794 1233 violentiae

177 1251 522 1308 ostenditur.
556 1253 658 1309 Per
687 1252 794 1311 hoc
822 1272 954 1312 vero
998 1259 1145 1331 quod
1176 1259 1471 1318 subditur:
1504 1265 1579 1319 Et
1604 1264 1796 1335 facient

176 1341 297 1413 ejus
318 1344 580 1416 praecedet
594 1352 822 1418 egestas;
847 1347 1059 1406 fraudis
1087 1350 1369 1408 subtilitas
1398 1351 1734 1427 designatur.

252 1484 307 1539 7.
340 1484 479 1543 Ante
496 1487 777 1544 adventum
798 1490 1133 1563 Antichristi,
1158 1497 1415 1552 virtutum
1445 1499 1596 1572 signa
1616 1501 1794 1557 Eccle-

177 1572 274 1628 sia:
301 1575 701 1648 subtrahentur,
748 1588 845 1636 aut
865 1598 1041 1653 pauca
1070 1594 1404 1657 supererunt.
1426 1618 1497 1630 —
1527 1588 1795 1657 Quamvis

178 1663 249 1721 de
284 1683 353 1723 eo
382 1667 532 1741 quod
561 1667 681 1740 ejus
718 1669 916 1727 faciem
947 1683 1241 1745 egestatem
1273 1677 1468 1748 praeire
1498 1677 1795 1750 cognosci-

181 1771 326 1824 mus,
360 1757 605 1828 suppetit
633 1759 785 1814 aliud
815 1761 963 1833 quod
983 1770 1166 1819 tamen
1189 1766 1405 1822 tristius
1427 1783 1790 1839 exponamus.

180 1845 444 1902 Terribili
466 1847 668 1921 quippe
697 1850 892 1906 ordine
922 1850 1306 1924 dispositionis
1325 1857 1578 1925 occultae,
1599 1857 1795 1930 prius-

181 1952 347 2010 quam
377 1918 683 1995 Leviath—an
714 1940 816 1996 iste
848 1941 905 1996 in
935 1918 1033 1998 illo
1061 1942 1323 2001 damnato
1351 1918 1577 2003 homine
1599 1918 1778 2021 ‘quem
1808 1918 1855 1980 Β

179 2027 418 2083 assumit
444 2037 725 2099 appareat,
754 2047 787 2086 a
817 2039 1006 2088 sancta
1045 2033 1295 2089 Ecclesia
1330 2034 1601 2092 virtutum
1632 2037 1789 2109 signa

181 2115 607 2174 subtrahuntur.
638 2120 776 2175 Nam
807 2121 1097 2193 prophetia
1125 2124 1503 2195 absconditur,
1534 2128 1788 2184 curatio-

180 2222 317 2262 num
348 2208 522 2279 gratia
550 2208 817 2277 aufertur,
866 2212 1188 2282 prolixioris
1223 2215 1577 2273 abstinentiae
1607 2218 1788 2274 virtus

181 2296 559 2367 imminuitur,
590 2298 857 2355 doctrinae
881 2300 1046 2356 verba
1075 2304 1476 2373 conticescunt,
1496 2306 1787 2363 miraculo-

178 2403 306 2443 rum
324 2386 575 2460 prodigia
589 2388 883 2446 tolluntur.
927 2389 1057 2458 Quae
1090 2393 1314 2465 quidem
1338 2411 1681 2470 nequaquam
1699 2415 1786 2453 su-

179 2490 353 2546 perna
402 2472 742 2547 dispensatio
789 2481 982 2540 1119
1029 2478 1283 2537 funditus
1329 2483 1630 2554 subtrahit,
1691 2485 1787 2542 sed

179 2586 294 2628 non
325 2570 444 2630 haec
472 2572 617 2629 sicut
646 2574 926 2646 prioribus
945 2576 1289 2648 temporibus
1308 2587 1495 2651 aperte
1515 2596 1578 2637 ac
1599 2581 1785 2637 multi-

176 2662 408 2733 pliciter
442 2662 703 2719 ostendit.
754 2663 914 2731 Quod
954 2672 1140 2721 tamen
1188 2668 1330 2724 mira
1371 2669 1787 2743 dispensatione

173 2751 387 2821 agitur,
418 2758 480 2805 ut
500 2767 611 2807 una
644 2768 715 2807 ex
744 2768 802 2807 re
843 2752 1035 2809 divina
1082 2755 1247 2810 simul
1291 2757 1463 2829 pietas
1491 2768 1544 2815 et
1566 2758 1790 2831 justitia

173 2840 546 2911 compleatur.
570 2841 714 2895 Dum
747 2840 897 2896 enim
936 2841 1235 2899 subtractis
1255 2845 1542 2918 signorum
1565 2849 1785 2905 virtuti-

172 2928 282 2984 bus
313 2936 505 2984 sancta
534 2928 780 2985 Ecclesia
826 2930 981 2987 velut
1009 2931 1276 3004 abjectior
1302 2944 1545 3008 apparet,
1587 2946 1641 2993 et
1675 2937 1787 2993 bo-

172 3035 383 3076 norum
415 3020 703 3091 praemium
734 3021 952 3091 crescit,
1000 3024 1095 3096 qui
1145 3023 1299 3080 illam
1342 3042 1442 3097 pro
1477 3043 1571 3099 spe
1612 3029 1787 3085 cmic-

173 3109 377 3173 stium,
404 3113 459 3162 et
491 3124 602 3164 non
646 3117 868 3181 propter
908 3112 1197 3183 praesentia
1244 3113 1399 3186 signa
1430 3123 1783 3189 venerantur,

174 3206 235 3255 et
264 3199 539 3255 malorum
562 3216 717 3256 mens
737 3210 927 3257 contra
956 3201 1111 3257 illam
1132 3203 1299 3260 citius
1328 3205 1660 3275 ostenditur,
1690 3209 1785 3281 qui

174 3286 338 3360 sequi
377 3303 498 3360 quae
515 3289 1111 3360 promittitinvisibilia
1128 3292 1435 3365 negligunt,
1458 3294 1589 3351 dum
1612 3297 1784 3368 signis
1814 3297 1858 3359 Ο

175 3376 499 3433 visibilibus
518 3393 630 3433 non
660 3385 937 3436 tenentur.
960 3381 1104 3436 Dum
1125 3380 1295 3452 igitur
1320 3382 1608 3441 humilitas
1638 3386 1786 3442 ﬁde—

176 3466 324 3522 lium
359 3466 720 3522 multitudine
748 3475 802 3523 et
832 3468 1276 3526 manifestatione
1309 3472 1595 3543 signorum
1628 3476 1784 3548 quasi

181 3554 535 3624 destituitur,
577 3557 818 3613 terribili
849 3559 1078 3615 occultae
1109 3559 1489 3632 dispositionis
1529 3566 1786 3622 examine

177 3644 315 3700 inde
343 3644 505 3701 bonis
535 3645 915 3703 misericordia
949 3650 964 3683 ¹
994 3648 1218 3721 largior,
1258 3650 1409 3706 unde
1453 3654 1614 3709 malis
1634 3653 1787 3726 justa

181 3734 269 3790 ira
296 3734 631 3791 cumulatur.
665 3735 805 3803 Quia
833 3753 961 3810 ergo
986 3737 1292 3794 Leviatban
1330 3739 1433 3796 iste
1464 3742 1784 3816 priusquam

177 3821 508 3880 manifestus
534 3831 589 3880 et
615 3825 944 3897 conspicuus
975 3828 1160 3883 veniat
1198 3844 1268 3883 ex
1300 3844 1499 3901 magna
1546 3840 1695 3903 parte
1726 3834 1786 3890 in

175 3924 371 3973 sancta
399 3918 645 3974 Ecclesia
673 3919 829 3991 signa
857 3920 1130 3976 virtutum
1173 3929 1409 3990 cessant,
1460 3931 1607 3979 recte
1636 3940 1788 3982 nunc

174 4005 425 4063 dicitur:
459 4008 673 4064 Faciem
715 4009 829 4079 ejus
852 4012 1113 4081 praecedet
1139 4018 1355 4082 egestas.
1400 4013 1545 4069 Ante
1576 4014 1725 4070 enim
1755 4030 1788 4070 a

174 4095 440 4153 ﬁdelibus
459 4098 853 4155 miraculorum
874 4100 1086 4157 divitiae
1125 4101 1554 4172 subtrahuntur,
1577 4112 1632 4159 et
1652 4112 1787 4163 tunc

175 4193 375 4243 contra
406 4204 499 4245 eos
547 4190 809 4261 antiquus
850 4190 945 4246 ille
991 4190 1165 4247 hostis
1196 4208 1293 4263 per
1319 4200 1507 4264 aperta
1536 4194 1788 4268 prodigia

175 4275 513 4349 bstenditur,
531 4287 594 4335 ut
623 4296 732 4353 quo
763 4280 876 4351 ipse
907 4297 1003 4353 per
1030 4281 1186 4353 signa
1214 4282 1526 4352 extollitur,
1558 4300 1623 4339 eo
1651 4302 1683 4341 a
1710 4284 1788 4341 ﬁ-

174 4369 399 4427 delibus
418 4369 537 4426 sine
558 4370 730 4442 signis
747 4370 1029 4427 robustius
1047 4370 1489 4445 Iaudabiliusque
1507 4372 1782 4432 vincatur.

171 4460 446 4529 Quamvis
475 4459 641 4516 etiam
674 4459 1003 4516 ﬁdelibusin
1025 4460 1144 4532 ejus
1168 4463 1469 4519 certamine
1498 4464 1653 4536 signa
1673 4481 1786 4520 non

172 4550 435 4619 deerunt,
484 4550 579 4606 sed
629 4557 783 4606 tanta
825 4557 988 4605 erunt
1034 4551 1210 4620 illius,
1254 4560 1317 4607 ut
1346 4560 1661 4609 nostrorum
1692 4562 1788 4611 aut

171 4656 372 4716 pauca,
406 4648 501 4696 aut
521 4639 673 4695 nulla
706 4638 1014 4695 videantur.
1038 4640 1283 4708 Quorum
1307 4642 1571 4698 nimirum
1602 4644 1779 4701 virtus
1807 4662 1856 4722 D

172 4729 443 4788 omnibus
472 4730 645 4802 signis
674 4730 738 4785 ﬁt
786 4729 989 4802 potior,
1028 4746 1156 4787 cum
1188 4747 1353 4788 omne
1394 4732 1543 4804 quod
1589 4733 1657 4789 ab
1696 4735 1796 4792 illo

172 4820 507 4878 terribiliter
538 4822 559 4855 ²
587 4819 708 4875 ﬁeri
738 4818 1030 4891 conspicit,
1080 4835 1175 4890 per
1204 4818 1436 4875 internae
1466 4822 1793 4881 constantiae

170 4911 391 4968 calcem
412 4910 632 4983 premit.
666 4908 773 4966 Sed
802 4908 1078 4981 malignus
1099 4908 1276 4965 hostis
1305 4918 1461 4967 tanto
1481 4920 1673 4969 contra
1701 4931 1793 4971 eos

169 5000 385 5058 acriori
416 5000 763 5055 immanitate
810 5014 866 5055 se
919 4997 1168 5067 exhibet,
1213 5008 1423 5072 quanto
1470 5018 1527 5057 se
1584 5002 1792 5075 despici

172 5089 351 5147 etiam
380 5088 809 5146 clarescentibus
842 5088 1126 5144 miraculis
1154 5087 1324 5144 dolet.
1359 5090 1557 5145 Totum
1580 5106 1708 5163 ergo
1736 5108 1794 5148 se

173 5180 240 5237 in
264 5194 457 5236 eorum
487 5178 775 5235 interitum
812 5177 1049 5251 colligit,
1080 5184 1421 5252 cunctosque
1450 5180 1713 5251 reprobos
1733 5179 1792 5235 in

258 5407 274 5440 ¹
310 5406 392 5461 Ita
407 5403 517 5461 duo
541 5404 703 5460 Germ
716 5447 752 5476 η,
775 5402 1041 5476 Yindoc.,
1063 5403 1322 5476 Longip.,
1338 5402 1562 5460 Ebroic.
1586 5404 1793 5476 aliique

171 5479 351 5535 Norm
366 5519 404 5542 .,
434 5476 531 5532 ubi
552 5475 704 5531 Editi
728 5474 931 5530 habent
946 5474 1315 5531 misericordia
1337 5477 1587 5546 largitur.
1604 5478 1665 5533 In
1681 5474 1792 5533 Pa-

172 5551 279 5606 ris.
303 5555 488 5603 tamen
512 5547 871 5620 14957legitur
901 5547 1124 5620 largior,
1157 5547 1305 5620 quod
1326 5555 1598 5603 mutatum
1631 5556 1712 5605 est
1732 5549 1790 5605 in

173 5621 356 5678 Paris.
393 5619 549 5680 1518,
584 5618 709 5674 aliis
738 5617 1230 5675 consentientibus.

252 5696 277 5729 ἰ
309 5692 410 5748 llic
442 5689 732 5763 sequimur
763 5688 902 5743 duos
937 5689 1156 5763 Germ.,
1180 5690 1380 5759 Laud.,
1410 5692 1643 5756 Turon.,
1674 5690 1791 5763 Ge-

181 5770 345 5831 met.,
376 5761 644 5830 etc.,‘nec
672 5776 785 5815 non
816 5767 1028 5816 veteres
1056 5761 1206 5817 Edit.
1228 5762 1373 5817 Atin
1392 5762 1790 5819 recentioribus

181 5835 410 5915 legitur,
436 5833 567 5915 ﬁeri
580 5832 991 5915 coiispicitur....
1230 5841 1501 5915 premunt.

260 5902 282 5943 ³
312 5902 490 5963 Iidem
523 5902 717 5973 Editi,’
730 5908 987 5974 exerceat,
1018 5902 1213 5961 invitis
1230 5902 1360 5965 Mss.
1385 5905 1552 5964 duob.
1577 5905 1787 5975 Germ.,

1903 647 2181 703 saevitiam
2211 666 2365 706 suam
2396 658 2551 709 tanto
2581 654 2864 713 robustius
2885 659 3130 731 3exerat,
3144 647 3350 735 quanto
3378 664 3509 721 etin

1903 735 1984 791 eis
2012 754 2132 809 qua:
2160 754 2415 810 perverse
2430 757 2587 814 agere
2607 744 2836 817 appetit,
2859 748 3013 804 nulla
3031 749 3136 805 sibi
3154 751 3240 807 sui
3259 753 3506 827 corporis

1909 826 2156 882 membra
2187 826 2527 887 discordant.
2562 832 2717 888 Unde
2745 840 2800 889 et
2825 842 2968 893 recte
2997 835 3236 895 dicitur:

2361 919 2590 978 CAPUT
2616 924 2692 981 IV
2724 923 2868 998 [Bec.
2901 926 3028 1003 Ι

1977 1006 2151 1063 Vnus.
2186 1007 2270 1063 14.
2293 1039 2363 1049 -
2393 1011 2628 1068 Membra
2647 1015 2892 1070 carnium
2916 1016 3030 1086 ejus
3048 1020 3364 1077 cohwrentia
3383 1022 3503 1079 sibi.

1974 1097 2027 1153 8.
2061 1099 2428 1170 Reproborum
2457 1118 2575 1157 cum
2606 1104 2808 1161 Satana
2838 1112 2888 1161 et
2931 1108 3070 1164 inter
3106 1127 3158 1164 se
3182 1110 3349 1166 noxia
3375 1128 3509 1167 con-

1904 1188 2110 1243 cordia.
2143 1218 2214 1228 —
2243 1188 2446 1247 Carnes
2474 1207 2607 1249 vero
2639 1193 2945 1252 Leviatban
2968 1196 3129 1255 istius
3157 1208 3288 1256 sunt
3316 1218 3509 1258 omnes

1904 1275 2149 1348 reprobi,
2185 1277 2279 1351 qui
2310 1279 2378 1335 ad
2408 1280 2753 1340 intellectum
2780 1285 3045 1358 spiritalis
3074 1290 3264 1360 patria:
3291 1306 3387 1363 per
3416 1290 3507 1348 de-

1903 1367 2171 1426 siderium
2203 1387 2314 1427 non
2342 1382 2652 1446 assurgunt.
2684 1375 2930 1433 Membra
2945 1394 3085 1434 vuro
3105 1387 3235 1436 sunt
3254 1382 3507 1438 carnium

1903 1457 1962 1513 hi
1993 1460 2089 1532 qui
2119 1460 2325 1517 eisdem
2359 1477 2612 1534 perverse
2643 1465 2949 1536 agentibus,
2982 1475 3036 1522 et
3061 1484 3176 1524 sese
3202 1467 3273 1525 ad
3302 1468 3506 1543 iniqui-

1902 1558 2074 1606 tatem
2114 1550 2554 1623 praecedentibus
2592 1553 2926 1627 junguntur,
2961 1558 3105 1614 sicut
3133 1576 3162 1615 e
3190 1566 3383 1616 contra
3412 1576 3507 1631 per

1903 1639 2133 1695 Paulum
2160 1642 2180 1675 ‘
2211 1640 2494 1699 dominico
2522 1644 2740 1716 corpori
2770 1645 2977 1704 dicitur
3002 1665 3012 1702 :
3055 1649 3152 1707 Vos
3172 1649 3294 1704 estis
3312 1666 3506 1720 corpus

1908 1729 2129 1798 Christi,
2157 1736 2204 1785 et
2228 1731 2461 1786 membra
2490 1732 2553 1788 de
2579 1734 2808 1789 membro
2841 1733 2892 1805 (Ι
2922 1736 3047 1792 Cor.
3068 1753 3169 1805 χιι,
3188 1737 3303 1809 27).
3335 1736 3506 1793 Aliud

1904 1820 2106 1893 quippe
2128 1828 2209 1878 est
2225 1821 2534 1877 membrum
2552 1824 2817 1895 corporis,
2836 1824 2988 1881 aliud
3009 1825 3319 1882 membrum
3337 1842 3504 1882 mem-

1903 1910 2010 1967 bri.
2042 1909 2351 1966 Membrum
2374 1911 2575 1985 quippe
2598 1913 2847 1983 corporis
2877 1929 3001 1985 pars
3031 1912 3098 1969 ad
3114 1920 3314 1983 totum,
3334 1931 3503 1972 mem-

1894 2005 2062 2061 brum
2093 2020 2226 2059 vero
2254 2004 2489 2061 membri
2518 2013 2600 2061 est
2628 2003 2900 2075 particula
2936 2004 3004 2060 ad
3047 2012 3278 2078 partem.
3321 2005 3508 2062 Mem-

1895 2092 2059 2150 brum
2089 2109 2328 2167 namque
2371 2093 2605 2151 membri
2634 2102 2716 2150 est
2761 2093 2970 2167 digitus
3010 2093 3079 2150 ad
3109 2109 3359 2164 manum,
3393 2111 3507 2152 ma-

1894 2199 2001 2239 nus
2029 2181 2099 2239 ad
2118 2183 2412 2240 brachium
2438 2202 2451 2252 ;
2485 2184 2795 2240 membrum
2818 2200 2951 2241 vero
2967 2193 3049 2241 est
3061 2186 3309 2258 corporis
3324 2192 3504 2242 totum

1896 2272 2004 2329 hoc
2031 2271 2204 2329 simul
2234 2273 2303 2329 ad
2336 2290 2538 2346 corpus
2567 2275 2916 2331 universum.
2953 2275 3109 2332 Sicut
3141 2292 3271 2347 ergo
3309 2276 3369 2331 in
3397 2274 3506 2347 spi-

1896 2362 2046 2417 ritali
2076 2362 2361 2419 dominico
2390 2379 2619 2436 corpore
2649 2364 2901 2420 membra
2918 2364 2986 2419 de
3002 2363 3250 2420 membro
3266 2363 3507 2420 dicimus

1896 2468 1989 2507 eos
2017 2452 2117 2524 qui
2151 2452 2209 2506 in
2239 2450 2360 2523 ejus
2389 2452 2640 2509 Ecclesia
2659 2452 2728 2507 ab
2754 2453 2880 2509 aliis
2910 2460 3199 2527 reguntur,
3230 2453 3310 2508 ita
3329 2454 3388 2508 iu
3409 2454 3509 2509 illa

1897 2540 2206 2597 Leviatban
2237 2541 2399 2598 istius
2420 2541 2652 2614 reproba
2668 2544 3091 2615 congregatione
3110 2541 3357 2598 membra
3375 2549 3507 2599 sunt

1896 2631 1917 2665 ⁸
1949 2631 2205 2688 carnium
2238 2632 2334 2705 qui
2376 2632 2570 2706 iniquo
2618 2648 2782 2705 opere
2812 2632 3141 2705 quibusdam
3184 2650 3241 2689 se
3276 2632 3504 2705 nequio-

1895 2720 2054 2777 ribus
2076 2720 2410 2794 junguntur.
2446 2722 2552 2778 Sed
2598 2723 2730 2795 quia
2766 2723 2943 2780 hostis
2985 2724 3261 2796 malignus
3308 2723 3415 2780 sibi
3445 2723 3504 2780 in

1896 2826 2157 2883 perverso
2187 2827 2349 2883 opere
2365 2827 2395 2867 a
2417 2813 2610 2884 primis
2630 2829 2803 2886 usque
2827 2813 2893 2870 ad
2914 2821 3162 2870 extrema
3180 2814 3501 2882 concordat,

1895 2899 2125 2956 divinus
2164 2915 2345 2954 sermo
2373 2898 2432 2954 in
2480 2917 2545 2956 eo
2579 2901 2825 2957 membra
2854 2903 3106 2959 carnium
3135 2902 3361 2959 sibimet
3397 2919 3503 2959 co-

1894 2988 2164 3045 haerentia
2194 2996 2482 3044 memorat.
2506 2989 2596 3045 Sic
2615 3005 2853 3062 namque
2884 3006 3140 3061 perversa
3166 2990 3507 3046 unanimiter

1895 3079 2164 3146 sentiunt,
2196 3085 2259 3134 ut
2288 3078 2441 3134 nulla
2478 3085 2670 3135 contra
2714 3094 2770 3134 se
2819 3078 3067 3136 vicissim
3126 3080 3505 3152 disputatione

1894 3166 2241 3223 dividantur.
2260 3167 2423 3224 Nulla
2445 3184 2536 3224 eos
2551 3167 2893 3224 diversitatis
2908 3169 3193 3225 altercatio
3208 3176 3343 3227 tunc
3358 3170 3502 3226 scin-

1894 3256 1996 3325 dit,
2029 3264 2083 3311 et
2113 3256 2339 3327 idcirco,
2366 3264 2561 3312 contra
2588 3256 2765 3313 bonos
2793 3257 3151 3314 vehementer
3179 3258 3503 3330 praevalent,

1894 3345 2021 3419 quia
2060 3345 2116 3400 in
2149 3346 2295 3401 malo
2324 3362 2381 3402 se
2409 3345 2759 3402 concorditer
2790 3353 2996 3402 tenent.
3020 3345 3161 3420 [Vet.
3194 3346 3333 3421 ΙΙΙ.]
3353 3347 3508 3403 Sicut

1894 3436 2043 3492 enim
2069 3435 2185 3507 jam
2216 3435 2472 3508 superius
2501 3436 2751 3493 diximus
2784 3437 2926 3508 (Lib.
2959 3453 3168 3506 χχχιιι,
3194 3454 3342 3493 num.
3384 3438 3503 3508 55),

1898 3530 2089 3588 1120
2124 3532 2186 3580 ut
2216 3524 2591 3597 perniciosum
2622 3532 2705 3581 est
2730 3524 2777 3580 si
2813 3524 3000 3582 unitas
3039 3524 3183 3582 desit
3211 3524 3396 3594 bonis,
3430 3526 3507 3581 ita

1894 3622 2261 3696 perniciosius
2315 3631 2397 3679 est
2453 3624 2500 3680 si
2559 3641 2672 3680 non
2720 3624 2864 3680 desit
2907 3625 3087 3681 malis.
3119 3624 3503 3696 Reproborum

1894 3713 2098 3785 quippe
2138 3713 2325 3769 unitas
2378 3712 2653 3769 bonorum
2686 3717 2707 3751 δ
2741 3714 2889 3769 viam
2939 3720 3093 3769 tanto
3128 3712 3325 3768 durius
3352 3729 3504 3784 prai-

1894 3801 2047 3874 pedit
2083 3808 2289 3875 quanto
2343 3802 2393 3857 ei
2435 3818 2491 3858 se
2524 3818 2621 3875 per
2674 3802 3058 3860 collectionem
3101 3803 3122 3836 ⁷
3168 3800 3363 3858 durior
3391 3816 3503 3874 op-

1896 3890 2074 3963 ponit.

1964 4008 2019 4064 9.
2051 4008 2203 4063 Hanc
2240 4007 2495 4063 unitatem
2523 4008 2809 4063 dissolvere
2857 4008 2994 4073 licet,
3050 4009 3287 4079 exemplo
3316 4008 3500 4064 Pauli.

1894 4127 1965 4138 —
1986 4099 2142 4155 Hanc
2170 4100 2445 4155 unitatem
2468 4101 2828 4171 reproborum
2853 4100 3218 4173 perniciosam
3238 4098 3346 4155 sibi
3366 4100 3504 4156 Pau-

1894 4187 1981 4243 lus
2009 4196 2412 4261 conspexerat,
2444 4206 2572 4246 cum
2602 4191 2659 4246 in
2690 4190 2874 4247 medio
2896 4190 3323 4248 Sadducaeorum
3350 4190 3505 4247 Pha-

1894 4277 2299 4353 risaaornmque
2329 4280 2704 4353 deprehensus
2730 4280 2949 4338 dicebat
2974 4298 2985 4337 :
3018 4283 3097 4338 De
3121 4298 3210 4353 spe
3238 4286 3288 4336 et
3312 4298 3505 4336 resur-

1895 4370 2122 4425 rectione
2148 4377 2486 4427 mortuorum
2514 4389 2603 4444 ego
2624 4372 2846 4443 judicor
2876 4372 3019 4444 (Act.
3068 4389 3235 4442 χχιιι,
3274 4373 3355 4443 6).
3388 4372 3507 4440 Qua

1895 4458 2169 4516 nimirum
2199 4478 2333 4519 voce
2352 4477 2628 4534 percussa,
2661 4463 2921 4535 protinus
2950 4470 3143 4520 contra
3170 4478 3227 4518 se
3256 4461 3504 4519 vicissim

1894 4548 2246 4606 audientium
2268 4550 2441 4607 .turba
2468 4550 2733 4608 dissiluit.
2786 4550 3035 4625 Cumque
3065 4551 3124 4608 in
3159 4550 3297 4608 duas
3325 4558 3504 4624 partes

1895 4639 2356 4695 tumultuantium
2375 4640 2675 4697 multitudo
2686 4639 2981 4710 dividitur,
2995 4640 3260 4697 Paulovia
3274 4640 3504 4711 ereptio-

1905 4727 1993 4784 nis
2021 4730 2289 4801 aperitnr,
2322 4731 2454 4803 quia
2484 4746 2649 4803 quem
2681 4731 2845 4787 turba
2872 4731 3319 4804 persequentium
3349 4729 3507 4786 unita

1901 4818 2333 4889 constrinxerat,
2364 4820 2546 4876 divisa
2577 4820 2815 4877 laxabat.
2857 4821 3188 4892 Eripiuntur
3213 4835 3342 4890 ergo
3364 4816 3504 4889 justi

1904 4905 2038 4961 dum
2067 4907 2403 4965 dividuntur
2431 4909 2651 4981 injusti,
2679 4918 2733 4965 et
2753 4911 3053 4966 electorum
3085 4914 3214 4963 vota
3241 4906 3308 4962 ad
3331 4906 3504 4978 perfe-

1901 5003 2050 5051 ctura
2069 4998 2403 5068 perveniunt
2418 4999 2552 5055 dum
2574 4998 2931 5071 reproborum
2948 4996 3167 5069 agmina
3188 5012 3284 5068 per
3298 4995 3501 5053 discor-

1906 5084 2055 5141 diam
2077 5087 2522 5145 confunduntur.
2574 5088 2733 5157 Quod
2762 5088 2900 5147 bene
2929 5087 3093 5144 etiam
3124 5085 3292 5142 maris
3330 5084 3502 5143 Rubri

1901 5326 2132 5395 Turon.,
2162 5327 2425 5396 Vindoc.,
2457 5328 2654 5396 Laud.,
2682 5327 2806 5385 Val.
2840 5327 2948 5396 Cl.,
2979 5328 3169 5384 Norm.
3201 5335 3256 5384 et
3283 5327 3428 5384 aliis.

1973 5400 1994 5433 ὀ
2025 5399 2116 5454 Sic
2145 5400 2375 5468 Turon.,
2406 5401 2630 5468 Pratel.,
2664 5399 2900 5467 Gemet.,
2923 5407 3054 5468 etc.,
3086 5416 3189 5457 nec
3216 5417 3328 5455 non
3359 5398 3502 5456 anti-

1900 5469 2119 5543 quiores
2132 5471 2374 5543 Vulgati.
2393 5471 2813 5528 Recentioribus
2828 5472 3153 5529 Editoribus
3170 5488 3296 5530 cum
3314 5472 3498 5529 Germ.

1900 5542 2076 5613 magis
2107 5542 2316 5615 placuit
2336 5545 2399 5598 de
2433 5544 2694 5599 dominico
2719 5560 2956 5616 corpore.

1971 5616 1992 5650 ⁵
2033 5613 2232 5669 Laud..
2262 5617 2584 5669 aumatium.

1972 5617 1992 5650 ⁵
2033 5617 2232 5682 Laud.,
2262 5617 2584 5671 aumatium.

1972 5688 1993 5722 ⁸
2040 5685 2263 5769 necent.
2306 5686 2819 5769 _Vulga_ti,_-vitam;
2878 5687 3080 5763 quibus
3127 5687 3502 5760 suffragantur

1899 5757 2110 5825 Germ.,
2144 5759 2342 5814 Pratel.
2375 5767 2429 5815 et
2448 5757 2553 5814 alii
2578 5760 2840 5816 Norman.

1970 5834 1989 5867 ⁷
2024 5829 2187 5889 Corb.
2220 5831 2431 5902 Germ.,
2464 5830 2685 5891 Ebroic.
2719 5840 2773 5889 et
2800 5832 2876 5906 pl.
2906 5832 3123 5902 Norm.,
3144 5830 3354 5888 durius.
