3936 6388
484 373 591 434 723

1714 389 1965 450 SANCTI
2001 392 2339 454 GREGORII
2374 397 2600 459 MAGNI

3703 411 3810 470 724

479 500 742 612 scissione
769 504 1090 612 designatur
1347 510 1752 612 XIV,‘2l,seq.).
1775 515 1918 571 Dum
1931 515 2080 612 enim
2113 521 2166 581 Α
2192 522 2477 582 tundatur.
2517 526 2626 595 Qui
2659 528 2824 584 modo
2871 545 3090 604 quoque
3136 535 3464 606 percutitur,
3497 537 3636 596 dum
3664 539 3809 612 justi

479 587 539 644 in
569 587 705 645 duas
733 598 916 662 partes
946 594 1095 651 unda
1124 595 1414 667 dividitur,
1446 599 1514 655 ab
1552 601 1730 658 electo
1782 603 1985 674 populo
2015 603 2085 660 ad

482 686 684 735 terram
715 683 1164 753 repromissionis
1190 687 1456 757 tenditur,
1488 689 1617 761 quia
1640 689 1777 746 dum
1811 693 2081 750 malorum

477 766 664 824 unitas
693 769 991 841 scinditur,
1024 773 1412 832 bonaementes
1430 776 1498 832 ad
1520 776 1625 834 hoc
1645 780 1794 851 quod
1816 790 2083 854 appetunt

478 855 884 928 perducuntur.
917 859 974 916 Si
1006 863 1276 918 malorum
1307 863 1489 920 unitas
1518 867 1688 922 noxia
1722 885 1833 924 non
1866 869 2079 940 fuisset,

479 960 827 1019 nequaquam
882 947 1076 1006 divina
1117 951 1466 1022 providentia
1499 955 1938 1026 superbientium
1970 958 2083 1014 lin-

480 1051 611 1106 guas
642 1037 700 1092 iu
721 1044 877 1093 tanta
903 1037 1222 1097 diversitate
1243 1041 1561 1115 dissipasset
1584 1045 1794 1116 (Genes.
1821 1064 1902 1113 xi,
1920 1049 1998 1119 8).
2025 1049 2083 1106 Si

481 1125 751 1184 malorum
784 1127 972 1185 unitas
1002 1130 1171 1186 noxia
1224 1147 1338 1187 non
1377 1132 1592 1202 fuisset,
1643 1134 1711 1190 de
1750 1145 1950 1193 sancta
1981 1140 2082 1196 Ec-

479 1217 658 1273 clesiae
689 1217 942 1276 hostibus
989 1221 1262 1294 Propheta
1307 1240 1418 1279 non
1465 1224 1710 1282 diceret:
1770 1230 2080 1300 Prwripita,

478 1308 720 1377 Domine,
751 1315 798 1365 et
826 1311 1004 1366 divide
1036 1312 1243 1384 linguas
1263 1331 1442 1369 eorum
1466 1315 1642 1387 (Psal.
1669 1335 1778 1386 Liv,
1807 1320 1918 1389 10).
1943 1321 2082 1388 Quia

479 1413 606 1472 ergo
635 1399 942 1456 Leviathan
973 1401 1076 1457 iste
1107 1409 1239 1458 tunc
1276 1411 1468 1460 contra
1511 1405 1712 1461 electos
1751 1407 1850 1462 Dei
1881 1409 1938 1463 in
1970 1408 2084 1467 suis

480 1489 693 1547 viribus
721 1491 1051 1561 eﬂ'renatur,
1083 1493 1149 1549 ad
1180 1501 1536 1565 augmentum
1567 1512 1678 1552 suae
1709 1497 1933 1552 malitiae
1964 1498 2084 1554 uni-

481 1586 651 1636 tatem
699 1597 924 1654 quoque
983 1580 1042 1637 in
1100 1583 1347 1655 reprobis
1405 1584 1604 1641 habere
1635 1585 1990 1657 permittitur,
2023 1595 2084 1645 ut

483 1673 634 1725 tanto
662 1677 854 1725 contra
883 1686 984 1724 nos
1009 1669 1291 1728 robustius
1320 1672 1466 1728 vires
1493 1689 1618 1729 suas
1645 1681 1856 1743 exerat,
1877 1685 2084 1749 quanto

480 1773 594 1814 non
621 1757 803 1813 solum
857 1773 964 1814 nos
1026 1758 1144 1816 ictu
1201 1760 1572 1833 fortitudinis,
1619 1762 1714 1818 sed
1743 1764 1908 1819 etiam
1940 1766 2084 1822 mole

480 1843 834 1902 adunationis
861 1846 1166 1920 impugnat.
1208 1848 1314 1905 Sed
1335 1850 1458 1924 quis
1479 1859 1670 1908 contra
1699 1853 1803 1909 ista
1818 1854 2084 1912 sufﬁciat?

481 1934 616 2004 Quae
652 1952 806 1992 mens
829 1935 898 1994 ad
926 1945 1093 1995 tantae
1135 1938 1390 1996 elationis
1420 1948 1475 1997 et
1518 1944 1796 2016 compagis
1842 1944 2086 2016 pondera

481 2039 592 2080 non
613 2022 682 2080 ab
711 2024 831 2097 ipsa
851 2025 1255 2098 cogitationum
1279 2029 1458 2086 radice
1475 2031 1864 2090 contremiscat
1879 2035 1907 2090 ‘f
1931 2033 2086 2091 Unde

483 2109 614 2184 quia
633 2109 912 2183 trepidare
941 2129 1042 2168 nos
1069 2129 1166 2186 per
1185 2113 1565 2172 inﬁrmitatem
1593 2118 1882 2190 conspicit,
1914 2119 2084 2191 proti-

481 2213 589 2255 nus
615 2197 808 2256 divina
841 2200 1143 2258 clementia
1197 2203 1332 2277 quid
1375 2220 1472 2277 per
1499 2207 1846 2280 semetipsam
1875 2207 2084 2268 faciat?

481 2285 569 2359 adj
576 2287 753 2362 ungit.
787 2289 928 2348 Nam
958 2291 1206 2365 sequitur
1231 2310 1243 2349 :

999 2377 1226 2438 CAPUT
1273 2382 1324 2440 v
1373 2381 1515 2456 [Rea
1557 2384 1644 2460 V].

557 2466 698 2522 Isin.
731 2496 803 2510 —
829 2465 1004 2526 Mittet
1053 2476 1238 2527 contra
1296 2487 1413 2528 eum
1448 2471 1700 2544 fulmina,
1731 2480 1778 2530 et
1813 2473 1884 2530 ad
1919 2475 2086 2532 locum

481 2555 659 2613 alium
687 2573 797 2613 non
830 2556 1092 2628 ferentur.

557 2645 646 2703 10.
679 2647 931 2704 Fulmina
957 2654 1292 2706 conterentur
1316 2651 1373 2706 in
1399 2650 1798 2724 iudicio,justis
1835 2655 2018 2712 illmsis
2040 2661 2088 2712 et

483 2734 847 2807 gaudentibus.
867 2736 1095 2805 -—Quid
1117 2739 1484 2810 appellatione
1513 2741 1810 2798 fulminum
1840 2745 1973 2800 nisit
1996 2763 2082 2801 re-

487 2823 696 2881 mendae
727 2824 836 2880 illa)
867 2825 1100 2882 extremi
1138 2825 1339 2898 judicii
1369 2830 1654 2887 sententiae
1685 2831 2086 2904 designantur?

486 2911 617 2981 Quae
647 2912 855 2971 idcirco
912 2913 1148 2971 fulmina
1177 2923 1470 2986 vocantur,
1501 2919 1630 2992 quia
1680 2921 1947 2978 nimirum
1994 2940 2086 2980 eos

485 3021 622 3078 quos
646 3005 856 3062 feriunt
872 3005 930 3062 in
952 3015 1277 3081 perpetuum
1302 3009 1628 3068 incendunt.
1657 3013 1915 3070 Fulmina
1935 3031 2086 3071 nam-

483 3109 589 3168 que
616 3111 778 3169 super
806 3112 930 3153 eum
954 3097 1158 3155 Paulus
1185 3100 1376 3157 venire
1416 3111 1799 3175 conspexerat,
1833 3122 1960 3162 cum
1990 3105 2089 3161 di-

2121 1891 2168 1952 B

2192 613 2418 686 quique,
2451 615 2549 672 illo
2580 617 2637 671 iu
2659 616 2880 675 insidiis
2899 621 3188 693 vigilante,
3215 624 3310 680 sed
3329 625 3623 686 doloribus
3654 631 3809 688 tabe-

2190 714 2395 774 scente,
2426 709 2727 766 salvantur.
2759 711 2824 768 In
2853 713 3053 770 incude
3095 722 3278 771 autem
3335 717 3445 774 alia
3503 735 3637 775 vasa
3678 720 3810 776 for-

2194 802 2438 864 mantur,
2480 797 2495 830 ¹
2527 797 2644 870 ipsa
2673 815 2802 856 vero
2831 807 2914 857 tot
2932 804 3380 874 percussionibus
3418 806 3478 862 in
3517 823 3617 864 vas
3645 809 3808 866 aliud

2192 899 2302 938 non
2331 885 2680 944 transfertur.
2715 891 2879 946 Recte
2923 907 3052 964 ergo
3099 892 3408 949 Leviathan
3443 894 3548 952 iste
3607 895 3808 953 incudi

2191 981 2538 1044 comparatus
2565 985 2666 1046 est,
2707 980 2836 1050 quia
2869 997 2970 1035 nos
3020 982 3120 1037 illo
3173 991 3533 1055 persequente
3561 1001 3810 1058 compo-

2193 1061 2398 1129 nimur,
2428 1063 2543 1134 ipse
2571 1074 2752 1122 autem
2783 1075 2837 1124 et
2890 1085 3108 1142 semper
3146 1072 3477 1142 percutitur,
3523 1081 3581 1130 et
3615 1073 3679 1130 in
3711 1092 3808 1132 vas

2193 1150 2328 1205 utile
2357 1168 2637 1226 nunquam
2667 1165 2928 1214 mutatur.
2963 1160 3209 1215 [Etenim
3261 1160 3418 1216 illum
3452 1165 3806 1233 percussioni

2193 1239 2580 1314 relinquimus,
2611 1252 2665 1301 et
2695 1261 2813 1314 nos,
2845 1248 3074 1320 superni
3116 1247 3348 1304 artiﬁcis
3388 1266 3558 1306 manu
3593 1252 3654 1308 in
3685 1252 3808 1324 ejus

2192 1333 2495 1389 tentatione
2527 1337 2795 1405 percussi,
2816 1354 2909 1409 per
2936 1338 3098 1394 illum
3129 1340 3286 1412 quasi
3310 1341 3533 1398 vascula
3563 1343 3808 1402 formata

2192 1421 2511 1478 transimus.
2549 1425 2610 1479 ln
2643 1424 2764 1496 ipso
2793 1427 2940 1482 enim
2971 1428 3290 1497 tundimur,
3321 1430 3416 1486 sed
3445 1439 3508 1486 ut
3537 1432 3609 1488 ad
3637 1451 3801 1492 usum

2193 1508 2389 1566 domus
2419 1529 2668 1584 supernae
2693 1517 3000 1574 veniamus.
3060 1520 3181 1591 Ipse
3241 1536 3371 1576 vero
3427 1523 3586 1595 quasi
3639 1524 3804 1581 incus

2193 1603 2503 1676 stringitur,
2536 1607 2665 1680 quia
2695 1607 2795 1664 etsi
2825 1626 2975 1667 nunc
3004 1611 3266 1668 tentando
3288 1612 3562 1670 mundum
3575 1614 3802 1684 circuit,

2193 1694 2251 1750 in
2282 1695 2499 1752 inferno
2527 1704 2714 1754 tamen
2744 1699 2974 1771 positus,
3005 1705 3030 1740 ²
3070 1701 3186 1776 jam
3224 1703 3327 1762 sub
3360 1705 3478 1764 ictu
3509 1709 3802 1781 sententia:

2193 1799 2305 1840 non
2336 1793 2584 1857 vagatur.
2619 1787 2879 1860 Sequitur
2903 1807 2915 1848 :

2625 1905 2854 1965 CAPUT
2889 1909 2990 1966 vn
3029 1909 3173 1983 [Rec.
3215 1910 3364 1984 Vm.

2266 1995 2437 2054 Vnus.
2474 1995 2558 2052 16.
2590 2027 2660 2038 -
2693 1997 2825 2052 Cum
2854 1998 3093 2054 sublatus
3141 1999 3331 2071 fuerit,
3393 2002 3646 2060 timebunt
3688 2023 3803 2062 an-

2193 2088 2314 2160 geli,
2345 2094 2392 2144 et
2423 2089 2598 2145 territi
2629 2091 3027 2162 purgabantur.

2269 2176 2354 2232 12.
2390 2178 2643 2250 Reprobis
2671 2181 2871 2252 angelis
2919 2181 3240 2250 cadentibus,
3285 2184 3461 2242 territi
3498 2190 3624 2241 sunt
3655 2187 3803 2259 boni,

2195 2272 2244 2321 et
2273 2267 2455 2323 timore
2483 2267 3080 2342 solidati.—Scriptura
3105 2286 3258 2328 sacra
3285 2272 3364 2329 ita
3393 2289 3803 2349 nonnunquam

2195 2365 2411 2430 tempus
2441 2358 2779 2430 praeteritum
2819 2359 3181 2434 futurumque
3228 2363 3542 2436 permiscet,
3593 2373 3659 2422 ut
3685 2367 3806 2424 ali-

2195 2446 2415 2520 quando
2463 2448 2650 2504 futuro
2677 2465 2775 2521 pro
2803 2451 3108 2522 praeterito,
3129 2453 3428 2526 aliquando
3457 2471 3592 2532 vero
3613 2463 3808 2513 utatur

2195 2538 2473 2610 praeterito
2504 2555 2604 2611 pro
2633 2539 2845 2595 futuro.
2882 2540 3094 2596 Futuro
3122 2556 3360 2615 namque
3391 2560 3490 2616 pro
3520 2547 3806 2618 praeterito

2195 2626 2371 2684 utitur
2399 2643 2525 2684 cum
2553 2628 2754 2684 Joanni
2811 2629 3016 2686 mulier
3044 2631 3292 2703 paritura
3339 2635 3674 2706 masculum,
3705 2637 3805 2711 qui

2197 2725 2342 2788 regat
2367 2725 2552 2789 gentes
2584 2716 2641 2772 in
2699 2718 2854 2790 virga
2904 2718 3101 2790 ferrea,
3142 2720 3555 2780 demonstratur
3605 2727 3805 2798 (Apoc.

2196 2824 2298 2872 xu,
2321 2808 2400 2877 5).
2443 2807 2600 2876 Quod
2629 2807 2759 2882 quia
2807 2810 3092 2868 incarnato
3121 2812 3360 2871 Domino
3400 2815 3660 2873 veniente
3683 2817 3806 2890 jam

2196 2903 2328 2952 tunc
2357 2897 2563 2953 factum
2595 2899 2795 2969 fuerat,
2827 2917 2912 2957 res
2962 2911 3111 2974 gesta
3139 2905 3521 2963 nuntiabatur.
3555 2909 3806 2967 Rursum

2197 2986 2472 3057 praeterito
2505 2989 2684 3045 utitur
2712 3007 2811 3062 pro
2864 2991 3075 3060 futuro,
3125 2994 3271 3050 sicut
3298 3011 3394 3068 per
3449 2997 3804 3058 Psalmistam

2195 3077 2464 3132 Dominus
2495 3079 2762 3153 loquitur,
2794 3079 2985 3138 dicens
3010 3098 3022 3137 :
3054 3083 3328 3140 Foderunt
3361 3102 3554 3142 manus
3581 3105 3732 3144 meas
3761 3097 3809 3146 et

483 3165 670 3242 cebat:
709 3187 869 3254 Quem
905 3186 1168 3243 Dominus
1219 3190 1371 3246 Iesus
1426 3191 1706 3266 interﬁciet
1751 3195 1948 3266 spiritu
1975 3195 2088 3250 oris
2121 3255 2160 3278 η
2189 3165 2527 3278 ξίίῗθδιῗξίξς
3270 3190 3419 3274 0”“,
3442 3193 3557 3278 me,“
3612 3179 3803 3278 (,Pf‘u'

483 3273 588 3343 sui,
620 3279 668 3329 et
705 3253 935 3330 destruet
955 3276 1313 3334 illustratione
1337 3253 1684 3337 adventussui
1702 3253 1791 3354 (Ιί
1821 3285 1995 3342 Thess.
2019 3301 2082 3354 ιι,
2119 3255 2162 3314 C
2197 3253 2545 3354 “5,1748%
2569 3256 2782 3354 09‘?“
2794 3257 3055 3317 Videlicet
3075 3261 3258 3354 "cibis
3274 3264 3484 3354 Species
3499 3265 3805 3325 dominica

485 3361 568 3430 8).
606 3363 734 3418 Haec
762 3369 944 3418 autem
978 3380 1099 3436 quae
1138 3363 1194 3420 in
1227 3381 1350 3421 eum
1381 3368 1682 3426 mittuntur
1727 3370 1986 3440 fulmina,
2016 3374 2086 3430 ad

484 3449 667 3506 locum
697 3450 867 3507 alium
897 3467 1008 3506 non
1038 3451 1315 3522 feruntur,
1347 3457 1476 3528 quia
1497 3456 1665 3528 justis
1696 3461 2080 3532 gaudentibus,

485 3538 632 3594 solos
659 3546 793 3597 tunc
818 3539 1084 3612 reprobos
1113 3541 1340 3599 feriunt.
1366 3545 1499 3602 Nam
1533 3555 1654 3620 post
1673 3549 1932 3606 trituram
1954 3553 2082 3608 vitai

482 3628 790 3701 praesentis,
832 3629 890 3686 in
921 3647 1028 3704 qua
1057 3647 1208 3689 nunc
1237 3633 1486 3692 triticum
1532 3637 1634 3694 sub
1675 3639 1847 3711 paleis
1891 3643 2080 3714 gemit,

485 3717 560 3774 ita
587 3719 686 3776 illo
714 3721 951 3777 extremi
975 3719 1177 3792 judicii
1209 3723 1520 3782 ventilabro
1550 3726 1697 3782 inter
1722 3727 1970 3786 triticum
1993 3747 2082 3804 pa-

483 3811 699 3884 leasque
729 3811 1082 3881 discernitur,
1113 3820 1176 3870 ut
1204 3830 1305 3872 nec
1330 3815 1388 3872 in
1419 3816 1591 3875 tritici
1624 3819 1884 3878 horreum
1911 3825 2081 3896 paleae

480 3907 784 3970 transeant,
807 3918 913 3960 nec
931 3901 990 3959 in
1023 3903 1304 3977 palearum
1335 3905 1519 3979 ignem
1544 3907 1726 3966 horrei
1745 3928 1913 3984 grana
1931 3911 2080 3970 dela-

477 3989 700 4048 bantur.
732 3991 835 4048 Illa
862 4008 991 4066 ergo
1031 3993 1270 4052 fulmina
1310 3996 1493 4054 locum
1531 3998 1702 4055 alium
1733 4017 2080 4076 nequaquam

479 4087 732 4154 tangunt,
754 4081 885 4155 quia
913 4081 1174 4141 videlicet
1193 4083 1318 4158 igne
1347 4103 1448 4142 suo
1477 4103 1589 4144 non
1619 4105 1807 4161 grana,
1847 4091 1943 4148 sed
1973 4108 2081 4164 pa-

479 4167 592 4226 leas
619 4167 942 4226 incendunt.
976 4171 1084 4228 Sed
1103 4171 1238 4245 quia
1251 4171 1558 4231 Leviathan
1588 4176 1755 4234 istum
1783 4195 1942 4252 poma
1969 4197 2080 4237 non

477 4258 727 4332 corrigit,
759 4258 1009 4317 insinuat
1035 4259 1170 4317 dum
1199 4261 1525 4336 subjungit:

935 4401 1163 4462 CAPUT
1210 4406 1286 4464 Vl
1318 4403 1466 4480 [Rec.
1509 4406 1626 4482 V1].

549 4516 721 4575 Vnus.
756 4516 841 4573 15.
873 4547 944 4560 -
974 4519 1084 4576 Cor
1101 4519 1216 4590 ejus
1244 4522 1595 4580 indurabitur
1621 4525 1780 4596 quasi
1811 4527 1975 4598 lapis.

2194 3344 2464 3417 passionis
2491 3345 2642 3418 quasi
2668 3345 2783 3418 jam
2812 3355 3088 3406 transacta
3115 3351 3574 3422 describitur,sed
3610 3364 3802 3415 tamen

2193 3434 2375 3492 adhuc
2400 3436 2560 3508 longe
2593 3445 2716 3509 post
2743 3437 2932 3495 futura
2985 3441 3294 3499 nuntiatur.
3343 3445 3461 3501 Hoc
3514 3463 3649 3520 ergo
3677 3449 3805 3507 loco

2194 3540 2303 3596 quo
2329 3523 2568 3582 dicitur:
2607 3527 2742 3584 Cum
2784 3529 3026 3584 sublatus
3073 3530 3260 3600 fuerit,
3311 3533 3563 3591 timebunt
3599 3541 3804 3610 angeli,

2193 3613 2272 3668 nil
2303 3613 2482 3671 obstat
2511 3614 2748 3688 intelligi
2783 3617 2916 3690 quia
2961 3619 3064 3675 sub
3111 3619 3285 3678 futuri
3333 3625 3603 3697 temporis
3633 3629 3805 3685 modo

2192 3703 2468 3774 praeterita
2495 3703 2906 3764 describuntur.
2936 3709 3051 3764 Nec
3077 3717 3238 3767 rectae
3263 3711 3652 3786 intelligentia
3677 3734 3804 3774 sen-

2191 3809 2314 3850 sum
2343 3795 2730 3869 relinquimus,
2746 3797 2792 3854 si
2811 3798 3100 3856 credamus
3129 3801 3434 3859 Leviathau
3455 3805 3565 3862 isto
3583 3806 3656 3861 ab
3675 3824 3805 3866 arce

2190 3881 2551 3943 beatitudinis
2579 3887 2828 3956 cadente,
2850 3887 2909 3944 in
2938 3890 3100 3945 ruina
3127 3889 3246 3962 ejus
3273 3893 3439 3950 etiam
3462 3896 3672 3955 electos
3707 3917 3806 3957 an-

2193 3979 2340 4048 gelos
2368 3979 2676 4052 expavisse,
2707 3989 2770 4037 ut
2797 3997 2924 4038 cum
2973 3982 3141 4039 istum
3171 4001 3240 4040 ex
3289 3986 3513 4044 illorum
3563 4007 3804 4050 numero

2190 4069 2457 4142 superbiae
2488 4072 2671 4144 lapsus
2698 4072 2939 4145 ejiceret,
2966 4075 3093 4133 illos
3117 4076 3188 4132 ad
3223 4077 3504 4136 robustius
3533 4083 3803 4140 standum

2193 4157 2359 4215 timor
2386 4160 2502 4232 ipse
2530 4161 2806 4219 solidaret.
2845 4163 2983 4237 [νει.
3018 4165 3147 4241 IV.]
3187 4167 3343 4224 Unde
3391 4179 3447 4226 et
3501 4173 3800 4246 sequitur:

2187 4251 2264 4306 Et
2292 4251 2464 4306 territi
2495 4253 2884 4326 purgabantur.

2263 4338 2348 4396 13.
2371 4341 2488 4408 Qua
2507 4342 2714 4398 ratione
2734 4349 2854 4400 tunc
2866 4348 3103 4420 purgati.
3126 4350 3270 4406 Aliis
3286 4351 3620 4422 cadentibus,
3644 4363 3803 4413 crete-

2188 4427 2266 4482 ris
2294 4427 2473 4484 datum
2503 4437 2562 4486 ut
2587 4433 2772 4488 cadere
2798 4452 2904 4490 non
2917 4441 3450 4514 possent.—Purgati
3481 4459 3621 4501 vero
3647 4454 3801 4515 sunt,

2187 4515 2316 4589 quia
2343 4517 2610 4576 nimirum
2639 4520 2746 4578 isto
2775 4541 2902 4581 cum
2921 4527 3171 4598 reprobis
3193 4530 3508 4602 legionibus
3529 4544 3800 4603 exeunte,

550 4605 637 4661 11.
671 4605 884 4662 Salano:
908 4606 1302 4680 impcenitentia.
1329 4613 1519 4668 Incudi
1547 4613 1737 4670 similis
1763 4616 1953 4688 optime
1979 4616 2074 4672 di.
2101 4615 2150 4676 D
2184 4606 2288 4662 soli
2317 4606 2376 4663 in
2403 4610 2718 4668 ccelestibus
2746 4613 2970 4672 sedibus
2999 4617 3095 4689 qui
3123 4617 3278 4675 beate
3311 4620 3368 4675 in
3391 4629 3674 4682 aeternum
3707 4627 3802 4683 vi-

475 4693 830 4752 citur.—Cor
859 4697 1004 4754 enim
1027 4698 1241 4772 antiqui
1271 4699 1448 4758 hostis
1475 4709 1538 4759 ut
1554 4703 2076 4776 lapisindurabitur,

473 4783 606 4856 quia
629 4783 782 4841 nulla
818 4801 1062 4862 unquam
1107 4788 1486 4848 conversionis
1514 4793 1839 4864 poenitentia
1866 4794 2076 4850 mollie-

473 4879 580 4928 tur.
613 4870 719 4940 Qui
747 4875 878 4946 quia
911 4874 1044 4932 solis
1073 4875 1276 4934 ictibus
1295 4887 1510 4936 aeterna:
1531 4878 1762 4937 ultionis
1777 4881 2075 4954 aptabitur,

471 4969 618 5022 recte
649 4963 907 5037 protinus
935 4964 1315 5024 subinfertur:

539 5053 677 5109 Iam.
708 5083 780 5096 -
806 5056 883 5112 Et
909 5054 1202 5128 stringatur
1229 5056 1386 5126 quasi
1413 5057 1743 5114 malleatoris
1770 5058 1938 5115 incus.

545 5146 730 5204 1121
773 5143 1036 5202 Incudem
1093 5144 1297 5219 quippe
1362 5145 1650 5202 malleator
1709 5147 1842 5204 solis
1889 5158 2070 5222 aptam

467 5239 913 5312 percussionibus
942 5240 1080 5314 ﬁgit.
1109 5241 1196 5298 Ad
1227 5241 1335 5300 hoc
1351 5258 1588 5316 namque
1608 5243 1766 5301 incus
1781 5246 2066 5316 statuitur,

467 5333 530 5380 ut
557 5325 762 5383 crebris
793 5328 1000 5386 ictibus
1030 5329 1282 5387 feriatur.
1317 5331 1620 5388 Leviathan
1652 5349 1780 5405 ergo
1823 5341 1884 5390 ut
1925 5335 2075 5392 mal-

469 5413 694 5472 leatoris
733 5414 893 5474 incus
919 5417 1234 5491 stringitur,
1262 5421 1393 5494 quia
1415 5421 1621 5478 inferni
1655 5422 1896 5480 vinculis
1923 5441 2072 5481 coar-

467 5500 736 5574 ctabitur,
769 5511 834 5562 ut
888 5507 1080 5564 aeterni
1126 5509 1384 5582 supplicii
1411 5512 1676 5570 continua
1721 5513 2072 5585 percussione

543 5701 568 5782 ᾗ
580 5700 830 5782 Scilicet,
865 5701 1038 5782 incus,
1085 5705 1288 5780 legitur
1325 5715 1509 5766 tamen
1555 5711 1666 5782 ipse
1711 5710 1772 5768 in
1813 5711 2072 5770 omnibus

464 5771 666 5842 Editis,
697 5773 792 5830 sed
823 5774 1044 5832 vitiose.

540 5845 562 5881 ³
593 5844 864 5916 Vindoc.,
921 5846 1128 5905 Pratel.
1177 5863 1241 5908 ac
1267 5849 1344 5923 pl.
1391 5851 1748 5924 Norm.,jam
1788 5852 2065 5927 subjectus.

2188 4705 2380 4753 verent
2407 4711 2809 4760 remanserunt.
2857 4705 3034 4778 Hujus
3059 4707 3244 4781 itaque
3276 4710 3460 4781 lapsus
3479 4727 3577 4770 eos
3597 4715 3802 4774 terruit

2187 4796 2241 4843 et
2269 4789 2562 4860 purgavit:
2597 4791 2820 4862 terruit,
2843 4811 2910 4850 ne
2939 4796 3282 4854 conditorem
3309 4817 3473 4856 suum
3505 4803 3528 4838 ³
3558 4807 3800 4878 superbe

2185 4883 2558 4958 despicerent;
2593 4891 2852 4962 purgavit
2878 4908 3030 4962 vero,
3062 4895 3212 4968 quia,
3239 4897 3580 4956 exeuntibus
3610 4918 3798 4975 repro-

2184 4974 2290 5044 bis,
2321 4985 2504 5032 actum
2561 4988 2642 5036 est
2696 4988 2759 5037 ut
2805 4983 2966 5041 electi
3009 4985 3114 5041 soli
3160 4999 3530 5046 remanerent.
3561 4992 3638 5048 Et
3669 4974 3798 5068 quia

2183 5073 2508 5122 cunctorum
2537 5069 2726 5142 opifex
2755 5073 2900 5129 Deus
2929 5073 3034 5130 scit
3070 5074 3139 5130 ad
3168 5075 3441 5132 bonorum
3471 5083 3794 5140 custodiam

2184 5155 2349 5211 etiam
2379 5155 2518 5213 bene
2569 5159 2651 5214 uti
2690 5161 2836 5218 mala
2865 5162 3080 5219 actione
3135 5165 3522 5237 reproborum,
3575 5171 3794 5244 lapsum

2182 5245 2497 5302 cadentium
2527 5249 2697 5305 vertit
2727 5249 2784 5306 in
2815 5252 3121 5322 profectum
3153 5257 3534 5326 manentium;
3560 5268 3617 5316 et
3649 5260 3797 5317 unde

2183 5338 2378 5411 punita
2408 5347 2492 5396 est
2519 5342 2680 5414 culpa
2711 5345 3170 5418 superbientium,
3195 5349 3322 5404 inde
3351 5349 3675 5410 humilibus
3703 5370 3794 5410 an-

2182 5431 2317 5504 gelis
2345 5438 2400 5486 et
2428 5430 2660 5488 inventa
2699 5441 2754 5490 et
2783 5435 3016 5492 solidata
3062 5445 3194 5494 sunt
3239 5448 3537 5512 augmenta
3567 5445 3795 5500 merito-

2181 5535 2326 5577 rum.
2355 5520 2484 5578 Istis
2509 5537 2747 5596 namque
2763 5522 3108 5595 cadentibus,
3127 5525 3240 5584 illis
3259 5527 3319 5584 in
3339 5545 3576 5588 munere
3597 5531 3792 5590 datum

2181 5712 2342 5772 Corb.
2367 5715 2576 5785 Germ.,
2619 5716 2714 5788 qui
2759 5717 2807 5773 si
2850 5734 3076 5776 nunc...
3117 5719 3237 5791 jam
3265 5722 3502 5796 subjectu
3543 5743 3654 5784 non
3683 5745 3794 5784 au-

2178 5793 2351 5858 getur.

2252 5859 2274 5894 ³
2304 5857 2428 5917 Val.
2460 5856 2569 5929 CL,
2598 5859 2830 5934 superbi.
