3936 6380
137 361 249 419 725

912 364 1288 425 MORALIUM
1329 367 1464 426 LIB.
1502 369 1767 432 XXXIV.
1806 400 1878 419 --
1914 373 1989 436 ΙΝ
2023 373 2253 435 CAPUT
2290 376 2414 436 XLI
2450 377 2513 437 B.
2554 380 2697 439 JOB.

3369 387 3473 447 726

138 489 547 587 -ut_cadere
569 492 799 587 omnino
827 509 941 551 non
969 505 1209 569 possent.
1247 497 1432 556 Sancti
1471 500 1619 558 enim
1649 519 1762 560 an—
1788 505 1840 566 A
1875 506 2162 563 concussio.
2193 538 2264 552 —
2294 507 2716 568 Consideremus
2737 525 2866 587 ergo
2893 515 3171 587 quomodo
3198 523 3332 577 tunc
3350 518 3473 576 ini-

139 579 281 653 geli,
317 579 450 637 dum
487 581 545 638 in
577 581 698 639 istis
731 591 943 641 natura:
981 602 1094 644 sua;
1136 586 1335 645 damna
1382 589 1753 663 conspiciunt,

139 670 200 729 in
236 671 438 744 seipsis
452 670 567 745 jam
595 673 812 731 cautius
836 664 1223 752 robustiusque
1244 678 1573 739 consistunt.
1601 682 1757 740 Unde

137 760 224 830 ﬁt,
260 768 491 818 auctore
512 762 765 819 omnium
796 780 981 821 rerum
1006 767 1246 824 Domino
1290 778 1490 827 cuncta
1518 770 1757 829 mirabi-

138 850 276 907 liter
311 850 626 921 ordinante,
660 854 676 887 ¹
709 861 771 910 ut
803 853 887 910 illi
908 854 1206 914 electorum
1239 858 1535 930 spirituum
1565 863 1755 935 patria)

140 955 315 1013 etiam
351 957 530 1015 ruinae
560 976 672 1015 suae
702 960 902 1019 damna
921 963 1231 1036 proﬁciant,
1255 964 1385 1021 dum
1410 964 1537 1023 inde
1564 957 1756 1017 1122

138 1043 364 1104 ﬁrmius
379 1056 700 1107 constructa
727 1050 801 1107 sit
821 1051 968 1108 unde
989 1052 1168 1110 fuerat
1182 1070 1252 1110 ex
1278 1062 1431 1127 parte
1451 1053 1750 1110 destructa.

213 1135 308 1193 14.
372 1138 554 1198 Sancti
605 1140 982 1211 praedicatores
1032 1143 1205 1214 angeli
1248 1143 1518 1200 dicuntur.
1550 1173 1622 1185 —
1651 1141 1756 1198 Sed

139 1226 279 1299 quia
323 1244 468 1300 saepe
511 1228 793 1301 Scriptura
841 1247 994 1288 sacra
1040 1232 1424 1304 praedicatores
1471 1232 1751 1300 Ecclesiae,

139 1330 243 1388 pro
291 1332 358 1373 eo
404 1317 554 1392 quod
604 1319 836 1390 gloriam
878 1321 1067 1392 patria
1113 1323 1354 1380 caelestis
1399 1323 1754 1391 annuntiant,

139 1406 473 1478 angelorum
522 1410 663 1466 solet
700 1410 926 1468 nomine
973 1412 1282 1485 designare,
1316 1429 1608 1486 possumus
1650 1412 1757 1470 hoc

139 1496 268 1554 loco
298 1499 523 1571 angelos
551 1508 769 1557 sanctos
791 1501 1174 1573 praedicatores
1202 1504 1472 1575 accipere.
1502 1503 1646 1559 Hinc
1674 1508 1757 1559 est

138 1587 292 1644 enim
328 1588 476 1662 quod
504 1589 743 1647 Joannes
769 1591 828 1647 in
860 1593 1216 1666 Apocalypsi,
1246 1601 1459 1667 septem
1491 1593 1755 1651 Ecclesiis

138 1677 415 1748 scribens,
447 1679 656 1751 angelis
686 1681 1058 1739 Ecclesiarum
1091 1682 1361 1756 loquitur,
1395 1682 1451 1741 id
1479 1691 1561 1740 est
1604 1700 1756 1757 prai-

139 1767 493 1826 dicatoribus
519 1770 849 1843 populorum
880 1770 1071 1844 (Apoc.
1104 1789 1145 1841 I,
1178 1773 1260 1845 4).
1305 1773 1448 1829 Hinc
1490 1774 1755 1847 propheta

137 1857 221 1914 ait
250 1874 264 1914 :
299 1859 378 1916 Et
406 1859 582 1931 angeli
604 1860 755 1932 pacis
783 1879 967 1917 amare
992 1862 1189 1934 ﬂebunt
1244 1862 1401 1934 (Isai.
1432 1879 1638 1935 xxxm,
1672 1864 1749 1937 7).

140 1946 292 2004 Hinc
320 1964 542 2005 rursum
570 1948 869 2006 Malachias
883 1949 1147 2024 propheta
1158 1951 1236 2008 ait
1252 1950 1450 2009 :Labia
1467 1953 1757 2008 sacerdotis

140 2037 164 2073 ³
196 2038 503 2095 custodiunt
529 2039 824 2109 scientiam,
854 2047 902 2095 et
931 2042 1086 2112 legem
1116 2042 1398 2112 inquirunt
1436 2060 1501 2096 ea:
1515 2059 1605 2096 ore
1623 2043 1757 2113 ejus,

137 2128 275 2201 quia
315 2130 535 2203 angelus
577 2130 793 2187 Domini
838 2133 1163 2188 exercituum
1203 2138 1279 2187 est
1326 2132 1551 2203 (Malae.
1580 2149 1644 2201 II,
1676 2133 1755 2205 7).

136 2218 292 2275 Hinc
318 2218 522 2275 Paulus
548 2218 626 2275 ait
659 2237 671 2275 :
704 2221 957 2293 Magnum
988 2227 1065 2278 est
1089 2222 1313 2294 pietatis
1344 2227 1758 2291 sacramentum,

135 2308 288 2381 quod
312 2308 709 2380 manifestatum
737 2310 899 2366 estin
928 2328 1107 2381 carne,
1145 2312 1501 2385 justiﬁcatum
1551 2312 1609 2367 in
1640 2312 1761 2383 spi—

138 2399 281 2469 ritu,
311 2400 569 2473 apparuit
594 2402 816 2475 angelis,
840 2402 1202 2475 praadicatum
1223 2409 1299 2458 est
1341 2403 1601 2475 gentibus,
1655 2419 1762 2458 cre-

135 2490 317 2546 ditum
347 2497 421 2546 est
446 2491 503 2547 in
531 2492 625 2547 hoc
658 2493 880 2558 mundo,
909 2499 1247 2565 assumptum
1289 2499 1364 2549 est
1396 2492 1454 2548 in
1491 2492 1668 2564 gloria
1707 2492 1766 2562 (Ι

146 2580 293 2637 Tim.
326 2598 409 2650 III,
446 2581 559 2655 16).
600 2581 707 2649 Qui
751 2582 922 2654 igitur
957 2581 1390 2655 dispensationis
1432 2581 1758 2655 mysterium

134 2676 442 2743 postquam
472 2670 787 2741 apparuisse
817 2669 1028 2743 angelis
1054 2668 1223 2739 dixit,
1255 2669 1615 2743 praedicatum
1645 2685 1760 2725 esse

138 2758 410 2831 gentibus
429 2758 701 2826 subdidit,
732 2759 979 2831 profecto
1004 2760 1326 2832 angelorum
1360 2760 1591 2816 nomine
1610 2776 1761 2832 prae-

133 2847 426 2906 dicatores
448 2855 686 2917 sanctos,
710 2847 767 2904 id
798 2856 881 2905 est
901 2848 1151 2924 veritatis
1177 2848 1408 2905 nuntios
1424 2847 1754 2920 designavit.

216 2991 304 3049 15.
339 2991 412 3046 Ηί
456 3008 522 3046 ex
564 2994 869 3063 angelorum
918 3008 1046 3047 casu
1090 2999 1139 3047 et
1186 3008 1348 3065 pcena
1393 2998 1679 3061 terrentur,
1713 2998 1761 3048 et

123 3087 471 3155 purgantur.
493 3081 636 3137 —Si
658 3098 787 3154 ergo
816 3079 923 3138 hoc
950 3082 1098 3154 quod
1127 3080 1333 3138 dicitur
1365 3098 1377 3137 :
1420 3082 1552 3140 Cum
1582 3082 1757 3138 subla-

132 3181 231 3229 tus
264 3173 452 3245 fuerit,
483 3172 730 3228 timebunt
756 3174 951 3245 angeli,
973 3180 1022 3229 et
1048 3175 1223 3231 territi
1249 3174 1657 3247 purgabantur,
1690 3172 1759 3229 ad

1876 612 2112 668 quorum
2143 597 2483 656 conscientia
2510 602 2846 671 concutitur,
2878 605 3097 676 quando
3116 607 3283 664 etiam
3295 608 3472 681 justo-

1873 702 1998 743 rum
2030 688 2148 745 vita
2168 688 2439 746 turbatur.
2465 691 2531 747 Hi
2556 694 2649 765 qui
2678 692 2915 750 oderunt
2932 694 3229 753 adventum
3241 697 3469 771 judicis,

1868 777 2005 852 quid
2033 778 2258 848 facient,
2293 780 2340 836 si
2368 787 2631 838 terrorem
2662 784 2800 839 tanti
2814 782 3016 856 judicii
3038 784 3205 842 etiam
3225 789 3320 859 qui
3344 789 3468 847 dili-

1871 878 2009 941 gunt
2039 880 2414 943 expavescunt
2428 873 2456 929 ‘l
2468 874 2541 929 Et
2556 872 2687 946 quia
2715 874 2771 930 in
2801 876 3005 932 sanctis
3019 878 3471 950 praedicatoribus

1871 956 1976 1014 hoc
1997 975 2199 1031 pavore
2228 962 2576 1034 excoquitur,
2616 962 2660 1018 si
2720 977 2827 1035 qua
2855 963 2934 1019 eis
2964 963 3140 1021 inesse
3182 966 3363 1039 potuit
3397 969 3470 1024 le-

1870 1049 2029 1105 vium
2059 1049 2257 1123 rubigo
2285 1052 2572 1119 vitiorum,
2602 1062 2889 1127 postquam
2917 1055 3064 1111 dixit
3096 1074 3107 1112 :
3136 1058 3269 1115 Cum
3296 1058 3471 1114 subla-

1869 1142 1952 1193 tus
1980 1137 2168 1209 fuerit,
2210 1141 2460 1196 timebunt
2498 1144 2691 1213 angeli,
2720 1152 2842 1216 apte
2870 1161 3001 1201 mox
3029 1145 3279 1203 subdidit
3337 1164 3348 1202 :
3399 1150 3475 1204 Et

1873 1228 2046 1282 territi
2096 1230 2493 1301 purgabuntur.
2545 1231 2648 1288 Sed
2704 1233 2833 1306 quia
2891 1233 3008 1292 haec
3054 1235 3121 1292 de
3167 1236 3470 1294 Leviathan

1878 1317 2041 1374 istius
2079 1317 2189 1374 ﬁne
2232 1320 2613 1391 cognovimus.
2654 1321 2878 1379 interim
2922 1322 3243 1399 priusquam
3287 1334 3474 1400 pereat

1865 1405 2005 1480 quid
2040 1414 2163 1479 agat
2191 1407 2500 1466 audiamus.
2532 1409 2826 1483 Sequitur:

2269 1524 2497 1583 CAPUT
2536 1525 2663 1585 VIII
2702 1525 2845 1601 meo.
2895 1525 3074 1600 VIII].

1946 1616 2119 1674 Vens.
2158 1616 2242 1672 17.
2271 1647 2342 1658 -
2376 1617 2509 1674 Cum
2532 1616 2938 1689 apprehenderit
2964 1634 3081 1673 eum
3107 1616 3471 1690 gladius,sub-

1871 1707 2057 1762 sistere
2082 1722 2189 1761 non
2209 1707 2405 1778 poterit
2432 1723 2594 1777 neque
2622 1707 2795 1775 hasta,
2824 1723 2986 1778 neque
3016 1706 3227 1763 thorax.

1944 1799 2032 1854 17.
2066 1798 2427 1855 Antichristus
2448 1798 2647 1853 diaboli
2674 1798 2884 1870 gladius
2914 1804 3045 1852 recte
3072 1798 3472 1871 appellatur.—

1783 1874 1829 1936 Β
1875 1889 1935 1944 In
1969 1890 2255 1962 Scriptura
2273 1905 2425 1946 sacra
2436 1888 2731 1962 aliquando
2759 1906 2854 1962 per
2869 1889 3110 1962 gladium
3134 1897 3319 1945 sancta
3336 1905 3471 1962 prae-

1873 1977 2097 2045 dicatio,
2132 1978 2432 2052 aliquando
2466 1986 2668 2035 aeterna
2709 1978 3012 2047 damnatio,
3045 1978 3345 2052 aliquando
3375 1977 3472 2035 tri-

1874 2064 2088 2123 bulatio
2108 2066 2449 2139 temporalis,
2481 2066 2779 2140 aliquando
2807 2067 3024 2141 antiqui
3061 2065 3235 2124 hostis
3270 2067 3353 2123 ira
3382 2067 3470 2123 vel

1874 2162 2157 2236 persuasio
2186 2164 2525 2236 designatur.
2558 2164 2786 2222 Gladius
2814 2166 2963 2222 enim
2998 2161 3188 2220 1123
3220 2182 3322 2239 pro
3350 2183 3470 2224 san-

1872 2262 1957 2311 cta
1987 2254 2382 2327 praedicatione
2405 2257 2650 2329 ponitur,
2682 2259 2827 2316 sicut
2853 2259 3057 2315 Paulus
3084 2257 3164 2315 ait
3206 2275 3218 2314 :
3251 2261 3327 2316 Et
3350 2261 3472 2331 gla-

1870 2342 2017 2398 dium
2043 2345 2287 2417 spiritus,
2316 2347 2458 2417 quod
2484 2353 2562 2403 est
2594 2348 2811 2403 verbum
2837 2348 2939 2405 Dei
2967 2347 3186 2420 (Ephes.
3237 2366 3314 2418 v1,
3354 2350 3469 2422 17).

1871 2433 2055 2491 Gladii
2090 2436 2315 2493 nomine
2344 2443 2549 2493 aeterna
2571 2436 2854 2494 damnatio
2875 2436 3214 2509 designatur,
3245 2438 3389 2496 sicut
3403 2437 3472 2494 de

1870 2522 2205 2596 praedicante
2251 2523 2510 2582 haeretico
2558 2525 2827 2599 scriptum
2858 2533 2938 2582 est
2971 2544 2982 2582 :
3018 2526 3079 2583 Si
3128 2526 3474 2598 multiplicati

1868 2612 2075 2684 fuerint
2101 2614 2206 2687 ﬁlii
2237 2614 2374 2686 ejus,
2404 2615 2461 2670 in
2504 2616 2699 2687 gaudio
2726 2620 2883 2672 erunt
2941 2615 3061 2688 (Job
3117 2632 3302 2682 xxvu,
3353 2615 3469 2687 14),

1872 2703 2001 2775 quia
2022 2704 2364 2777 quantalibet
2392 2703 2485 2761 hic
2504 2703 2898 2761 numerositate
2921 2703 3252 2777 germinent,
3268 2710 3472 2760 aeterna

1868 2791 2223 2848 damnatione
2246 2803 2669 2852 consumuntur.
2699 2795 2929 2853 Gladius
2947 2794 3235 2852 tribulatio
3264 2801 3471 2866 tempo‘

1868 2881 2000 2936 ralis
2017 2882 2308 2954 accipitur,
2330 2884 2476 2940 sicut
2502 2884 2688 2940 Mariae
2718 2884 2785 2941 de
2805 2885 3075 2942 secuturis
3089 2882 3469 2941 tribulationi-

1867 2970 1971 3026 bus
1999 2970 2205 3027 dicitur
2224 2989 2235 3027 :
2255 2974 2331 3029 Et
2360 2978 2503 3027 tuam
2533 2972 2699 3043 ipsius
2725 2973 2964 3029 animam
2991 2973 3336 3045 pertransibit
3357 2973 3469 3044 gla-

1868 3061 1988 3115 dius
2020 3061 2170 3133 (Luc.
2204 3078 2267 3130 II,
2291 3061 2409 3134 35).
2439 3062 2675 3119 Rursum
2712 3079 2809 3137 per
2837 3062 3082 3136 gladium
3111 3062 3195 3119 ira
3219 3062 3307 3118 vel
3337 3078 3472 3134 per-

1868 3152 2051 3208 suasio
2069 3151 2298 3224 maligni
2315 3151 2492 3209 hostis
2511 3151 2864 3224 exprimitur,
2882 3152 3028 3209 sicut
3046 3152 3342 3209 Psalmista
3360 3151 3466 3209 ait:

131 3241 402 3321 futurum
415 3270 634 3335 tempus
653 3241 912 3331 refertur,
926 3241 1529 3321 adveniente—districto
1545 3241 1755 3336 judice,

1877 3242 1979 3309 Qui
2010 3241 2244 3297 liberasti
2272 3241 2452 3298 Dav-id
2488 3259 2697 3297 servum
2729 3248 2874 3298 tuum
2912 3243 2973 3298 de
3016 3242 3195 3315 gladio
3238 3241 3472 3312 maligno

133 3363 398 3412 extrema
427 3353 521 3411 hic
549 3354 710 3410 istius
738 3354 1044 3411 Leviathan
1086 3354 1369 3411 damnatio
1417 3354 1759 3427 designatur,

137 3444 285 3518 quia
313 3442 379 3498 de
416 3442 522 3499 hoc
552 3443 762 3500 mundo
796 3460 891 3516 per
929 3443 1068 3500 iram
1104 3446 1125 3481 ³
1153 3443 1360 3516 judicii
1392 3444 1636 3512 tollitur,
1666 3443 1762 3516 qui

138 3549 305 3590 nunc
332 3531 473 3587 mira
499 3532 940 3589 mansuetudinis
996 3533 1413 3606 longanimitate
1472 3533 1757 3589 toleratur.

141 3622 332 3678 Tanto
373 3630 556 3677 autem
590 3622 611 3657 ⁴
643 3621 776 3677 hinc
818 3622 1058 3694 pondere
1106 3622 1335 3679 terroris
1365 3622 1671 3690 excutitur,
1699 3629 1764 3679 ut

139 3717 469 3768 sanctorum
501 3711 666 3767 etiam
699 3712 1119 3783 praedicatorum
1152 3711 1424 3767 fortitudo
1468 3712 1758 3779 turbetur;

146 3801 292 3858 Cum
319 3800 458 3855 enim
485 3801 725 3856 sublatus
753 3800 943 3872 fuerit,
979 3800 1230 3856 timebunt
1251 3801 1447 3872 angeli,
1477 3801 1607 3873 quia
1635 3817 1763 3858 cum

136 3889 353 3964 judicii
383 3889 605 3947 turbine
635 3890 868 3963 rapitur,
889 3889 948 3945 hi
970 3890 1064 3964 qui
1086 3890 1144 3945 in
1177 3889 1508 3963 corporibus
1534 3889 1764 3962 reperiri

143 3981 457 4056 potuerint,
490 3980 761 4035 immenso
780 3986 989 4035 terrore
1015 3979 1291 4048 concussi,
1315 3980 1483 4035 etiam
1512 3996 1762 4051 supernae

142 4070 344 4146 patriae
375 4069 561 4126 nuntii
593 4069 1047 4127 contremiscunt.
1088 4069 1367 4138 Quamvis
1399 4070 1549 4126 enim
1596 4070 1764 4127 fortes

138 4160 264 4235 jam
294 4166 459 4232 atque
488 4158 716 4231 perfecti
747 4166 898 4227 sunt,
928 4158 1112 4215 adhuc
1141 4167 1348 4226 tamen,
1370 4158 1500 4231 quia
1521 4159 1578 4213 in
1600 4174 1763 4215 carne

147 4256 286 4305 sunt
313 4249 502 4321 positi,
534 4264 647 4303 non
690 4256 921 4319 possunt
960 4247 1018 4303 in
1070 4248 1214 4303 tanti
1259 4246 1491 4303 terroris
1540 4246 1764 4303 turbine

147 4339 309 4397 nulla
339 4338 638 4395 formidine
658 4336 897 4394 concuti.
932 4336 1037 4393 Sed
1068 4354 1195 4394 cum
1222 4337 1532 4393 Leviathan
1564 4337 1664 4392 iste
1683 4352 1765 4392 ra-

147 4428 328 4502 pitur,
361 4443 600 4500 cumque
629 4424 817 4481 omnia
846 4426 905 4481 in
935 4425 1054 4498 ejus
1084 4426 1315 4482 interitu
1344 4427 1616 4482 elementa
1637 4442 1765 4499 qua-

148 4516 401 4584 tiuntur,
431 4515 817 4588 praedicatores
856 4522 1096 4583 sanctos,
1120 4530 1279 4588 quos,
1310 4522 1373 4570 ut
1410 4514 1552 4582 dixi,
1585 4513 1766 4572 adhuc

151 4608 213 4663 in
246 4607 364 4663 suis
391 4605 715 4680 corporibus
769 4604 911 4660 illud
956 4612 1174 4676 tempus
1214 4602 1415 4676 judicii
1467 4603 1764 4672 invenerit,
1791 4610 1841 4669 D

152 4714 284 4771 spes
310 4697 378 4754 de
410 4698 564 4770 regni
594 4694 1005 4769 propinquitate
1035 4695 1298 4763 laetiﬁcat,
1323 4703 1377 4751 et
1404 4696 1587 4751 carnis
1614 4694 1765 4751 inﬁr-

154 4790 328 4847 mitas
361 4788 429 4846 de
457 4788 552 4844 ira:
582 4786 896 4845 ostensione
930 4785 1233 4858 perturbat.
1264 4786 1387 4842 Erit
1416 4802 1545 4859 ergo
1587 4786 1644 4841 in
1687 4786 1767 4841 eis

150 4879 350 4953 aliquo
382 4877 547 4935 modo
585 4886 792 4934 tremor
837 4876 1014 4943 laetus,
1044 4882 1098 4931 et
1135 4875 1302 4931 timor
1345 4891 1591 4944 securus,
1636 4874 1769 4948 quia

152 4980 215 5028 et
242 4971 456 5028 caelesti
504 4987 670 5043 regno
716 4986 773 5027 se
803 4967 1143 5026 remunerari
1188 4967 1325 5024 certi
1372 4974 1522 5036 sunt,
1571 4974 1625 5022 et
1670 4983 1767 5039 per

154 5061 303 5119 tanti
337 5061 578 5117 turbinis
607 5067 816 5117 metum
851 5076 951 5133 pro
980 5057 1159 5117 carnis
1186 5056 1509 5113 inﬁrmitate
1540 5063 1766 5113 contre-

156 5152 426 5209 miscunt.

236 5242 325 5300 16.
358 5242 526 5299 Iustis
555 5240 911 5309 trementibus,
941 5245 1140 5312 quanta
1188 5235 1536 5310 reproborum
1575 5233 1768 5306 futura

240 5440 255 5473 ¹
291 5438 548 5509 Longip.,
580 5441 639 5491 ut
667 5436 766 5491 illa
794 5436 1073 5509 electorum
1100 5432 1389 5509 spirituum
1427 5427 1770 5509 pars,_etiam

154 5511 342 5568 ruinae
372 5501 488 5565 sui
504 5501 698 5565 damno
724 5505 993 5579 proﬁciat.
1025 5501 1223 5573 Laud,
1246 5504 1419 5559 ruina:
1438 5518 1546 5556 sua:
1572 5501 1770 5556 damna

152 5582 564 5658 Ρτρερίσίιξηεο-
783 5657 790 5658 ,
860 5650 873 5658 .
1059 5655 1068 5658 _
1122 5648 1160 5658 ..
1234 5654 1244 5658 _
1619 5644 1629 5655 .

239 5655 263 5690 ²
295 5649 494 5721 Laud.,
526 5653 711 5710 Germ.
744 5657 798 5705 et
826 5650 925 5718 al.,
956 5649 1246 5704 custodient
1269 5692 1281 5703 .
1477 5649 1766 5721 requirent.

240 5729 263 5763 ³
299 5718 560 5793 Vindoc.,
588 5721 1048 5794 Ebroic.aliique
1077 5721 1289 5794 Norm.,
1311 5718 1533 5790 judicis.

240 5801 265 5834 ‘
294 5796 497 5865 Laud.,
520 5796 643 5853 Val.
677 5794 783 5862 CL,
804 5793 1041 5862 Gemet.,
1073 5793 1173 5865 hic.

241 5872 266 5908 ⁸
294 5859 565 5927 νδῐίοίθι
592 5859 890 5937 Gussanv.,
921 5871 980 5922 ut
1005 5859 1040 5922 a
1075 5864 1181 5922 via.
1211 5863 1408 5923 Melius
1435 5860 1493 5920 in
1515 5859 1774 5919 omnibus

1870 3331 2052 3401 (Psal.
2110 3348 2301 3401 CXLIII,
2341 3332 2453 3404 10).
2505 3331 2785 3404 Benignus
2843 3331 3045 3405 quippe
3078 3337 3287 3388 sanctae
3338 3345 3474 3403 pra:-

1871 3419 2168 3477 dicationis
2197 3429 2278 3477 est
2307 3421 2540 3493 gladius,
2573 3438 2682 3495 quo
2728 3422 3072 3495 percutimur
3108 3428 3172 3477 ut
3226 3438 3259 3477 a
3312 3421 3475 3493 culpa

1872 3510 2192 3566 moriamur.
2218 3511 2490 3584 Malignus
2510 3528 2641 3567 vero
2675 3519 2757 3567 est
2785 3510 3072 3568 diabolicae
3103 3510 3474 3584 persuasionis

1872 3597 2107 3670 gladius,
2138 3614 2247 3671 quo
2281 3600 2422 3655 male
2452 3599 2684 3673 quisque
2715 3600 3021 3673 percutitur
3054 3601 3076 3636 ⁶
3107 3605 3169 3654 ut
3194 3616 3226 3654 a
3258 3598 3374 3654 vita
3394 3615 3473 3655 re-

1871 3688 2165 3745 ctitudinis
2193 3690 2595 3762 exstinguatur.
2628 3690 2863 3765 Antiqui
2895 3707 3024 3762 ergo
3056 3688 3232 3745 hostis
3261 3696 3343 3744 est
3364 3688 3473 3761 gla-

1873 3776 2019 3846 dius,
2044 3776 2138 3833 ille
2168 3786 2299 3835 tunc
2329 3779 2621 3836 damnatus
2650 3778 2837 3848 homo,
2863 3780 2919 3835 in
2968 3794 3131 3835 usum
3177 3776 3473 3833 ministerii

1873 3865 1992 3938 ejus
2020 3875 2352 3953 assumptus.
2376 3869 2560 3941 Ipsum
2594 3870 2798 3943 quippe
2832 3885 2928 3942 per
2957 3868 3225 3924 malitiam
3262 3866 3474 3923 fraudis

1873 3954 2115 4021 exacuit,
2138 3961 2191 4009 et
2216 3953 2565 4010 inﬁrmorum
2586 3955 2753 4011 corda
2779 3954 3073 4025 transfigit.
3109 3955 3130 3988 ⁵
3160 3953 3324 4010 Hunc
3345 3968 3473 4024 ergo

1874 4041 2180 4097 Leviathan
2210 4040 2370 4098 istius
2391 4043 2606 4116 gladius
2625 4041 3009 4116 apprehendit,
3032 4057 3157 4099 cum
3183 4058 3311 4099 eum
3340 4057 3474 4097 suus

1874 4131 2166 4188 damnatus
2188 4131 2355 4187 homo
2384 4132 2703 4204 susceperit.
2736 4131 2795 4187 Si
2824 4140 3009 4188 autem
3040 4129 3210 4204 gladii
3250 4128 3475 4186 nomine

1875 4219 1995 4293 ejus
2023 4221 2102 4276 ira
2122 4220 2389 4293 signatur,
2427 4230 2570 4277 recte
2598 4238 2709 4276 non
2752 4219 3159 4293 apprehendere
3207 4218 3471 4292 gladium,

1875 4309 1969 4367 sed
1989 4328 2020 4367 a
2041 4308 2222 4381 gladio
2237 4309 2575 4382 apprehendi
2595 4309 2945 4366 describitur.
2960 4310 3021 4365 In
3040 4315 3249 4365 tantam
3274 4308 3476 4382 quippe

1878 4408 2016 4456 tunc
2048 4399 2317 4455 insaniam
2348 4399 2604 4468 vertitur,
2632 4408 2694 4456 ut
2722 4398 2999 4456 dominari
3029 4398 3289 4455 omnibus
3318 4413 3476 4471 appe-

1876 4496 2019 4558 tens,
2055 4505 2397 4561 nequaquam
2426 4506 2538 4545 suae
2582 4490 2676 4544 ira:
2707 4488 3043 4545 dominetur.
3089 4490 3201 4544 Nos
3242 4504 3477 4561 namque

1878 4596 2002 4637 cum
2035 4579 2174 4635 iram
2209 4579 2267 4635 in
2293 4595 2394 4635 usu
2419 4577 2652 4652 justitiae
2677 4579 3029 4647 assumimus,
3061 4576 3302 4651 gladium
3317 4584 3479 4633 tene-

1882 4686 2024 4737 mus,
2063 4670 2193 4742 quia
2211 4684 2330 4724 eam
2361 4667 2465 4724 sub
2494 4668 2752 4741 aequitate
2775 4666 2975 4740 judicii
2996 4665 3326 4740 possidendo
3364 4681 3477 4721 mo-

1877 4757 2068 4813 deram
2078 4775 2160 4814 ur.
2186 4758 2281 4814 Ille
2299 4765 2481 4814 autem
2503 4758 2634 4831 quia
2654 4774 2749 4830 per
2771 4756 3002 4831 abrupta
3018 4756 3223 4813 furoris
3242 4755 3475 4828 rapitur,

1876 4863 1993 4903 non
2013 4848 2425 4921 apprehendere
2450 4847 2718 4921 gladium,
2748 4846 2842 4903 sed
2878 4863 2910 4903 a
2930 4845 3112 4919 gladio
3139 4844 3477 4919 apprehendi

1880 4936 2225 5009 perhibetur.
2257 4938 2377 4995 Non
2408 4938 2557 4993 enim
2594 4937 2732 4993 iram
2772 4935 3057 5011 possidens
3085 4941 3254 5005 tenet,
3284 4933 3381 4991 sed
3407 4934 3476 4992 ab

1876 5025 1959 5082 ira
1980 5027 2211 5084 saeviens
2251 5034 2485 5084 tenetur.

1953 5124 2093 5200 [Vet.
2134 5125 2220 5201 ν.)
2256 5126 2340 5182 18.
2374 5126 2510 5181 Huic
2536 5124 2716 5198 gladio
2758 5123 2933 5179 cedere
2972 5122 3179 5179 hastam
3206 5127 3254 5178 et
3286 5121 3479 5178 thora-

1875 5230 1981 5270 cem
2013 5232 2116 5287 quo
2139 5232 2293 5271 sensu
2321 5216 2538 5272 dictum.
2565 5245 2625 5255 —
2659 5213 2884 5271 Cunctis
2911 5219 3096 5269 autem
3126 5211 3301 5286 liquet
3328 5212 3479 5286 quod

1877 5426 2006 5482 Mss.
2040 5419 2267 5499 nostris,
2296 5426 2351 5475 et
2372 5418 2429 5499 in
2448 5415 2678 5499 vetustis
2698 5415 2946 5499 Edit.,ut
2976 5432 3012 5471 a
3048 5414 3248 5499 gitana
3281 5414 3476 5471 exstin-

1876 5499 2093 5571 guatur.
2128 5490 2272 5558 Quid
2302 5490 2450 5545 enim
2485 5497 2567 5545 est
2601 5506 2632 5544 a
2654 5488 2757 5571 .via
2786 5488 3110 5569 exstingui?

1952 5569 1973 5602 ⁶
2002 5567 2084 5621 Ita
2112 5564 2228 5621 lege
2258 5579 2326 5618 ex
2350 5563 2480 5619 Mss.
2502 5562 2746 5621 Anglic.
2779 5560 2995 5621 Norm.,
3028 5558 3455 5621 V1ndoc..duob

1952 5578 1973 5602 υ
2002 5578 2084 5621 ita
2113 5578 2228 5634 lege
2258 5579 2326 5618 ex
2350 5578 2480 5619 mss.
2502 5578 2746 5634 Anglic,
2779 5578 2995 5627 μοι-[ηπ
3038 5578 3475 5629 v1nuoc.,uuon.

1881 5642 2090 5703 Germ.,
2128 5634 2660 5713 Laud.,_etc.,_et__ex
2703 5640 2813 5689 vet.
2863 5631 3204 5713 EditzhAlize
3250 5631 3477 5713 habent,

1880 5713 2031 5769 Hunc
2059 5726 2179 5780 ergo
2211 5708 2410 5788 Leniat.
2453 5707 2688 5788 gladium
2717 5703 3083 5788 apprehendit,
3111 5711 3386 5788 corrupte,
3411 5709 3480 5788 ‘et

1880 5792 2073 5841 contra
2109 5772 2832 5851 sensumitextusiexpositi,
2865 5775 2961 5834 ubi
2982 5791 3096 5834 non
3116 5772 3473 5850 apprehendi-

1882 5865 1972 5915 tur
2000 5852 2234 5931 gladius,
2266 5850 2362 5909 sed
2388 5850 2770 5926 apprehendit.
