3936 6396
492 392 597 452 727

1698 389 1949 448 SANCTI
1984 387 2324 448 GREGORII
2357 383 2590 443 MAGNI

3715 383 3817 442 728

490 521 650 577 hasta
672 517 1050 576 adversarium
1077 517 1435 592 percutimus,
1467 517 1692 574 thorace
1723 533 1854 574 vero
1884 515 1953 571 ab
1981 514 2089 571 ad-
2117 517 2170 575 Α
2202 512 2350 568 ﬁrmi
2377 520 2559 580 erunt,
2591 512 2638 568 si
2666 510 2836 567 fortes
2875 511 3020 568 sicut
3061 511 3229 583 paleae
3259 509 3639 582 reputantur?
3668 507 3814 578 Quid

490 607 734 664 versario
763 608 1066 662 munimur.
1117 608 1219 663 Per
1251 606 1463 664 hastam
1506 607 1736 661 vulnera
1777 603 2090 672 inferimus,

487 712 586 769 per
610 695 893 752 thoracem
927 696 1163 768 tegimur
1203 714 1270 753 ne
1305 698 1682 753 vulneremur.
1739 696 1885 764 Quid
1923 696 2093 768 igitur

488 801 586 858 per
613 785 829 840 hastam
877 784 985 840 nisi
1032 786 1438 858 praedicationis
1479 785 1750 856 jaculum,
1808 785 1942 858 quid
1999 802 2094 856 per

487 875 772 930 thoracem
801 872 910 927 nisi
931 873 1200 930 fortitudo
1222 875 1496 946 patientia:
1512 875 1874 946 designatur?
1899 876 2088 931 Levia-

489 963 625 1020 than
653 979 780 1034 ergo
819 963 941 1031 iste,
973 965 1099 1036 quia
1121 981 1216 1036 per
1255 973 1602 1037 assumptum
1652 967 1945 1036 reprobum
1991 965 2087 1020 ho-
2137 997 2147 1008 -

489 1052 699 1107 minem
736 1051 793 1107 in
823 1051 904 1106 ira
933 1051 1264 1108 omnimodm
1293 1053 1636 1110 crudelitatis
1651 1055 1976 1122 effrenatur,
2001 1071 2092 1126 ap-

490 1139 759 1212 prehendi
789 1156 820 1194 a
850 1140 1031 1212 gladio
1053 1141 1280 1198 dicitur.
1303 1144 1440 1198 Nam
1471 1160 1567 1215 per
1594 1145 1965 1200 ostensionem
1991 1145 2088 1199 im-

492 1247 692 1286 mensas
721 1237 856 1287 tunc
873 1230 1217 1288 fortitudinis
1245 1232 1471 1288 exhibet
1517 1233 1790 1306 quidquid
1836 1235 2090 1306 nequiter

491 1327 690 1393 potest.
719 1321 792 1377 Et
818 1336 994 1393 neque
1021 1321 1178 1376 hasta
1206 1338 1383 1396 neque
1412 1323 1614 1378 thorax
1646 1323 1945 1380 subsistere
1982 1340 2090 1394 po-

490 1409 642 1477 terit,
672 1410 807 1483 quia
843 1410 902 1466 in
945 1410 1352 1467 Antichristum
1383 1412 1632 1480 veniens,
1663 1420 1830 1468 tanta:
1863 1413 2090 1468 virtutis

490 1497 797 1570 apparebit,
830 1499 958 1555 utsi
987 1516 1286 1572 supernum
1317 1500 1656 1573 adjutorium
1679 1501 1841 1570 desit,
1874 1509 1929 1557 et
1959 1518 2093 1573 prae-

489 1589 798 1648 dicantium
833 1607 1067 1649 acumen
1096 1593 1387 1661 obtundat,
1410 1601 1464 1650 et
1493 1594 1972 1666 longanimitatem
2005 1609 2092 1665 pa-

492 1679 750 1736 tientium
779 1679 1044 1736 destruat.
1062 1682 1180 1738 Nisi
1200 1682 1348 1738 enim
1356 1681 1634 1753 justorum
1664 1684 1838 1739 vitam
1857 1699 2095 1755 superna

492 1769 665 1840 gratia
691 1768 910 1838 solidet,
941 1787 1052 1826 non
1082 1771 1332 1828 subsistit
1356 1772 1552 1858 .hasta,
1593 1773 1724 1846 quia
1761 1773 2096 1844 praedicato-

2201 609 2335 656 tunc
2370 600 2673 657 Leviathan
2699 601 2800 656 iste
2819 599 2888 655 de
2918 600 3088 671 paleis
3110 599 3297 667 faciet,
3331 599 3377 654 si
3408 598 3622 654 ferrum
3655 601 3814 671 quasi

2203 690 2383 762 paleas
2411 688 2750 746 aestimabit?
2779 688 2925 756 Quid
2977 687 3043 743 de
3091 686 3330 760 putridis
3372 687 3540 758 lignis
3586 693 3816 743 acturus

2201 787 2302 847 est,
2322 779 2368 834 si
2399 779 2555 852 quasi
2588 779 2799 849 lignum
2830 779 3113 850 putridum
3134 777 3258 833 uaris
3287 776 3684 832 fortitudinem
3709 777 3813 832 sol-

2202 878 2294 924 vet
2315 869 2342 924 ?
2375 869 2480 924 Sed
2512 885 2546 924 o
2575 885 2738 942 quam
2771 868 2956 936 multi,
2989 867 3085 940 qui
3115 867 3230 922 suis
3259 867 3475 922 viribus
3504 867 3724 922 ferrum
3761 883 3815 922 se

2203 961 2290 1015 vel
2319 977 2390 1014 aes
2429 957 2734 1026 aestimant,
2768 959 2825 1014 in
2869 959 2968 1013 illo
2994 965 3126 1014 tunc
3162 957 3543 1013 tribulationis
3588 957 3720 1028 igne
3760 973 3816 1012 se

2203 1052 2382 1122 paleas
2412 1066 2526 1104 esse
2555 1048 3018 1120 deprehendunt;
3051 1055 3105 1104 et
3134 1064 3296 1120 quam
3347 1047 3533 1114 multi,
3571 1047 3670 1120 qui
3721 1063 3819 1119 per

2203 1139 2585 1195 infirmitatem
2636 1139 2911 1210 propriam
2955 1154 3011 1193 se
3055 1153 3170 1192 esse
3201 1137 3380 1208 paleas
3404 1144 3686 1202 metuunt,
3723 1153 3817 1208 per

2202 1227 2456 1283 divinum
2481 1226 2826 1298 adjutorium
2853 1226 3002 1294 fulti,
3027 1226 3084 1280 in
3102 1226 3234 1280 ferri
3263 1233 3425 1298 atque
3453 1225 3580 1280 ueris
3599 1224 3816 1280 solidi-

2205 1325 2312 1373 tate
2342 1317 2698 1384 roborantur,
2729 1325 2792 1372 ut
2834 1325 3024 1372 contra
3062 1315 3436 1371 adversarium
3469 1332 3635 1370 suum
3657 1322 3815 1370 tanto

2203 1408 2378 1480 magis
2405 1407 2460 1463 in
2492 1409 2605 1464 Deo
2635 1408 2806 1463 fortes
2835 1409 2967 1475 sint,
2996 1417 3202 1482 quanto
3221 1407 3288 1463 de
3312 1424 3369 1463 se
3398 1409 3642 1480 amplius
3661 1408 3817 1464 inﬁr-

2207 1516 2326 1554 mos
2353 1517 2408 1556 se
2441 1517 2559 1556 esse
2586 1501 2983 1558 meminerunt.
3017 1502 3122 1557 Sed
3169 1511 3373 1574 quanto
3417 1503 3586 1558 altius
3627 1501 3817 1559 Bche-

2204 1590 2362 1645 moth
2391 1591 2494 1646 iste
2526 1599 2719 1646 contra
2751 1591 2952 1647 electos
2981 1590 3081 1646 Dei
3113 1607 3208 1662 per
3250 1591 3518 1646 miracula
3554 1591 3816 1663 erigitur,

2202 1687 2357 1736 tanto
2387 1689 2580 1737 contra
2611 1696 2738 1734 eum
2769 1680 2942 1734 sancti
2964 1678 3167 1752 quique
3191 1679 3657 1736 vehementiusad
3682 1697 3818 1753 pra-

2203 1770 2500 1826 dicationis
2547 1784 2603 1824 se
2653 1767 2819 1823 verba
2873 1768 3275 1841 constringunt.
3299 1769 3406 1837 Qui
3430 1776 3613 1825 tamen
3637 1771 3720 1826 ita
3739 1787 3817 1826 re-

493 1872 617 1911 rum
661 1857 839 1913 virtus
886 1857 1188 1930 frangitur;
1240 1857 1364 1916 non
1395 1860 1650 1917 subsistit
1691 1862 1912 1931 thorax,
1963 1863 2092 1936 quia
2128 1874 2175 1935 Β
2213 1860 2510 1932 proborum
2542 1865 2753 1914 mentes
2783 1857 3048 1930 possidet,
3080 1867 3142 1914 ut
3167 1875 3258 1914 eas
3285 1859 3436 1914 nulla
3471 1861 3488 1894 ¹
3521 1859 3816 1916 confossus

492 1945 866 2002 constantiam
895 1946 1161 2021 patientia
1187 1947 1410 2026 dirupta
1447 1957 1784 2025 penetratur.
1842 1951 1996 2011 Unde
2041 1959 2096 2011 et

492 2031 753 2095 subditur
775 2051 790 2095 ς

1107 2145 1334 2204 CAPUT
1372 2148 1470 2204 IX.

564 2265 738 2322 Vnus.
763 2263 849 2321 18.
880 2295 952 2307 —
973 2265 1254 2338 Reputabit
1293 2266 1430 2322 enim
1469 2272 1530 2322 ut
1561 2269 1748 2341 paleas
1789 2268 2018 2343 ferrum,
2050 2279 2098 2328 et

494 2353 650 2425 quasi
680 2353 879 2426 lignum
904 2355 1186 2425 putridum
1214 2373 1304 2412 ws.

569 2464 654 2522 19.
678 2463 934 2520 Swviente
954 2464 1281 2520 Antichristo
1291 2467 1711 2539 praedicatorum
1729 2468 1903 2524 virtus
1921 2476 1966 2526 et
1981 2469 2095 2541 for-

497 2554 694 2611 tiorum
715 2553 1011 2611 constantia
1018 2555 1720 2626 periclitabuntur.—-Quod
1731 2558 1984 2630 superius
2001 2559 2094 2615 ha-

494 2648 634 2718 stam
648 2641 930 2710 dixit,hoc
948 2643 1181 2700 inferius
1194 2643 1325 2700 ferri
1337 2645 1706 2716 appellatione
1719 2662 1774 2702 re
1780 2647 2024 2720 plicavit;
2042 2656 2096 2704 et

496 2727 645 2804 quod
662 2729 945 2789 thoracem
965 2731 1222 2804 protulit,
1238 2731 1348 2789 hoc
1367 2749 1584 2789 rursum
1607 2735 1731 2791 aeris
1747 2751 2098 2792 commemo-

497 2819 710 2878 ratione
739 2820 998 2892 signavit.
1023 2821 1252 2878 Ferrum
1280 2839 1515 2896 namque
1530 2822 1748 2880 acuitur
1768 2825 2094 2883 utadversa-

495 2909 612 2965 rius
644 2909 990 2978 vulneretur,
1021 2927 1096 2967 aes
1120 2921 1299 2969 autem
1330 2911 1582 2984 rubigine
1603 2927 1740 2984 pene
1771 2913 1923 2970 nulla
1953 2931 2096 2970 con—

493 2997 754 3054 sumitur.
785 2999 950 3055 Ferro
979 3015 1106 3071 ergo
1127 2999 1534 3072 praedicationis
1556 3000 1761 3072 jacula,
1779 3019 1884 3060 aere
1911 3011 2092 3060 autem

493 3085 929 3158 longanimitatis
978 3089 1288 3144 constantia
1323 3089 1660 3162 designatur.
1697 3090 1851 3147 Unde
1888 3099 1942 3148 et
1990 3092 2093 3148 sub

491 3174 630 3231 Aser
657 3175 838 3248 specie
867 3175 935 3232 de
965 3185 1154 3234 sancta
1181 3178 1427 3234 Ecclesia
1455 3195 1552 3250 per
1586 3179 1814 3252 Moysen
1838 3179 2047 3238 dicitur
2074 3198 2086 3237 :

492 3265 719 3320 Ferrum
746 3272 794 3320 et
819 3283 888 3321 (es
929 3268 1333 3322 calceamentum
1359 3267 1471 3337 ejus
1508 3269 1687 3340 (Deut.
1727 3287 1935 3339 χχχιιι,
1973 3273 2088 3344 25).

493 3352 941 3411 Calceamentum
972 3355 1175 3427 quippe
1202 3356 1259 3410 in
1287 3355 1569 3430 Scriptura
1615 3375 1767 3416 sacra
1810 3360 2096 3417 munimen

494 3448 906 3520 praedicationis
939 3448 1131 3505 1124
1159 3455 1446 3528 accipitur,
1489 3457 1633 3514 sicut
1661 3459 1928 3532 scriptum
1975 3467 2093 3518 est:

499 3537 732 3594 Calceati
753 3539 910 3609 pedes
925 3539 980 3594 in
994 3545 1392 3614 prwpai'alione
1410 3547 1688 3618 Evangelii
1702 3548 1852 3618 pacis
1877 3549 2094 3620 (Ephes.

494 3641 573 3694 vt,
607 3626 725 3697 15).
764 3627 906 3695 Quia
951 3645 1078 3703 ergo
1125 3647 1220 3704 per
1273 3633 1480 3691 ferrum
1525 3635 1725 3704 virtus,
1767 3652 1862 3708 per
1891 3655 1963 3694 aes
1988 3655 2099 3696 au-

494 3725 601 3774 tem
634 3723 1051 3792 perseverantia
1075 3725 1430 3798 exprimitur,
1462 3727 1666 3786 ferrum
1697 3739 1751 3786 et
1779 3748 1852 3788 aes
1880 3733 2100 3791 calcea-

493 3813 742 3863 mentum
773 3806 896 3879 ejus
926 3809 1154 3880 dicitur,
1185 3831 1311 3870 cum
1343 3815 1658 3888 praedicatio
1687 3817 1806 3890 ejus
1843 3823 2096 3879 acumine

492 3895 658 3952 simul
693 3904 748 3954 et
779 3901 1096 3958 constantia
1125 3903 1394 3961 munitur.
1427 3905 1529 3962 Per
1551 3907 1757 3965 ferrum
1783 3909 1930 3966 enim
1953 3913 2096 3968 mala

491 3985 847 4046 adversantia
880 3999 1147 4064 penetrat,
1179 4011 1276 4068 per
1305 4015 1376 4054 aes
1403 4007 1585 4054 autem
1625 3999 1771 4056 bona
1804 4017 1925 4074 quae
1957 4019 2096 4074 pro—

491 4077 682 4148 posuit
711 4078 1111 4152 longanimiter
1140 4095 1342 4143 servat.
1375 4087 1544 4160 Cujus
1573 4089 1818 4162 profecto
1847 4105 2094 4164 perseve-

491 4165 724 4222 rantiam
776 4167 894 4225 illic
941 4173 1182 4244 apertius
1227 4175 1494 4244 insinuat,
1523 4177 1713 4234 dicens
1747 4197 1758 4234 :
1787 4179 1934 4234 Sicut
1987 4179 2095 4236 dies

481 4253 777 4324 juventutis
794 4259 932 4328 ejus,
957 4262 1034 4318 ita
1061 4265 1165 4320 erit
1189 4271 1237 4320 et
1263 4273 1491 4323 senectus
1510 4268 1660 4324 illius
1678 4271 1852 4335 (Deut.
1883 4287 2092 4341 χχχιιι,

491 4343 610 4417 25).
645 4343 789 4417 [Rea
829 4348 957 4424 IX.]
1003 4351 1107 4409 Sed
1155 4353 1460 4411 Leviathan
1513 4357 1614 4412 iste
1660 4358 1878 4430 quando
1933 4359 2092 4417 illum

487 4433 732 4506 gladium
783 4451 946 4508 quem
979 4454 1134 4496 sacra
1176 4441 1394 4514 eloquia
1437 4444 1841 4503 Antichristum
1892 4457 2094 4506 vocant

485 4522 546 4579 in
593 4524 1049 4586 exercitationem
1100 4547 1211 4586 sure
1254 4531 1566 4605 iniquitatis
1611 4539 1983 4610 assumpserit,
2034 4547 2090 4595 et

483 4611 693 4669 ferrum
728 4615 886 4672 velut
913 4617 1115 4689 paleas,
1145 4627 1200 4676 et
1241 4638 1314 4678 aes
1351 4593 1513 4681 velut
1555 4625 1767 4698 lignum
1796 4593 2085 4699 putridum
2121 4593 2170 4652 D

483 4700 781 4773 reputabit,
814 4705 947 4778 quia
977 4706 1083 4763 nisi
1104 4707 1297 4766 divina
1322 4711 1494 4782 gratia
1521 4721 1788 4786 protegat,
1802 4723 1856 4772 et
1877 4717 2083 4789 praedi-

480 4789 726 4849 cantium
747 4793 898 4850 vires
919 4796 1078 4854 velut
1101 4799 1278 4870 paleas
1307 4801 1566 4874 nequitiae
1601 4819 1711 4860 suae
1740 4804 1865 4876 igne
1887 4822 2083 4863 consu-

481 4887 614 4948 met,
637 4887 690 4936 et
701 4882 1029 4954 patientium
1061 4889 1423 4946 constantiam
1453 4890 1608 4964 quasi
1641 4890 1851 4963 lignum
1891 4897 2081 4966 putri-

478 4968 612 5026 dum
637 4969 695 5025 in
729 4971 1013 5043 pulverem
1046 4975 1272 5048 rediget.
1303 4978 1375 5033 Et
1403 4995 1634 5036 acumen
1656 4980 1826 5052 igitur
1845 4982 2002 5050 ferri,
2028 4993 2085 5043 et

478 5059 602 5115 aeris
628 5059 897 5119 fortitudo
926 5061 1134 5132 deﬁcit,
1167 5065 1301 5122 dum
1344 5082 1440 5138 per
1479 5068 1802 5126 violentiam
1852 5071 2082 5130 virtutis

479 5146 630 5204 illius
649 5155 702 5204 et
723 5150 1130 5222 praedicationis
1151 5169 1342 5212 sensus
1363 5157 1776 5227 obtunditur,et
1795 5161 2075 5232 patientiae

479 5235 867 5307 longanimitas
903 5241 1229 5314 dissipatur.

549 5326 639 5382 20.
672 5329 746 5384 Et
771 5330 878 5386 nisi
900 5331 1045 5387 Deus
1072 5351 1220 5405 opem
1244 5334 1407 5404 ferat,
1427 5335 1683 5408 deﬁcient.
1713 5371 1782 5382 —
1800 5340 1919 5396 Nisi
1948 5355 2080 5414 ergo

478 5415 678 5473 electos
704 5435 833 5476 suos
861 5423 1154 5492 opitulatio
1185 5423 1378 5481 divina
1406 5427 1644 5497 roboret,
1676 5429 1777 5485 ubi
1823 5440 1957 5488 tunc
1997 5433 2080 5488 in-

553 5560 573 5640 ξ
603 5560 800 5640 Laud”
822 5563 1108 5640 confessas.
1139 5568 1375 5640 Gemet.,
1405 5571 1676 5640 confusas.

552 5630 574 5665 ²
602 5632 664 5686 In
693 5633 891 5718 Editis,
919 5630 1222 5718 quidanm
1246 5630 1624 5718 per'sagi'ttas.
1675 5647 2076 5718 Expunximus

477 5703 770 5786 p853l‘19d
800 5703 950 5762 abest
977 5723 1009 5761 a
1035 5708 1162 5764 Mss.
1181 5703 1308 5786 etin
1328 5703 1488 5786 Astyl'o
1509 5703 2067 5786 Gregoriii‘edundat.‘

549 5776 570 5809 ³
807 5792 945 5857 pene
991 5795 1201 5857 omnes,
1230 5773 1536 5857 adducitur.
1583 5773 1644 5842 lii
1703 5773 2072 5849 Paris.w1lii)ii

478 5844 596 5918 lego
636 5844 938 5917 addicitur;
989 5844 1218 5908 fortasse
1261 5869 1331 5911 ex
1391 5855 1640 5924 adicitur,
1675 5860 1824 5934 quod
1865 5844 2073 5921 habent

2205 1948 2456 2009 veritatis
2477 1947 2818 2021 jaculatione
2845 1948 3138 2020 relinquat.
3174 1948 3328 2006 Unde
3359 1958 3412 2006 et
3431 1949 3699 2008 subditur
3731 1967 3744 2006 :

2826 2036 3054 2094 CAPUT
3095 2037 3167 2095 X.

2278 2130 2449 2188 Vnus.
2475 2129 2564 2186 19.
2593 2161 2664 2171 —
2691 2131 2812 2186 Non
2841 2129 3049 2202 fugabit
3075 2149 3190 2187 eum
3217 2132 3304 2187 vir
3331 2131 3670 2202 sagittarius.

2276 2219 2365 2276 21.
2396 2220 2443 2275 Α
2476 2219 2822 2291 reproborum
2848 2221 3096 2276 cordibus
3127 2238 3229 2276 non
3243 2220 3396 2292 fugat
3415 2221 3678 2277 Satanam
3695 2237 3818 2276 san-

2205 2317 2289 2366 cta
2308 2309 2740 2382 pmedicatio.--‘l
2757 2309 2901 2377 Quid
2924 2310 3072 2366 enim
3091 2311 3335 2383 sagittas,
3359 2311 3467 2366 nisi
3486 2310 3658 2366 verba
3679 2326 3817 2382 pra-

2205 2399 2511 2456 dicatorum
2528 2398 2876 2470 accipimus?
2893 2400 3024 2467 Quae
3045 2399 3178 2456 dum
3197 2417 3331 2456 voce
3342 2400 3481 2456 bene
3493 2401 3818 2456 viventium

2205 2488 2645 2560 distinguuntur,
2664 2487 3012 2543 audientium
3046 2489 3213 2545 corda
3239 2490 3593 2562 transﬁgunt.
3619 2490 3726 2545 His
3741 2506 3819 2546 sa-

2207 2577 2360 2650 gittis
2389 2586 2576 2634 sancta
2605 2577 2855 2633 Ecclesia
2883 2594 3142 2650 percussa
3169 2579 3365 2648 fuerat,
3390 2596 3512 2652 quas
3541 2579 3773 2636 dicebat
3803 2597 3815 2635 :

2215 2669 2500 2726 Vulnerata
2524 2667 2781 2722 charitate
2821 2685 2908 2738 ego
2947 2685 3063 2723 sum
3107 2669 3341 2741 (Cantic.
3374 2687 3438 2738 ιι,
3467 2670 3554 2741 5).
3598 2673 3681 2727 De
3734 2670 3821 2728 his

2205 2755 2878 2828 sagittisPsalmistaivoce
2911 2767 3192 2814 narratur:
3213 2760 3426 2830 Sagitta
3452 2761 3821 2831 parvulorum

2205 2843 2362 2914 facta
2389 2851 2511 2899 sunt
2534 2847 2710 2917 plagis
2735 2863 2919 2901 eorum
2958 2848 3132 2918 (Psal.
3155 2865 3314 2916 Lxur,
3337 2849 3420 2920 8),
3442 2849 3575 2922 quia
3600 2849 3822 2906 scilicet

2205 2933 2372 2990 verba
2403 2933 2700 2990 humilium
2733 2943 3160 3008 penetraverunt
3178 2938 3393 2994 animos
3419 2938 3818 3010 superborum.

2204 3025 2282 3080 De
2327 3022 2414 3078 his
2461 3024 2674 3096 sagittis
2704 3025 2950 3082 venienti
2981 3027 3376 3100 propugnatori
3407 3027 3620 3084 dicitur
3654 3046 3666 3083 :
3711 3029 3821 3085 Sa-

2202 3112 2344 3182 gitta:
2374 3119 2474 3166 tua:
2502 3119 2688 3179 acutce,
2712 3116 3086 3186 potentissime,
3119 3118 3307 3189 populi
3335 3117 3430 3171 sub
3460 3123 3506 3172 te
3532 3118 3732 3173 cadent
3769 3117 3821 3171 in

2203 3201 2360 3256 corde
2396 3201 2570 3273 (Psal.
2602 3219 2755 3271 κων,
2788 3204 2867 3276 6).
2901 3205 3002 3262 Vir
3033 3205 3216 3280 itaque
3247 3213 3329 3261 est
3358 3206 3682 3279 sagittarius
3718 3224 3821 3280 que

2208 3308 2308 3365 per
2335 3301 2535 3348 sanctae
2564 3292 2892 3350 intentionis
2925 3313 3113 3352 arcum
3160 3296 3505 3354 audientium
3547 3299 3822 3356 cordibus

2207 3381 2376 3437 verba
2402 3389 2563 3438 rectae
2593 3381 2998 3441 exhortationis
3044 3385 3243 3458 inﬁgit.
3276 3387 3418 3455 Quia
3445 3405 3576 3461 ergo
3608 3390 3822 3445 Levia-

2207 3471 2342 3527 than
2375 3471 2477 3528 iste
2515 3472 2683 3528 verba
2709 3473 3128 3544 praedicantium
3158 3477 3414 3549 despicit,
3444 3486 3519 3546 et,
3553 3496 3690 3535 cum
3729 3496 3821 3537 re-

2207 3561 2503 3633 proborum
2528 3569 2738 3617 mentes
2761 3563 2899 3619 male
2929 3564 3209 3621 suadendo
3230 3567 3618 3636 momorderit,
3642 3568 3822 3626 durus

2209 3649 2354 3704 inter
2375 3648 2559 3721 jacula
2589 3651 2913 3708 omnimodo
2941 3669 3031 3708 eas
3061 3670 3170 3710 non
3217 3655 3504 3729 relinquit,
3538 3668 3696 3715 recte
3728 3659 3822 3715 di-

2206 3739 2353 3796 citur
2385 3756 2396 3794 :
2429 3739 2550 3797 Non
2577 3738 2782 3810 fugabit
2811 3757 2928 3796 eum
2957 3742 3044 3796 vir
3074 3743 3404 3814 sagittarius.
3442 3746 3525 3802 Ac
3555 3747 3606 3802 si
3633 3757 3820 3820 aperte

2207 3825 2424 3883 dicatur
2451 3845 2462 3883 :
2492 3829 2541 3883 A
2569 3827 2930 3900 reproborum
2963 3830 3223 3888 cordibus
3250 3847 3375 3888 eum
3399 3834 3580 3890 sancti
3606 3837 3821 3906 praedi-

2205 3915 2407 3971 catoris
2453 3915 2651 3988 sagitta
2702 3933 2813 3972 non
2870 3920 3103 3988 excutit,
3141 3921 3270 3992 quia
3316 3921 3572 3996 quisquis
3610 3925 3685 3982 ab
3722 3925 3820 3981 illo

2205 4003 2654 4076 apprehenditur,
2689 4004 2854 4061 verba
2877 4004 2992 4078 jam
3023 4009 3443 4082 praedicantium
3467 4012 3674 4070 audire
3692 4032 3820 4071 con-

2204 4093 2422 4150 temnit.
2449 4093 2603 4150 Unde
2641 4094 2779 4150 bene
2809 4098 3046 4167 peccatis
3076 4100 3514 4171 praecedentibus
3544 4103 3818 4172 irascens,

2205 4181 2270 4239 de
2300 4182 2388 4238 his
2415 4200 2552 4257 quos
2577 4183 2634 4239 in
2666 4200 2832 4240 manu
2859 4187 3074 4259 antiqui
3119 4187 3294 4244 hostis
3333 4189 3563 4259 deserit,
3611 4194 3822 4249 Domi-

2203 4288 2307 4328 nus
2335 4289 2431 4346 per
2451 4273 2774 4346 prophetam
2809 4274 2947 4332 dicit
2981 4295 2991 4332 :
3026 4278 3313 4334 Immittam
3359 4281 3506 4336 vobis
3547 4291 3820 4354 serpentes

2201 4377 2433 4446 regulos,
2493 4372 2690 4432 1125
2719 4379 2908 4450 quibus
2963 4397 3069 4435 non
3122 4387 3197 4436 est
3238 4381 3529 4438 incantatio
3586 4385 3816 4456 (Jerem.

2202 4483 2324 4534 VIII,
2360 4468 2474 4539 17).
2506 4469 2589 4524 Ac
2619 4468 2664 4524 si
2709 4469 2914 4527 diceret
2946 4489 2958 4526 :
2992 4471 3148 4528 Iusto
3186 4470 3403 4544 judicio
3444 4474 3668 4533 talibus
3727 4494 3822 4532 vos

2204 4555 2508 4612 immundis
2533 4557 2821 4629 spiritibus
2851 4560 3082 4630 tradam,
3113 4560 3207 4634 qui
3237 4578 3269 4618 a
3298 4563 3458 4618 vobis
3490 4568 3696 4623 excuti
3729 4584 3820 4623 ex-

2201 4643 2514 4702 hortatione
2539 4647 2956 4718 praedicantium
2977 4650 3132 4723 quasi
3163 4651 3574 4708 incantantium
3605 4672 3820 4711 sermo.

2197 4749 2264 4788 ne
2295 4749 2407 4789 non
2437 4737 2676 4792 valeant.
2711 4738 2852 4806 Quia
2882 4755 3014 4796 vero
3040 4739 3344 4796 Leviathan
3367 4741 3519 4798 istea
3538 4745 3822 4802 cordibus

2195 4824 2555 4894 reproborum
2585 4834 2787 4884 sanctae
2832 4827 3238 4900 praedicationis
3267 4831 3497 4904 spiculis
3529 4850 3650 4891 non
3688 4854 3819 4892 mo-

2193 4921 2375 5000 vetur,
2403 4913 2519 4986 ipse
2549 4915 3068 5000 etiarn-sanctorum
3114 4919 3364 4976 virorum
3395 4923 3416 4956 ³
3445 4930 3822 5000 contemptus

2191 4983 2470 5057 adjicitur,
2501 5003 2628 5043 cum
2659 4987 2811 5044 illico
2840 4989 3186 5046 subinfertur
3222 5009 3234 5046 :

2655 5076 2883 5134 CAPUT
2911 5079 2991 5134 x1
3041 5078 3179 5152 [νει.
3220 5080 3338 5154 VI].

2265 5163 2408 5219 IBID.
2439 5193 2512 5204 —
2535 5165 2603 5220 In
2629 5166 2882 5236 stipulam
2899 5169 3038 5222 versi
3065 5176 3189 5224 sunt
3215 5170 3262 5224 ei
3291 5171 3496 5242 lapides
3524 5172 3749 5243 fundet.

2263 5251 2353 5308 22.
2389 5251 2590 5308 Contra
2617 5271 2731 5308 eum
2758 5261 2806 5308 et
2854 5256 3237 5314 Antichristum
3278 5268 3588 5318 sanctorum
3651 5267 3820 5322 robur

2189 5340 2403 5395 videtur
2431 5343 2650 5413 stipula.
2671 5345 2820 5401 Nihil
2839 5353 3008 5402 tamen
3026 5355 3210 5404 contra
3229 5367 3412 5405 eorum
3431 5353 3688 5410 animam
3707 5375 3818 5428 po-

2193 5435 2311 5484 test.
2342 5459 2413 5471 —
2441 5430 2586 5499 Quid
2615 5448 2712 5504 per
2737 5432 2986 5505 fundam,
3011 5437 3121 5493 nisi
3149 5445 3337 5496 sancta
3362 5441 3626 5500 Ecclesia
3659 5445 3815 5518 ﬁgu-

2186 5591 2408 5646 semper
2437 5577 2565 5632 Mss.
2600 5595 2698 5649 pro
2717 5577 3007 5658 adjicitur;
3035 5582 3178 5640 sicut
3205 5583 3397 5638 eicitur
3429 5603 3535 5657 pro
3557 5587 3813 5658 jeicitur,

2185 5664 2480 5726 sequentes
2501 5673 2633 5713 vero
2658 5657 2914 5714 Editores
2941 5676 3065 5717 cum
3106 5662 3471 5722 observarent
3494 5657 3571 5720 τοί
3587 5657 3817 5726 addici-4

2187 5730 2460 5811 tur‘sensu
2491 5731 3039 5811 cla-rerehconflarunt
3071 5735 3382 5811 adducitur,
3412 5739 3509 5811 sed
3549 5741 3675 5811 lege
3707 5747 3816 5798 ml—

2175 5795 2386 5874 άίοιιιςζ,
2419 5815 2487 5854 ex
2514 5801 2640 5856 Mss.
2676 5800 2938 5872 Vindoc.,
2969 5803 3137 5860 duob.
3169 5795 3384 5874 Germ,
3407 5795 3636 5868 Gemetc:
3660 5795 3813 5872 aliis-

2183 5884 2288 5942 que
2315 5870 2529 5940 Norm.,
2555 5879 2662 5930 etc.
