3936 6376
142 419 237 478 729

887 418 1263 478 MORALIUM
1302 419 1438 478 LIB.
1479 418 1742 515 XXXIV.
1782 448 1854 463 —
1891 421 1965 479 IN
2002 420 2234 480 CAPUT
2271 421 2397 480 XLI
2433 423 2497 481 B’.
2535 424 2681 483 JOB.

3336 425 3442 487 730

140 553 282 603 ratur
315 544 343 601 ?
364 542 556 599 Funda
580 558 817 616 namque
848 542 983 599 dum
1014 546 1073 599 in
1104 560 1303 616 gyrum
1334 544 1625 615 mittitur,‘
1646 546 1725 602 sic
1753 546 1803 607 A
1830 563 1948 602 cum
1978 549 2350 620 ludiﬁcaretur,
2400 549 2462 604 de
2506 549 2774 622 lapidibus
2803 554 2993 615 1126
3044 553 3237 610 dolatis
3274 562 3442 626 atque

141 637 202 693 de
225 635 317 690 illa
335 631 542 705 lapides
567 642 772 689 exeunt
801 632 1003 706 quibus
1032 634 1475 690 adversariorum
1506 643 1726 707 pectora

140 724 428 789 feriantur;
465 723 541 778 ita
568 732 756 779 sancta
788 722 1035 780 Ecclesia
1062 723 1196 780 dum
1219 725 1570 781 volubilitate
1592 735 1725 781 tem-

141 829 323 887 porum
352 828 447 884 per
475 812 899 868 tribulationum
925 813 1219 869 circuitum
1267 815 1508 883 ducitur,
1558 816 1725 872 fortes

139 919 202 958 ex
228 902 323 957 illa
359 901 470 956 viri
509 901 781 973 prodeunt
804 902 1006 974 quibus
1048 903 1203 975 quasi
1243 904 1476 975 lapideis
1522 904 1724 961 ictibus

140 993 442 1065 iniquorum
472 990 638 1047 corda
667 991 988 1048 tundantur.
1020 993 1172 1049 Unde
1200 992 1270 1048 ad
1304 994 1627 1066 prophetam
1657 996 1723 1051 de

138 1082 287 1139 bonis
312 1081 633 1138 doctoribus
654 1082 922 1138 Dominus
951 1082 1088 1139 dicit
1113 1101 1124 1138 :
1149 1084 1519 1150 Devorabunt,
1542 1092 1587 1139 et
1608 1086 1723 1139 sub-

129 1175 302 1245 jicient
330 1175 594 1245 lapidibus
622 1174 805 1244 funda:
828 1177 1021 1245 (Zach.
1053 1193 1132 1244 ιχ,
1170 1178 1281 1248 l5).
1312 1177 1495 1233 Sancti
1524 1178 1725 1250 quippe

137 1264 372 1319 doctores
395 1264 492 1337 qui
521 1263 590 1319 ad
620 1263 879 1319 virtutem
913 1274 966 1321 et
1009 1265 1147 1322 alios
1192 1266 1501 1336 instruunt,
1536 1268 1725 1323 hostes

137 1352 407 1421 devorant,
439 1353 574 1408 dum
604 1369 695 1408 eos
717 1353 863 1409 intra
891 1371 1090 1427 corpus
1110 1372 1270 1411 suum
1294 1371 1392 1427 per
1421 1355 1534 1411 vim
1555 1358 1576 1392 ²
1595 1373 1724 1413 con-

138 1442 392 1499 versionis
432 1442 753 1499 immutant.
801 1445 948 1512 Quos
994 1446 1271 1517 lapidibus
1318 1446 1505 1503 fundae
1536 1448 1726 1521 subji-

135 1532 298 1600 ciunt,
325 1531 453 1604 quia
482 1531 616 1587 dum
646 1533 816 1588 fortes
857 1550 1102 1608 quosque
1137 1536 1196 1591 in
1248 1544 1435 1593 sancta
1477 1538 1727 1593 Ecclesia

136 1622 273 1678 viros
301 1621 625 1691 instituunt,
658 1639 753 1695 per
781 1639 873 1679 eos
901 1624 1342 1681 adversariorum
1391 1626 1725 1699 superbien-

134 1714 261 1769 tium
288 1722 509 1786 pectora
538 1714 675 1769 dura
705 1714 1082 1786 confringant.
1118 1716 1276 1772 Unde
1306 1725 1360 1772 et
1390 1718 1577 1773 Golias
1608 1718 1726 1773 im—

133 1806 471 1862 manissimus
501 1821 634 1860 saxo
664 1804 847 1860 fundae
896 1806 1137 1861 moritur
1179 1807 1244 1877 (Ι
1268 1810 1391 1877 Reg.
1427 1825 1571 1873 xvu,
1601 1808 1722 1880 49),

1828 645 2076 717 perfectis
2104 646 2364 717 cediﬁcata
2401 651 2496 710 εει,
2537 651 2585 700 et
2612 647 2836 702 malleus
2859 654 2905 703 et
2937 651 3154 719 securis,
3193 659 3241 707 et
3275 670 3433 709 omne

1832 736 2214 807 ferramentum
2230 753 2336 790 non
2355 743 2479 791 sunt
2506 737 2693 792 audita
2717 738 2771 791 in
2798 738 2969 807 domo,
3002 757 3118 794 cum
3144 743 3430 813 aediﬁcare-

1835 832 1927 881 tur
1963 828 2082 898 (ΙΙΙ
2106 829 2227 897 Reg.
2262 844 2342 893 vr,
2373 828 2453 897 7).
2487 826 2632 894 Quid
2664 828 2811 884 enim
2842 827 3039 884 domus
3068 830 3163 886 illa
3180 830 3287 887 nisi
3308 849 3433 889 san-

1833 926 1977 973 ctam
2008 917 2330 984 Ecclesiam,
2361 933 2525 990 quam
2548 918 2606 971 in
2633 918 2945 974 coelestibus
2964 921 3235 976 Dominus
3266 921 3440 975 inha-

1832 1007 1996 1073 bitat,
2029 1006 2299 1079 ﬁgurabat
2320 1007 2347 1062 ‘l
2374 1008 2457 1063 Ad
2489 1006 2647 1077 cujus
2676 1008 3099 1065 aediﬁcationem
3131 1011 3431 1067 electorum

1824 1097 2054 1165 animae,
2091 1097 2249 1170 quasi
2291 1098 2515 1169 quidam
2560 1100 2792 1170 expoliti
2835 1099 3044 1171 lapides
3084 1099 3432 1157 deferuntur.

1834 1186 1965 1254 Quae
1992 1203 2115 1242 cum
2139 1186 2443 1242 aediﬁcatur
2480 1188 2536 1243 in
2567 1190 2741 1255 cmlis,
2787 1192 2976 1247 nullus
3021 1191 3139 1247 illic
3167 1190 3283 1265 jam
3314 1192 3439 1247 dis-

1833 1274 2053 1346 ciplina:
2085 1277 2314 1331 malleus
2345 1285 2582 1346 resonat,
2615 1278 2745 1349 quia
2780 1279 2952 1335 dolati
2998 1288 3161 1354 atque
3202 1281 3435 1354 perfecti

1835 1362 1968 1419 illuc
1998 1363 2206 1435 lapides
2236 1364 2515 1433 ducimur,
2547 1375 2609 1422 ut
2642 1367 2778 1424 locis
2800 1367 2964 1440 juxta
2999 1369 3259 1424 meritum
3290 1386 3439 1426 con-

1835 1454 1985 1527 gruis
2003 1457 2024 1490 ⁴
2046 1455 2423 1527 disponamur.
2451 1455 2551 1511 Hic
2570 1456 2719 1511 enim
2740 1456 2875 1512 foris
2891 1456 3202 1525 tundimur,
3221 1465 3283 1514 ut
3299 1458 3437 1515 illuc

1833 1544 1951 1600 sine
1980 1544 2405 1616 reprehensione
2434 1545 2739 1601 veniamus.
2764 1546 2867 1603 Hic
2884 1547 3133 1615 malleus,
3157 1546 3249 1603 hic
3270 1563 3438 1604 secu-

1834 1634 1934 1702 ris,
1974 1633 2067 1689 hic
2110 1634 2297 1690 omnia
2323 1636 2649 1691 tunsionum
2679 1645 2938 1692 resonant
2967 1634 3320 1692 ferramenta.
3370 1639 3434 1693 In

1833 1721 1999 1778 domo
2020 1731 2201 1778 autem
2225 1725 2321 1779 Dei
2342 1723 2483 1778 nulli
2503 1723 2648 1778 ictus
2661 1724 2984 1792 audiuntur,
2999 1726 3129 1797 quia
3158 1725 3214 1779 in
3232 1732 3439 1780 aeterna

1836 1811 2017 1882 patria
2064 1829 2255 1868 omnes
2296 1812 2409 1884 jam
2444 1812 2862 1883 percussionum
2892 1814 3151 1885 strepitus
3180 1813 3435 1869 contice-

133 1896 250 1968 quia
266 1895 532 1968 singulari
560 1904 760 1953 sancta;
787 1897 1045 1953 Ecclesiae
1078 1898 1259 1969 lapide
1299 1898 1573 1955 diabolica
1604 1901 1725 1956 cel—
1764 1915 1811 1976 Β
1840 1908 2020 1956 scunt.
2044 1902 2398 1975 Nequaquam
2440 1901 2516 1957 ibi
2545 1901 2774 1956 malleus
2800 1902 3060 1974 percutit,
3110 1903 3240 1975 quia
3282 1903 3437 1958 nulla

133 1986 304 2043 situdo
331 1995 641 2059 superatur.
686 1988 990 2044 Leviathan
1038 1990 1223 2062 itaque
1258 1990 1359 2046 iste
1390 1991 1540 2062 quia,
1571 1991 1729 2045 dam-

133 2083 250 2132 nato
292 2076 388 2132 illo
427 2076 655 2133 homine
683 2086 985 2150 assumpto,
1020 2078 1296 2152 quoslibet
1322 2079 1493 2137 fortes
1521 2080 1733 2137 Eccle-

132 2166 217 2221 siae
244 2167 397 2222 velut
429 2166 677 2223 inﬁrmos
706 2166 962 2240 despicit,
993 2183 1296 2240 eorumque
1324 2170 1474 2225 vires
1504 2177 1733 2242 tempo-

132 2254 309 2310 raliter
333 2254 557 2327 premit,
589 2264 736 2313 recte
766 2272 916 2313 nunc
933 2256 1141 2314 dicitur
1168 2275 1179 2313 :
1216 2261 1282 2315 In
1309 2258 1564 2329 stipulam
1593 2258 1734 2313 versi

132 2351 243 2399 sunt
268 2345 316 2400 ei
346 2346 548 2417 lapides
576 2345 780 2417 fundae.
814 2348 895 2404 Ac
925 2349 968 2403 si
1001 2356 1186 2420 aperte
1226 2349 1504 2406 diceretur
1538 2368 1549 2405 :
1598 2350 1731 2405 San-

130 2442 332 2491 ctorum
354 2435 529 2492 robur
548 2438 705 2509 quasi
726 2437 785 2493 in
812 2438 1032 2509 stipulae
1050 2439 1344 2495 mollitiem
1366 2440 1584 2512 redigit,
1600 2457 1729 2513 quo-

130 2540 243 2580 rum
273 2525 463 2598 lingua
494 2526 649 2598 prius
675 2534 869 2598 pectus
899 2528 1052 2583 illius
1082 2527 1237 2584 duris
1267 2529 1471 2585 ictibus
1501 2530 1729 2587 tutudit.

129 2614 351 2671 Omnem
412 2615 615 2687 quippe
666 2622 801 2672 tunc
848 2616 1235 2672 fortitudinem
1279 2635 1392 2674 sua:
1424 2619 1733 2691 iniquitatis

77 2739 86 2753 .
127 2720 401 2774 exercens,
457 2713 664 2778 quanto
711 2722 767 2761 se
817 2706 886 2762 ab
916 2706 996 2762 eis
1024 2708 1177 2763 vinci
1209 2708 1535 2779 spiritaliter
1561 2709 1731 2777 dolet,

126 2802 270 2851 tanto
300 2795 546 2851 atrocius
574 2802 769 2851 contra
807 2811 901 2851 eos
935 2796 1297 2867 corporaliter
1336 2799 1619 2869 praevalet.
1662 2799 1735 2853 Et

126 2886 245 2958 quia
276 2886 356 2941 nil
385 2901 443 2940 se
472 2893 666 2941 contra
694 2901 889 2941 eorum
922 2887 1181 2958 spiritum
1211 2887 1511 2959 praevalere
1540 2888 1733 2944 consi-

125 2975 291 3045 derat,
321 2976 379 3030 in
403 2991 593 3030 eorum
622 2991 783 3032 carne
812 2976 1157 3032 crudelitatis
1201 2993 1314 3032 suae
1344 2976 1533 3033 omnia
1561 2994 1736 3049 argu-

126 3072 303 3120 menta
329 3072 702 3121 consummat.
748 3063 886 3139 [Vet.
948 3063 1098 3138 νη]
1146 3065 1250 3121 Sed
1282 3066 1418 3138 quid
1448 3067 1654 3121 mirum
1685 3066 1733 3121 si

128 3153 395 3211 humanas
442 3154 590 3211 vires
637 3152 890 3225 despicit,
923 3153 1018 3226 qui
1054 3154 1171 3225 ipsa
1201 3155 1363 3210 etiam
1403 3156 1626 3227 superni
1673 3156 1733 3211 in

127 3261 179 3301 se
204 3245 405 3319 judicii
431 3253 635 3301 aaterna
658 3253 932 3302 tormenta
960 3246 1309 3302 contemnit?
1329 3246 1483 3303 Unde
1511 3253 1563 3302 et

128 3333 270 3392 ditur
303 3352 314 3393 :

744 3450 974 3509 CAPUT
1004 3451 1129 3507 XII.

192 3544 365 3602 Vnus.
390 3542 742 3611 20.—Quasi
771 3543 1027 3615 stipulam
1054 3541 1335 3597 (estimabit
1354 3544 1627 3598 malleum.

194 3634 278 3691 23.
310 3634 412 3692 Dei
439 3634 735 3689 vindictam
757 3633 1017 3705 superbus
1046 3632 1347 3687 contemnit.
1366 3664 1436 3673 —
1458 3633 1538 3688 Ac
1568 3633 1613 3687 si
1642 3632 1739 3688 di-

129 3734 304 3782 ceret:
337 3724 528 3781 Etiam
560 3722 779 3796 pondus
805 3721 924 3794 ejus
952 3721 1451 3777 animadversionis
1482 3722 1737 3794 despicit,

130 3828 244 3885 quae
296 3828 352 3868 se
390 3828 492 3885 per
541 3810 879 3883 supplicium
929 3810 1162 3881 desuper
1207 3810 1434 3866 veniens
1485 3810 1633 3867 ferit.
1674 3812 1737 3867 In

130 3900 406 3974 Scriptura
436 3901 590 3958 enim
623 3915 777 3957 sacra
806 3899 991 3955 mallei
1022 3900 1246 3956 nomine
1276 3899 1575 3973 aliquando
1609 3900 1739 3957 dia-

130 3990 284 4049 holus
312 3993 660 4065 designatur,
695 4006 791 4062 per
811 4005 971 4061 quem
1000 4006 1149 4046 nunc
1164 3990 1604 4063 delinquentium
1625 3991 1737 4047 cul-

132 4097 208 4152 pa;
244 4082 564 4148 feriuntur;
598 4078 900 4152 aliquando
931 4095 1061 4135 vero
1091 4080 1369 4151 percussio
1397 4079 1635 4136 cmlestis
1654 4096 1739 4136 ac-

130 4170 354 4243 cipitur,
389 4189 507 4247 qua
537 4171 624 4226 vel
656 4169 815 4226 electi
846 4186 1112 4242 supernos
1147 4171 1287 4227 ictus
1318 4173 1586 4240 sentiunt,
1618 4179 1681 4227 ut
1708 4188 1739 4227 a

130 4263 304 4334 pravis
333 4263 644 4320 itineribus
663 4261 1035 4332 corrigantur,
1070 4261 1157 4316 vel
1187 4259 1339 4332 justa
1365 4262 1445 4316 ira
1476 4261 1737 4333 reprobos

131 4353 377 4421 percutit,
408 4360 475 4408 ut
500 4349 616 4423 jam
665 4350 935 4423 supplicia
971 4356 1173 4405 aeterna
1203 4350 1571 4421 praeveniens,
1604 4349 1738 4423 quid

131 4440 285 4496 etiam
335 4443 393 4498 in
440 4447 727 4515 posterum
779 4447 1095 4495 mereantur
1138 4438 1408 4496 ostendat.
1440 4442 1576 4497 Nam
1608 4440 1739 4514 quia

131 4532 499 4602 appellatione
537 4530 722 4586 mallei
750 4530 1012 4602 antiquus
1033 4528 1209 4585 hostis
1230 4529 1585 4601 exprimitur,
1616 4546 1739 4602 pro-

1842 1988 2248 2045 animadversio
2292 1990 2507 2063 affligit.
2558 1992 2909 2065 Nequaquam
2953 1992 3162 2048 securis
3210 1992 3440 2061 incidit,

1842 2079 1973 2152 quia
1999 2086 2245 2151 receptos
2262 2080 2495 2137 interius
2521 2081 2677 2137 nulla
2703 2081 2849 2137 foras
2878 2082 3187 2138 severitatis
3216 2091 3447 2140 senten-

1845 2168 1922 2223 tia
1963 2167 2204 2239 projicit.
2263 2170 2617 2242 Nequaquam
2680 2170 3008 2226 ferramenta
3068 2180 3438 2245 perstrepunt,

1844 2256 1975 2331 quia
1995 2273 2097 2314 nec
2116 2258 2376 2331 quaelibet
2396 2259 2629 2314 minima
2656 2259 2801 2315 ultra
2809 2259 2925 2332 jam
2956 2260 3169 2333 ﬂagella
3190 2261 3435 2317 sentiun-

1842 2355 1956 2403 tur.
1992 2349 2013 2383 ⁵
2054 2348 2197 2415 Quia
2244 2364 2372 2420 ergo
2410 2364 2507 2421 per
2552 2348 2811 2405 malleum
2850 2351 3083 2421 desuper
3123 2352 3437 2409 venientem

1843 2436 2082 2491 cmlestis
2128 2435 2346 2507 pondus
2393 2437 2763 2508 percussionis
2808 2438 3160 2509 exprimitur,
3197 2439 3332 2511 quid
3359 2446 3441 2496 est

1843 2524 1991 2597 quod
2021 2524 2321 2581 Leviathan
2349 2525 2452 2581 iste
2484 2527 2744 2583 malleum
2772 2527 3027 2600 despicit,
3046 2528 3153 2585 nisi
3171 2529 3319 2600 quod
3335 2546 3440 2585 su-

1845 2633 2027 2689 pernae
2053 2616 2557 2674 animadversionis
2587 2619 2731 2674 ictus
2758 2618 3054 2675 formidare
3081 2621 3387 2677 contemnit
3412 2621 3442 2678 7

1847 2706 1920 2761 Et
1955 2706 2110 2779 quasi
2142 2707 2400 2778 stipulam
2433 2708 2692 2764 malleum
2740 2707 2985 2780 deputat,
3016 2710 3145 2782 quia
3181 2710 3250 2767 ad
3275 2710 3439 2783 justa:

1844 2795 1940 2851 ira:
1970 2812 2025 2851 se
2055 2797 2296 2869 pondera
2327 2799 2477 2855 velut
2504 2808 2695 2855 contra
2722 2806 2959 2857 terrores
3000 2801 3310 2859 levissimos
3337 2818 3447 2876 pa-

1844 2893 1946 2941 rat.
1980 2887 2135 2943 Unde
2163 2894 2217 2943 et
2244 2886 2426 2944 adhuc
2455 2888 2767 2961 expressius
2796 2889 3057 2947 subditur
3089 2908 3101 2947 :

2292 3004 2523 3063 CAPUT
2546 3007 2673 3062 x111
2707 3004 2850 3079 [Rec.
2874 3008 2999 3082 XI].

1902 3097 2039 3152 Iern.
2070 3127 2141 3137 —
2170 3097 2243 3153 Et
2271 3097 2527 3152 deridebit
2553 3098 2845 3153 vibrantem
2875 3099 3099 3156 hastam.

1914 3185 2003 3242 24.
2037 3185 2438 3255 Futurijudicii
2479 3188 2932 3243 comminationem
2964 3188 3174 3259 irridet,
3214 3189 3334 3245 inde
3362 3189 3445 3260 fa-

1593 3246 1735 3303 sub'
1763 3275 1806 3337 Ο
1844 3281 1956 3330 ctus
1985 3246 2271 3332 crudelior.
2307 3308 2378 3318 —
2409 3277 2612 3334 Contra
2640 3277 2941 3333 Leviathan
2988 3278 3136 3334 enim
3159 3246 3449 3336 ’Dominus

1847 3364 2059 3421 hastam
2093 3366 2296 3433 vibrat,
2319 3364 2520 3438 quiain
2544 3365 2661 3438 ejus
2681 3367 2909 3422 interitu
2930 3366 3240 3423 districtam
3271 3369 3445 3423 mina-

1849 3465 1942 3512 tur
1970 3456 2317 3511 sententiam.
2352 3457 2576 3512 Hastam
2596 3457 2798 3530 quippe
2827 3456 3051 3513 vibrare
3075 3466 3155 3513 est
3183 3466 3446 3513 aeternam

1846 3545 1896 3602 ei
1939 3552 2171 3601 mortem
2219 3562 2288 3601 ex
2318 3545 2568 3602 districta
2604 3545 3082 3602 animadversione
3120 3563 3446 3620 praeparare.

1848 3635 1954 3692 Sed
1984 3643 2229 3708 apostata
2258 3636 2486 3707 spiritus
2519 3644 2795 3692 auctorem
2828 3637 2956 3691 vitae
2984 3636 3151 3690 etiam
3191 3652 3316 3691 cum
3348 3652 3448 3692 sua

1849 3732 2025 3781 morte
2068 3724 2397 3797 despiciens,
2447 3725 2659 3781 hastam
2703 3725 3011 3781 vibrantem
3052 3724 3284 3793 deridet,
3318 3724 3448 3797 quia

1848 3830 1918 3869 ex
1947 3813 2200 3871 districto
2210 3813 2426 3886 judicio
2455 3813 2725 3887 quidquid
2756 3830 2940 3886 grave,
2973 3815 2994 3849 ⁶
3024 3812 3295 3887 quidquid
3317 3813 3445 3869 hor-

1848 3900 2009 3957 ribile
2035 3918 2149 3958 esse
2180 3902 2465 3973 praevidet,
2498 3903 2614 3975 pati
2653 3919 2764 3957 non
2812 3903 3044 3970 metuit;
3103 3901 3197 3958 sed
3237 3918 3346 3975 quo
3392 3917 3448 3957 se

1847 3997 2051 4047 aeterna
2075 3998 2349 4047 tormenta
2376 4008 2488 4047 non
2520 4007 2676 4062 posse
2705 3990 2935 4047 evadere
2963 3990 3256 4062 conspicit,
3294 4006 3357 4045 eo
3389 3990 3449 4046 in

1848 4079 2152 4136 exercenda
2182 4081 2429 4153 nequitia
2445 4080 2637 4137 durior
2666 4080 2923 4152 assurgit.
2957 4081 3129 4148 Quem
3161 4096 3288 4136 cum
3320 4080 3449 4150 ple-

1848 4169 2005 4241 rique
2035 4168 2201 4241 hujus
2230 4169 2424 4225 mundi
2454 4170 2728 4242 sapientes
2757 4169 2815 4225 in
2844 4170 3059 4225 cunctis
3086 4185 3207 4242 quae
3240 4169 3451 4241 appetit

1848 4266 2000 4315 tanta
2029 4260 2349 4331 pertinacia,
2376 4263 2394 4295 ⁷
2434 4267 2585 4316 tanta
2612 4260 2941 4318 fortitudine
2971 4260 3167 4331 stringi
3198 4259 3454 4316 conside-

1847 4356 1995 4417 rant,
2026 4348 2191 4405 corda
2221 4366 2318 4405 sua
2343 4349 2412 4404 ad
2442 4350 2770 4407 famulatum
2801 4349 2920 4422 ejus
2951 4349 3261 4422 tyrannidis
3291 4349 3451 4405 incli-

1849 4446 2004 4508 nant,
2034 4446 2087 4494 et
2115 4455 2278 4494 omne
2307 4439 2452 4512 quod
2485 4441 2598 4495 Deo
2623 4439 2887 4511 largiente
2915 4440 3154 4512 sapiunt,
3184 4438 3290 4495 hoc
3319 4454 3451 4494 con-

1846 4534 1932 4583 tra
1959 4544 2083 4583 eum
2117 4527 2186 4584 ad
2215 4528 2503 4584 servitium
2536 4528 2712 4583 hostis
2745 4528 2899 4585 illius
2940 4528 3250 4585 inflectunt.
3295 4526 3454 4585 Unde

132 4618 285 4690 pheta
311 4628 574 4688 testatur,
604 4636 729 4676 cum
760 4635 924 4691 super
952 4635 1077 4674 eum
1109 4619 1224 4674 vim
1263 4620 1501 4674 extremi
1534 4618 1733 4691 judicii
1767 4634 1818 4694 D
1848 4623 1902 4672 et
1929 4624 2075 4673 recte
2105 4615 2363 4672 subditur
2390 4635 2400 4673 :

133 4712 553 4782 contemplatur,
584 4709 773 4765 dicens
799 4725 809 4763 :
839 4708 1107 4775 Quomodo
1127 4706 1434 4777 confractus
1460 4714 1534 4763 est
1563 4715 1609 4763 et
1627 4725 1746 4762 con-

136 4798 284 4853 tritus
309 4801 545 4857 malleus
577 4798 841 4853 universae
872 4801 1025 4850 terra?
1065 4797 1287 4867 (Jerem.
1328 4815 1379 4866 L,
1414 4798 1506 4871 23)
1532 4798 1560 4854 ‘l
1592 4798 1671 4856 Ac
1699 4798 1746 4853 si

135 4884 368 4944 diceret:
421 4890 567 4945 Eum
599 4901 699 4960 per
751 4901 911 4958 quem
956 4886 1176 4941 vascula
1216 4903 1316 4942 sua
1360 4887 1635 4943 Dominus
1684 4888 1743 4943 in

2277 4707 2505 4765 CAPUT
2536 4707 2668 4765 le
2696 4707 2840 4782 [Rec.
2871 4706 3030 4782 XII].

1926 4797 2098 4854 Vnus.
2133 4797 2221 4854 21.
2251 4827 2323 4837 -
2350 4797 2455 4855 Sub
2485 4796 2598 4869 ipso
2624 4803 2781 4852 erunt
2808 4797 2954 4853 radii
2981 4797 3130 4853 solis.

1924 4886 2013 4943 25.
2043 4887 2139 4943 Illi
2167 4886 2466 4942 subdunt-ur
2504 4887 2772 4951 nonnulli,
2793 4886 2885 4957 qui
2913 4885 3154 4940 doctrina
3182 4889 3277 4939 aut
3304 4900 3453 4938 san-

137 4978 433 5036 ministerii
461 4995 628 5035 usum
658 4976 947 5034 formanda
967 4977 1226 5048 percutit,
1276 4978 1399 5050 quis
1437 4977 1744 5050 perpendat
1851 4975 2026 5030 ctitate
2056 4975 2114 5030 in
2155 4976 2393 5031 Ecclesia
2440 4978 2609 5031 lucere
2635 4974 3126 5031 videbantur.—In
3155 4973 3450 5046 Scriptura

138 5082 241 5139 quo
271 5070 522 5138 turbine,
554 5069 811 5125 veniente
856 5076 1104 5123 extremo
1142 5066 1377 5139 judicio,
1428 5067 1486 5121 in
1536 5075 1741 5123 aeterna

138 5156 488 5216 damnatione
517 5158 822 5231 confringit
856 5159 884 5215 ?
913 5160 1148 5215 Rursum
1180 5174 1276 5230 per
1307 5157 1565 5213 malleum
1604 5173 1738 5230 per—

139 5248 312 5304 cussio
341 5249 584 5306 caelestis
599 5248 951 5321 exprimitur,
977 5246 1121 5321 quod
1144 5247 1434 5303 Salomone
1465 5247 1734 5319 templum

138 5334 441 5395 aidiﬁcante
486 5340 757 5410 signatur,
805 5354 933 5394 cum
980 5336 1217 5393 dicitur:
1248 5337 1269 5372 ³
1319 5336 1521 5391 Domus
1559 5342 1735 5392 autem

212 5556 313 5627 {In
347 5556 530 5612 Editis
560 5556 712 5623 sicut,
744 5554 943 5627 luxato
964 5569 1147 5609 sensu.
1199 5553 1498 5627 Sequimur
1544 5563 1729 5612 autem

142 5622 362 5683 Codices
391 5628 530 5685 duos
558 5629 767 5694 Germ.,
798 5624 993 5691 Laud.,
1024 5627 1258 5693 Gcmet.,
1286 5622 1520 5695 l’ratel.,
1551 5635 1654 5683 etc.

209 5698 229 5731 ³
266 5700 384 5754 Duo
410 5700 623 5769 Germ.,
657 5699 911 5769 Turon,
937 5696 1133 5764 Laud.,
1172 5698 1409 5766 Gemet.,
1440 5716 1732 5754 conversa-

140 5769 307 5825 tionis.
338 5771 459 5827 Val.
488 5767 748 5840 Cl.,‘dum
776 5786 861 5825 eos
894 5767 949 5822 in
981 5785 1171 5840 corpus
1190 5786 1344 5824 suum
1355 5787 1453 5841 per
1480 5771 1586 5826 vim
1614 5789 1730 5826 con-

140 5842 463 5898 versationis.

205 5913 226 5948 ³
252 5912 447 5984 Laud.,
480 5915 685 5973 Domus
699 5918 874 5972 autem
886 5928 1004 5970 cum
1021 5911 1283 5985 wdiﬁeala
1296 5918 1389 5983 est,
1411 5919 1459 5972 et
1479 5914 1724 5973 malleus.

1849 5064 1997 5121 enim
2027 5082 2180 5121 sacra
2202 5082 2328 5120 cum
2352 5065 2581 5137 ﬁgurate
2610 5066 2689 5120 sol
2720 5063 2966 5136 ponitur,
2995 5062 3297 5134 aliquando
3325 5065 3447 5119 Do—

1848 5153 2053 5223 minus,
2085 5154 2382 5226 aliquando
2404 5155 2731 5226 persecutio,
2756 5151 3055 5224 aliquando
3074 5150 3141 5207 de
3170 5167 3228 5209 re
3248 5150 3442 5224 quali-

1844 5243 1936 5300 bet
1986 5244 2290 5300 manifestae
2335 5243 2567 5300 visionis
2602 5241 2861 5309 ostensio,
2907 5241 3205 5313 aliquando
3256 5251 3439 5299 autem

1843 5332 2206 5405 intelligentia
2216 5332 2549 5405 sapientium
2570 5331 2907 5403 designatur.
2932 5331 3034 5386 Per
3049 5330 3220 5386 solem
3236 5331 3448 5405 quippe

1913 5556 1934 5589 ⁴
1966 5555 2175 5612 Gemet.
2209 5563 2263 5611 et
2291 5553 2454 5612 Corb.
2487 5554 2698 5623 Germ.,
2730 5555 3081 5625 deponamur.

1912 5627 1932 5700 ξ
1966 5627 2163 5695 Laud.,
2193 5628 2323 5697 quid
2350 5644 2472 5700 ergo
2500 5645 2597 5700 per
2626 5629 2966 5700 malleum...
2992 5625 3103 5700 nisi
3128 5625 3366 5700 caelestis.

1912 5699 1933 5733 ⁵
1964 5700 2173 5755 Gemet.
2225 5707 2278 5754 et
2319 5698 2734 5767 CorbfGernn,
2784 5698 3044 5771 quidquid
3087 5698 3343 5753 horribile
3396 5712 3450 5750 se

1832 5771 2091 5843 praevidet
2114 5772 2250 5842 pati.

1890 5844 2024 5973 illa
2056 5838 2259 5903 recent.
2288 5842 2440 5901 Edit.
2460 5842 2653 5912 Gilot.,
2686 5842 2868 5904 Vatis.
2899 5850 2953 5901 et
2982 5841 3283 5905 Gussanv.,
3312 5838 3443 5914 [ον-

1948 5932 2051 5973 me.

1838 5931 2051 5973 mulina.
