3936 6390
465 407 564 464 731

1664 400 1916 473 SANCTI
1954 401 2299 462 GREGORII
2334 405 2561 465 MAGNI

3686 407 3796 466 732

463 530 734 590 Dominus
763 529 1054 603 ﬁguratur,
1067 531 1211 587 sicut
1229 527 1519 602 Sapientia
1539 527 1682 585 libro
1703 527 2055 602 perhibetur,
2089 531 2142 590 A
2170 547 2230 587 se
2261 508 2580 604 operatione
2611 531 2992 603 substernunt,
3019 541 3081 590 ut
3107 549 3218 590 non
3239 533 3356 607 jam
3399 543 3552 592 recta
3581 535 3796 608 pradi-

465 619 611 694 quod
641 636 834 676 omnes
865 620 1027 694 impii
1048 619 1105 676 in
1125 619 1360 676 extremi
1391 619 1480 676 die
1500 618 1698 691 judicii
1729 618 1955 690 cognita
1969 633 2072 674 sua

463 709 824 767 damnatione
853 709 1060 766 dicturi
1090 717 1220 766 sunt
1245 727 1256 765 :
1287 709 1608 765 Erravimus
1627 726 1661 763 a
1689 708 1780 763 via
1810 707 2068 776 veritatis,

462 805 512 855 et
543 800 716 856 lumen
732 798 966 869 justitire
984 815 1092 852 non
1123 799 1264 854 luxit
1289 797 1460 864 nobis,
1488 803 1534 852 et
1561 798 1640 852 sol
1668 813 1774 852 non
1802 803 1876 852 est
1919 803 2072 852 ortus

463 888 613 944 nobis
645 888 800 960 (Sap.
835 888 990 959 v,6).
1022 889 1104 944 Ac
1123 887 1168 943 si
1197 895 1380 959 aperte
1409 886 1630 943 dicant:
1664 886 1876 943 Interni
1909 885 2070 942 nobis

463 979 694 1035 luminis
745 977 932 1034 radius
978 995 1090 1034 non
1137 978 1374 1034 refulsit.
1419 977 1572 1034 Unde
1601 985 1654 1034 et
1682 977 1920 1033 Joannes
1949 975 2062 1034 ait:

461 1069 660 1126 Mulier
685 1068 880 1123 amicta
923 1068 1052 1134 sole,
1082 1073 1129 1121 et
1177 1068 1305 1122 luna
1341 1067 1436 1122 sub
1475 1067 1697 1138 pedibus
1726 1067 1838 1138 ejus
1872 1065 2061 1137 (Apoc.

465 1173 568 1226 xu,
606 1156 678 1229 l).
711 1157 772 1214 In
795 1157 906 1211 sole
927 1155 1074 1210 enim
1099 1155 1395 1211 illustratio
1420 1156 1692 1225 veritatis,
1722 1157 1780 1212 in
1809 1157 1939 1211 luna
1961 1171 2070 1210 au—

465 1253 598 1316 tem,
625 1263 746 1320 qua
777 1246 1076 1303 menstruis
1105 1246 1552 1319 suppletionibus
1580 1247 1790 1316 deﬁcit,
1826 1245 2068 1304 mutabi-

466 1335 590 1392 litas
618 1337 1040 1408 temporalitatis
1059 1336 1566 1408 accipitur.Sancta
1595 1344 1779 1394 autem
1801 1333 2068 1402 Ecclesia,

464 1425 595 1498 quia
623 1425 848 1498 superni
867 1425 1097 1481 luminis
1124 1424 1412 1498 splendore
1428 1425 1756 1498 protegitur,
1776 1425 1932 1497 quasi
1957 1423 2069 1478 sole

463 1513 720 1581 vestitur,
755 1513 886 1588 quia
928 1530 1058 1571 vero
1087 1523 1286 1572 cuncta
1327 1514 1650 1586 temporalia
1695 1513 1950 1586 despicit,
1979 1513 2064 1569 luo

465 1619 587 1658 nam
621 1603 724 1660 sub
761 1603 995 1677 pedibus
1039 1605 1260 1677 premit.
1310 1605 1548 1662 Rursum
1600 1604 1715 1660 sole
1764 1601 2072 1677 persecutio

465 1691 804 1766 designatur,
837 1694 983 1750 sicut
1018 1699 1207 1756 1127
1237 1693 1296 1751 in
1323 1692 1632 1765 Evangelio
1670 1692 1888 1750 Veritas
1913 1690 2069 1759 dicit,

465 1789 613 1865 quod
641 1797 769 1846 nata
796 1791 915 1846 sine
944 1789 1224 1846 radicibus
1259 1789 1472 1845 semina
1508 1798 1630 1845 orto
1661 1789 1777 1844 sole
1808 1794 2074 1845 aruerunt

2182 622 2362 679 cando
2391 622 2626 696 desuper
2654 624 2893 693 luceant,
2932 623 3027 680 sed
3053 624 3104 680 ei
3135 640 3386 696 perverse
3427 624 3798 699 obsequendo

2177 712 2544 770 famulentur.
2579 713 2720 770 Solis
2747 730 2875 786 ergo
2894 713 3035 770 radii
3052 713 3154 770 sub
3176 714 3295 785 ipso
3321 721 3470 784 sunt,
3493 731 3627 772 cum
3651 731 3797 770 non-

2179 801 2320 857 nulli
2342 803 2506 858 etiam
2537 801 2695 860 docti
2729 803 2837 858 viri
2853 803 3136 876 sapientia
3154 821 3266 861 sua
3296 806 3558 862 acumina
3585 821 3707 862 non
3729 805 3797 861 li-

2178 889 2308 948 bere
2337 892 2547 964 agendo
2597 892 2904 960 sublevant,
2951 891 3045 948 sed
3091 891 3160 948 ad
3201 893 3434 966 vestigia
3477 893 3797 951 Leviatban

2183 983 2344 1039 istius
2373 991 2427 1039 et
2455 983 2813 1055 perversitate
2842 983 3043 1055 operis,
3088 991 3140 1040 et
3173 983 3560 1041 blandimento
3601 983 3799 1042 adula-

2181 1071 2354 1126 tionis
2385 1072 2676 1140 inclinant,
2708 1081 2770 1128 ut
2793 1071 3175 1144 intelligentia,
3207 1088 3328 1145 qua
3359 1073 3474 1130 illis
3514 1073 3665 1130 sicut
3711 1073 3796 1128 sol

2181 1162 2414 1234 desuper
2443 1163 2549 1220 fuit
2577 1179 2646 1218 ex
2676 1162 2882 1219 cmlesti
2912 1179 3158 1230 munere,
3183 1161 3397 1236 antiqui
3431 1162 3612 1220 hostis
3643 1162 3797 1235 pedi-

2183 1252 2286 1308 bus
2305 1252 2688 1309 substernatur
2715 1269 2784 1308 ex
2797 1260 3010 1308 terrena
3030 1252 3352 1325 cupiditate.
3375 1253 3536 1310 Unde
3566 1260 3621 1309 et
3643 1267 3801 1308 nunc

2183 1358 2311 1398 cum
2361 1343 2594 1416 quisque
2624 1342 2956 1415 sapientium
2987 1349 3149 1414 atque
3179 1341 3470 1398 doctorum
3501 1358 3604 1414 pro
3643 1359 3800 1398 com-

2185 1430 2350 1486 modo
2381 1432 2468 1488 vel
2499 1431 2674 1503 gloria
2702 1432 2831 1487 vita
2860 1431 3178 1502 temporalis
3209 1448 3303 1504 per
3331 1429 3674 1487 adulationis
3702 1431 3798 1486 la-

2184 1537 2342 1594 psum
2377 1521 2615 1577 terrenis
2643 1539 2698 1576 se
2729 1521 3094 1594 potestatibus
3112 1537 3280 1594 prave
3299 1521 3592 1594 agentibus
3621 1519 3799 1592 subji-

2185 1611 2284 1680 cit,
2317 1611 2472 1684 quasi
2503 1611 2604 1668 sub
2634 1611 2884 1684 vestigiis
2913 1610 3188 1668 venientis
3216 1610 3551 1669 Antichristi
3581 1611 3799 1668 solisse

2188 1701 2360 1758 radiis
2389 1702 2606 1760 sternit.
2638 1703 2712 1758 Et
2741 1703 2895 1758 velut
2936 1702 3060 1758 coeli
3107 1702 3289 1760 lucem
3323 1701 3432 1758 sibi
3479 1699 3797 1758 Behemoth

2184 1790 2468 1860 humiliat,
2503 1791 2633 1848 dum
2663 1809 2759 1865 per
2787 1791 3108 1865 pestiferum
3137 1808 3422 1848 assensum
3450 1790 3795 1864 sapientium

469 1878 682 1950 (Matth.
711 1895 836 1946 xm,
867 1879 949 1952 6),
980 1878 1108 1952 quia
1133 1877 1394 1935 videlicet
1422 1877 1593 1934 verba
1631 1879 1762 1934 vita
1819 1878 1876 1934 in
1905 1875 2071 1934 corde
2101 1895 2147 1957 Β
2183 1889 2394 1938 mentes
2421 1883 2614 1938 calcat.
2647 1881 2830 1938 Toties
2860 1897 2992 1937 vero
3021 1879 3324 1938 Leviathan
3354 1880 3517 1938 istius
3557 1879 3797 1954 pedibus

465 1973 812 2024 terrenorum
845 1967 1136 2025 hominum
1167 1967 1457 2041 temporali
1496 1976 1776 2025 momento
1809 1967 2070 2034 virentia,

470 2059 890 2130 superveniente
919 2059 1315 2132 persecutionis
1343 2057 1555 2127 ardore,
1589 2059 1890 2115 siccantur.
1922 2057 2075 2113 Rur-

465 2166 585 2207 sum
630 2152 742 2208 sole
789 2152 1096 2210 manifesta
1140 2153 1373 2212 visionis
1429 2153 1672 2210 ostensio
1733 2151 2071 2224 designatur,

469 2241 613 2298 sicut
630 2241 903 2315 Propheta
916 2244 1216 2300 Dominum
1237 2251 1564 2301 cunctorum
1593 2242 1770 2300 oculis
1797 2257 2075 2316 apparen-

469 2338 579 2388 tem
612 2331 922 2402 denuntiat,
951 2332 1140 2391 dicens
1177 2351 1189 2390 :
1224 2336 1292 2391 In
1320 2335 1428 2390 sole
1451 2334 1634 2405 posuit
1674 2333 2073 2388 tabernaculum

466 2437 622 2478 suum
655 2421 827 2492 (Psal.
859 2438 1022 2491 xvm,
1055 2425 1134 2496 6).
1168 2425 1250 2481 Ac
1296 2425 1342 2480 si
1390 2423 1637 2480 diceret:
1699 2420 2074 2478 Humanitatis

469 2521 762 2586 assumpta
791 2523 1194 2572 sacramentum
1225 2516 1282 2572 in
1315 2516 1524 2572 lumine
1554 2514 1861 2571 manifesta
1894 2513 2074 2570 visio-

467 2601 559 2658 nis
588 2603 850 2660 ostendit.
879 2605 952 2662 Et
980 2605 1124 2663 sicut
1160 2606 1336 2663 eidem
1379 2605 1666 2679 Propheta
1714 2604 1908 2661 divina
1935 2619 2073 2659 voce

465 2705 562 2762 per
589 2691 808 2750 Nathan
835 2693 1071 2752 dicitur:
1100 2697 1183 2752 Tu
1209 2695 1380 2766 fecisti
1406 2695 1464 2750 in
1491 2695 1814 2760 abscondito,
1843 2711 1930 2766 ego
1951 2711 2072 2749 vero

469 2779 666 2853 faciam
693 2785 906 2841 verbum
936 2785 1078 2842 istud
1113 2786 1171 2842 in
1210 2792 1480 2852 conspectu
1510 2785 1679 2840 omnis
1718 2787 1912 2852 Israel,
1943 2790 1988 2839 et
2015 2785 2073 2839 in

471 2879 743 2946 conspectu
769 2875 898 2930 solis
923 2877 1020 2947 (II
1041 2879 1164 2948 Reg.
1197 2877 1430 2948 x11,12).
1463 2874 1607 2944 Quid
1638 2875 1790 2930 enim
1822 2891 1916 2947 per
1945 2890 2070 2930 con-

469 2969 716 3034 spectum
747 2965 900 3032 solis,
933 2965 1039 3021 nisi
1071 2965 1444 3038 cognitionem
1479 2964 1726 3020 insinuat
1765 2964 2072 3020 manifesta

471 3050 706 3108 visionis
725 3052 754 3108 ?
781 3053 1017 3110 Rursum
1047 3055 1180 3111 solis
1210 3055 1457 3124 nomine,
1487 3053 1820 3126 sapientium
1859 3053 2072 3108 intelle-

469 3147 590 3196 ctus
609 3141 962 3214 exprimitur,
991 3143 1137 3200 sicut
1167 3143 1222 3198 in
1255 3142 1592 3216 Apocalypsi
1640 3141 1906 3214 scriptum
1955 3148 2066 3198 est:

473 3230 709 3298 Quartus
736 3233 952 3303 angelus
982 3232 1169 3304 effudit
1187 3232 1431 3304 phialam
1452 3248 1604 3287 suam
1629 3231 1688 3285 in
1715 3233 1898 3296 solem,
1913 3236 1962 3286 et
1979 3230 2071 3285 da-
2101 3259 2146 3320 ο

471 3323 581 3372 tum
608 3325 682 3373 est
700 3319 786 3374 illi
813 3327 944 3376 astu
961 3323 1160 3394 afﬁcere
1188 3320 1420 3376 homines
1460 3327 1508 3376 et
1548 3320 1660 3392 igni
1697 3320 1896 3392 (Apoc.
1947 3336 2066 3388 xvx,

470 3403 552 3478 8).
585 3405 832 3462 Phialam
863 3408 1122 3464 videlicet
1163 3408 1222 3463 in
1260 3408 1430 3464 solem
1460 3407 1740 3464 etfundere
1770 3417 1850 3464 est
1879 3423 2073 3480 perse-

472 3491 715 3550 cutionis
744 3493 1012 3566 supplicia
1033 3495 1170 3552 viris
1197 3495 1478 3568 sapientia
1496 3495 1785 3568 splendore
1814 3495 2070 3567 fulgenti-

473 3581 578 3640 bus
602 3583 870 3657 irrogare:
922 3588 997 3643 Et
1023 3587 1206 3642 datum
1235 3592 1308 3642 est
1335 3587 1420 3642 illi
1465 3592 1524 3640 ut
1569 3587 1796 3659 amceret
1839 3585 2072 3641 homines

471 3680 602 3729 cestu
625 3680 673 3729 et
700 3676 832 3746 igni,
861 3676 992 3750 quia
1019 3675 1154 3732 dum
1183 3675 1454 3748 sapientes
1484 3676 1612 3745 viri,
1634 3675 1970 3732 cruciatibus
1990 3675 2072 3730 vi-

471 3762 568 3830 cti,
601 3764 744 3820 male
777 3764 972 3836 agendi
1003 3781 1186 3822 errore
1214 3773 1535 3838 tanguntur,
1560 3765 1784 3821 illorum
1817 3764 2070 3836 exemplo

468 3851 714 3925 persuasi
743 3853 952 3909 inﬁrmi
975 3855 1181 3928 quique
1202 3854 1598 3926 temporalibus
1615 3852 1906 3910 desideriis
1928 3852 2072 3908 inar-

469 3939 718 4000 descunt.
749 3942 946 4000 Ruina
985 3960 1221 4017 namque
1270 3942 1544 4001 fortium‘
1596 3949 1890 4015 augmenta
1930 3958 2095 4019 pra--

471 4039 619 4088 stant
662 4033 1065 4106 perditionibus
1113 4033 1483 4090 inﬁrmorum.
1519 4033 1660 4103 Quia
1688 4033 1802 4088 soel
1841 4047 2070 4090 acumen

471 4121 754 4195 sapientia
783 4121 1121 4195 designatur,
1151 4139 1248 4195 per
1275 4123 1741 4197 comparationem
1791 4137 2013 4196 quoque
2041 4137 2073 4176 a

471 4209 761 4266 Salomone
789 4211 1024 4266 dicitur:
1062 4212 1282 4282 Sapiens
1313 4218 1372 4267 ut
1415 4213 1498 4268 sol
1535 4217 1829 4284 permanet,
1879 4212 2073 4266 stultus

470 4304 531 4352 ut
560 4298 688 4352 luna
719 4297 740 4331 ³
788 4305 1030 4354 mutatur
1055 4298 1254 4370 (Eecli.
1295 4316 1478 4366 xxvn,
1525 4300 1641 4372 12).
1690 4297 1830 4373 [νει.
1887 4297 2068 4372 VIII.]

475 4387 592 4442 Hoc
619 4401 748 4456 ergo
785 4387 907 4444 loco
935 4387 1070 4460 quid
1111 4404 1208 4460 per
1259 4388 1392 4445 solis
1437 4388 1622 4444 radios
1666 4389 1775 4444 nisi
1820 4390 2076 4446 acumina

385 4543 391 4549 ε
473 4475 803 4548 sapientium
835 4477 1282 4534 demonstrantur
1300 4479 1328 4534 ?
1349 4477 1489 4546 Quia
1510 4479 1657 4534 enim
1677 4478 1858 4548 multi,
1891 4479 1985 4554 qui
2014 4480 2073 4535 in

2184 1987 2240 2027 se
2263 1969 2404 2027 radii
2419 1971 2552 2027 solis
2566 1970 2830 2040 subdunt,
2859 1971 3074 2045 quoties
3094 1970 3152 2027 hi
3182 1971 3279 2045 qui
3304 1969 3574 2027 doctrina
3597 1968 3796 2025 viden-

2185 2069 2274 2118 tur
2296 2061 2503 2116 lumine
2534 2059 2900 2132 resplendere,
2940 2060 3303 2118 immoderato
3333 2061 3589 2119 acumine
3620 2077 3799 2134 prava

2185 2151 2245 2208 in
2300 2167 2454 2208 sacro
2501 2151 2720 2225 eloquio
2767 2150 3035 2219 sentiunt,
3095 2152 3477 2225 perversisque
3535 2151 3799 2208 sensibus

2185 2240 2304 2313 ejus
2335 2257 2390 2297 se
2419 2241 2698 2297 erroribus
2732 2240 3109 2310 substernunt,
3142 2241 3275 2315 quia
3292 2241 3426 2298 dum
3446 2248 3643 2298 contra
3663 2239 3799 2296 ﬁde-

2183 2330 2259 2387 lia
2310 2330 2562 2386 veritatis
2618 2329 3044 2403 pradicamenta
3100 2347 3157 2386 se
3199 2331 3437 2404 erigunt,
3483 2329 3798 2388 Leviathan

2183 2420 2344 2477 istius
2390 2419 2638 2492 vestigiis
2679 2419 2816 2476 falsa
2855 2418 3144 2476 sentiendo
3189 2420 3550 2477 famulantur.
3605 2419 3798 2475 Toties

2182 2509 2324 2565 radii
2362 2510 2495 2566 solis
2525 2508 2626 2564 sub
2657 2509 2776 2582 ipso
2805 2517 2953 2578 sunt,
2999 2510 3215 2582 quoties
3259 2509 3409 2568 docti
3457 2509 3691 2582 quippe,
3741 2515 3796 2564 et

2183 2599 2561 2672 intelligentia
2602 2600 2724 2656 luce
2775 2603 2964 2662 1128
3014 2599 3303 2672 pollentes,
3361 2599 3448 2656 vel
3507 2598 3797 2672 despectis

2182 2697 2394 2753 cateris
2423 2695 2480 2751 in
2511 2696 2748 2753 elatione
2775 2711 2830 2752 se
2859 2695 3078 2768 erigunt
3103 2711 3117 2761 ;
3154 2697 3242 2751 vel
3291 2712 3512 2753 summa
3541 2713 3666 2768 qua
3695 2713 3796 2751 sa-

2183 2784 2343 2857 piunt
2370 2793 2780 2856 postponentes,
2810 2783 3052 2841 sordidis
3079 2783 3264 2840 carnis
3292 2781 3585 2839 desideriis
3605 2782 3791 2856 inqui-

2182 2879 2422 2942 nantur;
2456 2875 2542 2930 vel
2574 2873 2734 2931 obliti
2765 2873 3330 2943 calestium,terrena
3359 2871 3619 2929 ambiunt
3650 2889 3666 2940 ;
3699 2871 3792 2927 vel

2182 2980 2294 3020 non
2336 2963 2751 3020 reminiscentes
2793 2963 2921 3036 quia
2963 2971 3108 3020 terra
3147 2970 3298 3031 sunt,
3341 2961 3410 3019 de
3465 2961 3793 3035 cognitione

2181 3053 2488 3110 cmlestium
2535 3052 2776 3108 inaniter
2821 3052 3145 3124 gloriantur.
3190 3051 3346 3109 Unde
3391 3059 3447 3108 et
3501 3057 3652 3108 recte
3711 3049 3791 3106 ibi

2180 3143 2534 3218 subjungitur
2551 3159 2562 3198 :

2585 3233 2813 3292 CAPUT
2842 3232 2948 3291 xv
2985 3231 3128 3306 [Rea
3161 3232 3352 3308 XIII].

2250 3327 2386 3382 Iam.
2419 3356 2489 3367 —
2523 3325 2727 3382 Sternet
2754 3323 2856 3378 sibi
2883 3339 3080 3379 aurum
3107 3323 3263 3395 quasi
3302 3323 3500 3379 lutum.

2251 3419 2339 3476 26.
2374 3417 2513 3485 Quid
2541 3418 2798 3490 signiﬁcet
2817 3434 3036 3484 aurum,
3076 3417 3130 3471 in
3160 3433 3319 3472 sacra
3367 3415 3678 3488 Scriptura.
3722 3446 3792 3458 —

2180 3507 2568 3580 Appellatione
2593 3507 2794 3580 quippe
2823 3507 2943 3563 auri
2975 3505 3032 3562 in
3053 3523 3208 3562 sacro
3237 3506 3458 3579 eloquio
3487 3503 3794 3578 aliquando

2181 3594 2494 3651 divinitatis
2523 3595 2762 3664 claritas,
2795 3594 3092 3668 aliquando
3134 3593 3396 3669 splendor
3433 3609 3691 3668 superna
3719 3593 3793 3650 ci-

2180 3685 2392 3754 vitatis,
2416 3685 2715 3760 aliquando
2745 3684 3009 3754 charitas,
3053 3683 3350 3759 aliquando
3400 3683 3554 3740 nitor
3601 3682 3793 3757 gloria

2180 3776 2480 3842 saecularis,
2524 3775 2822 3849 aliquando
2863 3773 3222 3847 pulchritudo
3251 3772 3563 3830 sanctitatis
3591 3773 3794 3846 accipi-

2179 3875 2291 3924 tur.
2319 3866 2454 3924 Auri
2485 3867 2632 3922 enim
2661 3866 2886 3923 nomine
2916 3867 3034 3939 ipsa
3061 3865 3260 3922 intima
3278 3864 3597 3922 divinitatis
3617 3865 3795 3923 clari-

2180 3965 2264 4014 tas
2290 3957 2629 4030 designatur,
2661 3956 2806 4014 sicut
2837 3957 2895 4012 in
2939 3955 3294 4013 Canticorum
3324 3956 3558 4012 canticis
3603 3955 3796 4029 sponsi

2182 4045 2393 4118 species
2446 4045 2818 4102 describitur:
2883 4045 3056 4116 Caput
3109 4043 3223 4115 ejus
3277 4061 3476 4102 aurum
3533 4046 3796 4118 optimum

2187 4139 2370 4212 (Cant.
2403 4155 2460 4206 v,
2495 4139 2606 4210 11).
2632 4137 2772 4206 Quia
2800 4137 2948 4194 enim
2969 4144 3133 4210 caput
3149 4137 3356 4195 Christi
3371 4139 3539 4207 Deus,
3557 4139 3645 4195 nil
3663 4155 3798 4196 vero

2183 4238 2265 4286 est
2295 4229 2354 4284 in
2384 4228 2622 4284 metallis
2649 4244 2782 4284 auro
2811 4227 3131 4300 fulgentius,
3164 4228 3351 4301 sponsi
3399 4235 3564 4302 caput
3594 4245 3795 4286 aurum

2182 4318 2414 4388 dicitur,
2445 4318 2575 4392 quia
2597 4317 2714 4390 ejus
2729 4317 3045 4374 humanitas
3073 4333 3142 4374 ex
3161 4317 3475 4376 divinitatis
3493 4335 3611 4375 sua
3633 4318 3798 4376 nobis

2184 4411 2435 4469 claritate
2466 4411 2829 4484 principatur.
2852 4413 3090 4469 Rursum
3117 4412 3238 4468 auri
3267 4409 3494 4468 nomine
3526 4411 3799 4484 splendor

2185 4517 2438 4574 superna
2489 4500 2732 4557 civitatis
2777 4501 3067 4574 accipitur,
3115 4501 3260 4558 sicut
3286 4501 3432 4559 hanc
3458 4501 3707 4558 Joannes
3743 4519 3797 4558 se

471 4571 662 4621 sancta
687 4565 934 4622 Ecclesia
961 4567 1081 4624 luce
1110 4567 1388 4639 sapientia
1419 4567 1766 4640 resplendere
1796 4567 2075 4625 videban-
2104 4622 2153 4681 Β
2185 4565 2390 4646 νίάίδεε
2419 4597 2668 4659 testatur,
2699 4565 2924 4648 dicens}
2958 4565 3084 4663 Ipsi,
3115 4591 3301 4647 οίυίιαε
3331 4593 3352 4628 3
3393 4608 3598 4648 aurum
3628 4609 3799 4647 mu"-

472 4660 566 4681 ι-.-
616 4663 747 4681 ιηνιι.
773 4657 857 4681 -.-1
879 4657 1321 4681 ..η-μκ--ζΑ..ζι.---
1358 4659 1492 4681 Α-..ιῖ
1549 4658 1634 4681 ---1
1668 4658 1834 4681 ..Σ-,2-
1872 4659 2048 4681 ι---ΣΔΖ
2209 4679 2220 4681 _
2396 4679 2402 4681 Α
2471 4679 2478 4681 .
2618 4679 2625 4681 ᾼ
2909 4680 2916 4681 ,
3421 4679 3430 4681 -
3458 4680 3489 4681 κ.

472 4660 584 4724 tur,
616 4663 749 4711 tunc
773 4657 858 4713 vel
879 4657 1324 4728 persuasionibus
1353 4659 1518 4731 capti,
1549 4658 1636 4714 vel
1668 4658 1838 4714 minis
1872 4659 2074 4726 territi,

473 4745 560 4801 vel
587 4746 922 4804 cruciatibus
939 4747 1118 4815 fracti,
1143 4748 1448 4804 Leviathan
1470 4747 1630 4804 istius
1659 4748 1924 4806 seditioni
1945 4748 2076 4804 sub-

465 4833 764 4908 jiciuntur,
793 4844 940 4894 recte
977 4837 1185 4893 dicitur
1218 4856 1229 4893 :
1289 4839 1399 4893 Sub
1432 4839 1546 4910 ipso
1570 4844 1729 4893 erunt
1755 4837 1903 4893 radii
1927 4837 2074 4893 solis.

471 4929 552 4983 Ac
581 4925 627 4982 si
657 4934 839 5000 aperte
869 4926 1178 4984 diceretur:
1213 4926 1280 4982 Hi
1308 4927 1402 5001 qui
1438 4927 1584 4982 intra
1611 4935 1854 4983 sanctam
1885 4926 2077 4982 Eccle-

475 5015 616 5072 siam
649 5031 744 5088 per
773 5015 1031 5072 acumina
1046 5015 1326 5088 sapientiae
1353 5013 1509 5088 quasi
1536 5014 1720 5071 radios
1748 5015 2081 5072 videbantur

473 5105 615 5161 lucis
643 5121 948 5178 aspergere,
977 5111 1032 5160 et
1065 5120 1164 5176 per
1190 5103 1573 5160 auctoritatem
1595 5103 1948 5158 rectitudinis
1975 5102 2081 5158 de-

473 5210 640 5269 super
669 5195 1036 5270 resplendere,
1065 5193 1323 5266 potestati
1353 5191 1658 5250 Leviathan
1700 5193 1861 5250 istius
1889 5192 2082 5267 iniqua

551 5442 566 5477 ¹
601 5439 863 5513 Vindoc.,
891 5448 1220 5513 argumenta.
1243 5440 1367 5513 Val.
1404 5439 1513 5508 CL,
1545 5445 1824 5512 augmenta
1852 5445 2068 5511 parant.

549 5513 571 5547 ²
601 5510 878 5579 Laudun.,
907 5510 1115 5569 Gcmet.
1149 5521 1202 5569 et
1233 5512 1344 5569 duo
1381 5513 1592 5580 Germ.,
1623 5510 1934 5568 mutabitur.

556 5585 576 5618 ³
609 5582 827 5656 (ἦρι-11]..
841 5583 1046 5656 _Laud.,
1078 5585 1288 5641 Gcmet.
1321 5593 1374 5640 et
1403 5585 1505 5656 pl.,
1535 5600 1672 5638 auro
1693 5583 1932 5656 mundo.
1970 5583 2075 5656 llic

480 5653 633 5727 locus
661 5651 728 5727 in
749 5652 899 5727 Edit.
931 5651 1100 5727 GilOt.
1133 5663 1187 5711 et
1218 5651 1524 5713 Vaticfest
1566 5654 1834 5722 mutilus;
1880 5654 2077 5727 legitur

478 5726 627 5782 enim
654 5742 664 5779 :
699 5725 824 5796 Ipsa
845 5725 1030 5780 civitas
1059 5743 1256 5782 aurum
1285 5727 1542 5781 mundum
1571 5726 1742 5782 simile
1769 5727 1907 5782 vitro
1935 5725 2078 5782 dici-

483 5803 593 5864 tur;
623 5803 679 5850 ut
707 5802 753 5851 et
776 5814 892 5864 per.

547 5871 567 5907 ι
584 5869 756 5941 Quem
770 5867 862 5924 hic
877 5867 1131 5939 angelum
1147 5867 1382 5940 appellat
1391 5876 1610 5927 sanctus
1618 5869 2082 5940 Doctor,loannos

2187 4679 2313 4733 dum
2357 4679 2528 4735 simile
2573 4679 2712 4734 vitro
2759 4680 2954 4736 mundo
2995 4681 3190 4752 (Apoc.
3240 4695 3364 4746 xxx,
3412 4679 3528 4752 18).
3575 4682 3795 4736 Aurum

2189 4783 2430 4841 namque
2458 4783 2528 4823 ex
2558 4784 2668 4842 quo
2697 4769 2792 4824 illa
2819 4769 3016 4826 civitas
3045 4777 3279 4837 constat,
3311 4768 3495 4825 simile
3516 4769 3672 4826 vitro
3701 4769 3799 4826 di-

2187 4858 2354 4924 citur,
2385 4865 2446 4913 ut
2487 4865 2539 4913 et
2568 4873 2664 4930 per
2692 4874 2887 4914 aurum
2917 4859 3087 4928 clara,
3117 4866 3172 4914 et
3199 4875 3296 4932 per
3325 4859 3540 4914 vitrum
3570 4859 3798 4932 perspi-

2189 4962 2291 5002 cua
2337 4945 2672 5018 designetur.
2699 4948 2936 5004 Rursum
2975 4947 3096 5003 auri
3133 4947 3360 5004 nomine
3387 4946 3639 5006 charitas
3669 4949 3798 5004 inti-

2193 5043 2394 5106 matur,
2419 5037 2563 5093 sicut
2590 5038 2611 5072 ⁴
2641 5037 2914 5109 Angelum
2946 5053 3108 5110 quem
3139 5037 3246 5093 sibi
3276 5037 3430 5111 loqui
3459 5037 3612 5094 idem
3634 5040 3797 5096 Joan-

2190 5145 2288 5184 nes
2317 5128 2552 5200 aspexit,
2585 5127 2656 5184 ad
2684 5127 2957 5184 mamillas
2998 5143 3135 5183 zona
3175 5143 3342 5183 aurea
3367 5127 3622 5185 cinctum
3653 5129 3798 5185 vidit

2193 5217 2382 5290 (Apoc.
2413 5234 2453 5287 ι,
2490 5216 2602 5290 13),
2627 5216 2757 5291 quia
2783 5216 3050 5272 nimirum
3079 5233 3442 5291 supernorum
3471 5217 3694 5275 civium
3710 5235 3800 5292 pe-

2180 5449 2442 5514 tanquam
2465 5440 2670 5514 Filium
2701 5441 2801 5497 Dei
2831 5441 3142 5514 loquentem
3169 5440 3405 5514 inducit:
3438 5442 3557 5498 noli
3587 5443 3797 5510 timere;

2181 5531 2270 5585 ego
2298 5513 2417 5567 sum
2454 5513 2664 5584 primus
2699 5519 2746 5566 et
2777 5513 3131 5585 novissimus;
3159 5519 3207 5567 et
3237 5513 3390 5568 vivus
3437 5521 3485 5568 et
3521 5514 3611 5583 fui
3641 5533 3801 5570 mor—-

2185 5584 2326 5650 tuus,
2352 5585 2659 5658 etc.Apoc.
2686 5584 2834 5650 1,17,
2863 5585 2948 5640 18.
2980 5584 3053 5658 At
3095 5585 3358 5658 angelum
3381 5585 3555 5642 fuisse
3591 5586 3654 5641 in
3680 5603 3798 5658 per-

2183 5674 2316 5712 sona
2347 5655 2556 5713 Christi
2585 5656 2896 5728 loquentem
2919 5655 3151 5727 probant
3178 5655 3500 5727 superiora:
3535 5659 3606 5714 In
3625 5655 3801 5714 medio

2185 5735 2374 5856 septer‘r}
2399 5728 2837 5856 cantilealabrorum
2864 5743 3151 5782 aureorum
3177 5728 3402 5784 similem
3447 5729 3588 5785 Filio
3615 5730 3802 5785 homi-

2186 5818 2290 5856 nis.
2378 5816 2482 5856 ers.
2589 5843 2600 5856 .

2186 5818 2290 5856 τιιδ.
2335 5816 2365 5856 γ
2378 5816 2482 5856 ers.
2516 5816 2600 5856 ω.
