3936 6392
133 418 244 478 733

917 427 1294 491 MORALIUM
1334 432 1466 493 LIB.
1510 435 1774 499 XXXIV.
1812 468 1886 485 -—
1920 444 1995 502 IN
2031 444 2261 506 CAPUT
2298 449 2423 508 XLI
2461 452 2526 510 B.
2566 454 2710 512 JOB.

3361 467 3466 528 734

131 557 297 607 ctera
323 548 461 606 dum
490 552 692 623 pcenali
715 551 831 655 jam
860 571 1204 631 nequaquam
1254 560 1444 618 timori
1505 565 1749 640 subjecta
1780 575 1831 636 Α
1861 576 1945 627 tra
1964 580 2212 631 sanctam
2242 575 2548 634 Ecclesiam
2596 578 2809 652 fulgore
2833 580 3064 653 justitiae
3110 589 3459 662 resplendere

129 647 289 708 sunt,
322 648 487 713 atque
515 658 548 697 a
574 658 632 699 se
665 644 911 702 vicissim
943 647 1096 705 nulla
1125 650 1393 708 scissione
1422 656 1742 729 solvuntur,

130 746 204 785 ex
235 729 357 787 sola
386 747 443 787 se
470 731 747 791 charitate
784 738 1188 810 constringunt.
1234 743 1442 800 Zonam
1474 762 1605 802 vero
1635 764 1745 803 au-

131 837 288 878 ream
309 821 459 880 circa
488 824 761 882 mamillas
781 825 1002 897 habere,
1021 839 1102 887 est
1132 842 1363 892 cunctos
1382 838 1743 897 mutabilium

131 911 537 986 cogitationum
570 924 752 972 motus
783 935 879 991 per
906 922 1079 979 solius
1116 923 1231 997 jam
1280 930 1486 986 amoris
1521 931 1746 989 vincula

133 1003 487 1075 restringere.
522 1006 760 1064 Rursum
785 1011 906 1067 auri
927 1013 1171 1085 nomine,
1205 1017 1354 1075 nitor
1383 1021 1570 1093 gloria)
1590 1032 1745 1079 tem-

132 1093 344 1165 poralis
400 1095 750 1168 exprimitur,
781 1101 924 1158 sicut
953 1120 1049 1175 per
1101 1106 1427 1179 Prophetam
1489 1110 1739 1170 dicitur:

135 1185 304 1241 ϐαλέω
331 1203 528 1241 aureus
543 1188 785 1260 Babylon
807 1192 1021 1264 (Jerem.
1054 1213 1127 1264 ιι,
1169 1198 1245 1270 7).
1278 1200 1421 1267 Quid
1452 1203 1598 1257 enim
1631 1204 1745 1260 Ba-

130 1273 362 1347 bylonis
394 1278 640 1345 nomine,
666 1279 772 1335 nisi
794 1280 959 1355 hujus
983 1286 1173 1341 mundi
1197 1288 1372 1359 gloria
1393 1290 1745 1363 designatur?

131 1365 269 1433 Quae
300 1366 449 1423 calix
480 1383 679 1424 aureus
724 1369 950 1440 dicitur,
1004 1374 1133 1446 quia
1185 1376 1314 1434 dum
1358 1380 1594 1451 pulchra
1625 1398 1742 1438 esse

129 1456 461 1527 temporalia
490 1465 745 1529 ostentat,
795 1462 991 1517 stultas
1022 1474 1229 1521 mentes
1263 1471 1274 1503 ¹
1308 1468 1367 1524 in
1397 1487 1495 1526 sua
1543 1489 1744 1531 concu-

128 1544 408 1617 piscentia
436 1545 677 1617 debriat,
707 1556 770 1604 ut
801 1553 1046 1623 speciosa
1102 1559 1428 1629 temporalia
1458 1570 1741 1633 appetant,

128 1642 182 1691 et
204 1634 521 1692 invisibilia
553 1639 784 1709 pulchra
815 1650 1191 1701 contemnant.
1225 1646 1341 1704 Hoc
1373 1666 1542 1706 aureo
1574 1653 1743 1710 calice

129 1723 314 1797 prima
344 1735 538 1798 sponte
568 1744 665 1783 sua
694 1728 813 1783 Eva
841 1729 1087 1790 debriata
1115 1742 1214 1804 est,
1270 1737 1336 1794 de
1375 1755 1482 1812 qua
1511 1740 1745 1799 historia

129 1813 389 1871 veritatis
418 1815 576 1886 dicit,
610 1817 741 1891 quia
787 1836 914 1877 cum
955 1823 1189 1881 vetitum
1222 1827 1433 1899 lignum
1465 1832 1744 1905 concupi-

1855 660 2211 733 videbantur,
2231 674 2365 723 tunc
2391 667 2477 722 vel
2500 674 2841 726 terrenarum
2864 687 3046 729 rerum
3068 660 3461 751 concupiscen-

1855 750 1953 819 tia,
1991 754 2078 808 vel
2112 755 2351 811 errantis
2381 754 2650 814 doctrinae
2696 760 2969 832 contagio,
3012 765 3098 819 vel
3145 750 3458 825 carnalibus

1855 840 1964 896 sibi
1992 842 2373 915 voluptatibus
2406 846 2656 921 subjicit,
2702 864 2899 905 aurum
2929 850 3037 907 sibi
3066 856 3257 924 procul
3287 855 3458 914 dubio

1854 930 2011 1002 quasi
2042 930 2220 987 lutum
2251 935 2467 991 sternit.
2503 937 2717 993 Aurum
2748 938 2899 996 enim
2928 940 3084 1013 quasi
3109 943 3289 999 lutum
3309 953 3461 1002 ster-

1854 1034 2003 1087 nere,
2036 1029 2121 1076 est
2150 1021 2211 1077 in
2242 1022 2575 1095 quibusdam
2606 1024 2737 1083 vita:
2766 1028 3100 1086 munditiam
3146 1048 3241 1103 per
3264 1032 3461 1092 illicita

1854 1108 2132 1166 desideria
2162 1114 2512 1183 conculcare,
2545 1124 2606 1172 ut
2636 1117 2878 1174 hietiam
2908 1120 3146 1176 sordidis
3161 1121 3277 1193 ejus
3299 1124 3463 1181 vesti-

1854 1198 1960 1270 giis
1988 1201 2261 1271 serviant,
2285 1203 2379 1276 qui
2402 1215 2594 1262 contra
2615 1206 2773 1262 illum
2795 1208 2951 1279 prius
2980 1211 3253 1267 virtutum
3282 1214 3461 1285 splen-

1853 1287 1985 1344 dore
2007 1290 2325 1348 rutilabant.
2351 1296 2626 1368 Antiquus
2643 1297 2825 1371 itaque
2847 1298 3022 1356 hostis
3038 1300 3163 1358 aliis
3210 1311 3345 1359 tunc
3360 1303 3460 1360 sub

1853 1380 2036 1450 specie
2066 1381 2380 1438 sanctitatis
2409 1384 2617 1455 illudit,
2649 1387 2786 1443 alios
2816 1396 2998 1444 autem
3026 1406 3123 1462 per
3150 1390 3295 1449 foeda
3326 1392 3464 1448 vitia

1854 1468 1983 1524 vita
2013 1471 2251 1526 carnalis
2282 1472 2587 1546 intercipit.
2632 1474 2738 1530 Sed
2780 1483 2913 1534 tunc
2961 1494 3056 1549 per
3109 1477 3227 1536 haec
3275 1487 3460 1553 aperte

1854 1561 2209 1631 grassabitur,
2248 1580 2396 1620 nunc
2426 1572 2612 1621 autem
2635 1566 2938 1624 multorum
2969 1568 3229 1626 cordibus
3243 1573 3458 1629 occulte

1854 1651 2191 1724 dominatur,
2214 1656 2360 1714 sicut
2389 1659 2595 1715 Paulus
2622 1662 2921 1733 Apostolus
2942 1661 3079 1720 dicit
3113 1682 3123 1719 :
3165 1665 3228 1722 Ut
3254 1667 3462 1723 revele—

1855 1747 1943 1796 tur
1962 1743 2015 1797 in
2052 1762 2147 1800 suo
2169 1752 2432 1818 tempore,
2462 1765 2590 1803 nam
2620 1752 2928 1821 ili-ysterium
2936 1751 3054 1820 jam
3083 1760 3336 1823 operatur
3354 1756 3456 1812 ini-

1852 1830 2073 1901 quitatis
2096 1832 2184 1905 (II
2191 1835 2366 1891 Thess.
2392 1835 2573 1908 11,6,7)
2589 1836 2790 1894 .Toties
2821 1839 2989 1911 igitur
3004 1840 3167 1895 etiam
3191 1857 3338 1898 nunc
3353 1859 3462 1899 au-

126 1912 331 1974 sceret,
362 1904 507 1962 vidit
536 1909 682 1982 quod
712 1920 852 1967 esset
888 1912 1181 1983 pulchrum
1215 1918 1359 1988 visu,
1408 1904 1743 1997 aspectuque
1772 1941 1820 2003 B
1857 1934 1980 1975 rum
2003 1919 2111 1977 sibi
2128 1922 2284 1994 quasi
2307 1923 2487 1979 lutum
2511 1904 2757 1997 subiicit,
2775 1904 3307 2001 qubtiescastitatem
3327 1930 3458 1988 ﬁde—

128 1997 459 2057 delectabile
488 2007 541 2056 et
575 2002 817 2059 comedit
850 2004 1061 2076 (Genes.
1115 2024 1198 2077 ιιι,
1230 2009 1309 2081 6).
1362 2012 1583 2070 Aureus
1614 2032 1743 2087 ergo

128 2088 387 2164 Babylon
416 2091 564 2147 calix
594 2102 696 2162 est,
729 2094 859 2167 quia
888 2094 1021 2153 dum
1051 2096 1235 2155 visum
1263 2102 1559 2161 exterioris
1609 2106 1744 2178 pul-

128 2178 472 2237 chritudinis
515 2182 776 2251 ostendit,
811 2201 1031 2242 sensum
1099 2188 1330 2247 internae
1387 2194 1742 2253 rectitudinis

126 2269 433 2328 subtrahit.
468 2273 703 2330 Rursum
736 2275 856 2332 auri
887 2277 1111 2335 nomine
1142 2281 1402 2352 splendor
1430 2285 1743 2344 sanctitatis

127 2361 424 2435 accipitur,
457 2362 598 2421 sicut
620 2363 909 2423 Iudaicum
941 2368 1207 2442 populum
1250 2388 1280 2427 a
1322 2373 1617 2445 splendore
1640 2375 1744 2449 ju—

128 2460 301 2518 stitiaa
351 2461 420 2518 ad
448 2463 709 2537 nequitiae
740 2467 992 2524 tenebras
1032 2481 1434 2530 commutatum
1481 2476 1744 2533 Jeremias

126 2551 383 2623 deplorat
426 2551 619 2610 dicens
663 2572 674 2610 :
712 2556 982 2624 Quomodo
1016 2559 1352 2617 obscuratum
1408 2571 1483 2619 est
1522 2582 1741 2635 aurum,

125 2648 369 2698 mutatus
398 2649 472 2698 est
500 2645 647 2700 color
675 2646 902 2716 optimus
927 2648 1255 2720 (Thren.1v,
1290 2652 1343 2723 1)
1364 2653 1391 2709 ?
1416 2654 1572 2712 Sicut
1594 2656 1742 2712 enim

122 2732 146 2767 ³
174 2732 431 2803 superius
459 2731 726 2800 diximds,
759 2750 957 2792 aurum
988 2737 1338 2809 obscuratur,
1374 2759 1502 2799 cum
1535 2745 1744 2801 subse-

124 2822 430 2895 quentibus
462 2821 820 2895 iniquitatum
836 2826 1098 2896 tenebris,
1120 2827 1355 2899 justitiae
1378 2834 1742 2905 pulchritudo

122 2910 423 2969 deseritur.
457 2912 621 2970 Color
649 2916 892 2987 optimus
922 2927 1190 2992 mutatur,
1220 2941 1348 2981 cum
1378 2926 1741 2998 splendorin-

125 3002 410 3060 nocentiae
441 3002 501 3059 in
530 3004 835 3062 fceditatem
867 3009 1105 3066 vertitur
1134 3013 1328 3087 culpae.

203 3117 346 3193 [Vet.
379 3119 508 3195 IX.]
564 3121 656 3179 27.
691 3123 832 3190 Quid
884 3126 1074 3182 lutum.
1107 3159 1178 3170 -
1205 3129 1333 3187 Luti
1382 3148 1601 3206 quoque
1629 3153 1741 3192 no-

123 3211 303 3277 mine,
334 3210 392 3265 in
426 3227 580 3267 sacro
609 3213 829 3285 eloquio
858 3216 1156 3288 aliquando
1179 3228 1518 3280 terrenarum
1553 3242 1737 3282 rerum

1859 2009 1998 2065 lium
2030 2026 2126 2083 per
2154 2010 2337 2068 carnis
2380 2013 2520 2070 vitia
2560 2016 2778 2075 sternit.
2831 2017 3014 2074 Toties
3062 2034 3258 2077 aurum
3309 2021 3460 2078 velut

1855 2097 2037 2155 lutum
2068 2100 2263 2169 calcat,
2295 2104 2513 2175 quoties
2538 2121 2762 2163 sensum
2788 2107 3192 2167 continentium
3224 2126 3320 2184 per
3348 2110 3458 2167 im-

1853 2188 2062 2245 munda
2082 2190 2356 2247 desideria
2386 2192 2642 2267 dissipat.
2666 2196 2825 2265 Quod
2844 2205 2977 2256 tunc
2996 2204 3149 2256 tanto
3165 2199 3458 2257 vehemen-

1852 2277 1965 2333 tius
1993 2279 2225 2352 peragit,
2260 2289 2494 2355 quanto,
2527 2302 2639 2342 suae
2669 2286 2894 2359 perdius
2928 2287 3171 2347 libertati
3200 2290 3460 2348 commis-

1852 2384 1965 2439 sus,
1999 2369 2106 2427 hoc
2133 2373 2284 2445 quod
2314 2376 2547 2449 appetit,
2585 2380 2606 2414 ι
2636 2379 2953 2439 effrenatius
2982 2390 3277 2455 perpetrat.

1925 2516 2013 2574 29.
2050 2518 2153 2587 Qui
2181 2520 2393 2577 diabolo
2430 2524 2864 2596 substernuntur,
2896 2528 2993 2583 etsi
3028 2544 3225 2585 aurum
3250 2530 3461 2587 videan-

1855 2613 1965 2675 tur,
2002 2609 2168 2664 lutum
2219 2618 2361 2668 sunt.
2398 2644 2462 2654 —
2494 2615 2567 2669 Et
2596 2614 2826 2672 fortasse
2879 2618 3193 2691 quempiam
3240 2627 3461 2677 moveat

1855 2710 1959 2749 cur
1977 2695 2293 2755 misericors
2312 2701 2461 2757 Deus
2492 2701 2613 2759 ﬁeri
2636 2704 2742 2761 ista
2763 2705 3133 2778 permittat,ut
3152 2706 3458 2763 Leviathan

1853 2782 1955 2838 iste
1989 2801 2086 2840 seu
2114 2803 2265 2845 nunc
2315 2806 2413 2861 per
2444 2793 2823 2865 suggestiones
2850 2793 3098 2864 callidas,
3163 2795 3281 2851 sive
3323 2803 3459 2853 tunc

1853 2888 1949 2944 per
2003 2873 2328 2932 damnatum
2373 2879 2533 2934 illum
2583 2896 2746 2953 quem
2802 2883 2975 2954 replet
3032 2882 3337 2953 hominem,
3368 2886 3456 2942 vel

1851 2962 1984 3018 solis
2030 2964 2234 3034 radios,
2282 2965 2340 3022 id
2390 2977 2472 3025 est
2537 2969 2728 3027 doctos
2776 2987 3020 3044 quosque
3077 2973 3457 3048 sapientesque

1850 3053 2129 3126 subjiciat,
2161 3058 2250 3112 vel
2282 3074 2505 3127 aurum,
2540 3058 2646 3116 hoc
2674 3068 2756 3116 est
2777 3060 2926 3116 viros
2953 3062 3261 3119 sanctitatis
3280 3064 3455 3119 clari-

1850 3150 1960 3199 tate
1994 3143 2291 3217 fulgentes,
2324 3148 2481 3221 quasi
2512 3148 2691 3205 lutum
2722 3151 2829 3207 sibi
2859 3151 3012 3207 vitiis
3040 3151 3455 3225 coinquinando

1848 3231 2180 3290 substernat.
2241 3236 2350 3291 Sed
2409 3237 2577 3294 citius
2632 3239 3028 3311 respondemus
3080 3241 3209 3313 quia
3257 3257 3455 3300 aurum

122 3299 535 3371 multiplicitas,
593 3301 892 3375 aliquando
946 3306 1231 3364 sordidum
1281 3313 1495 3384 sapiens
1552 3315 1745 3388 iniqua
1771 3310 1815 3371 C
1845 3321 1994 3393 quod
2024 3324 2207 3394 pravis
2236 3324 2353 3396 ejus
2386 3299 2839 3398 persuasionibus
2868 3330 3024 3403 quasi
3056 3299 3235 3386 ldtum
3282 3332 3455 3388 sterni

122 3387 405 3456 doctrina,
438 3390 774 3463 3aliquando
796 3391 1057 3451 desiderii
1089 3400 1329 3456 carnalis
1359 3402 1617 3459 illecebra
1646 3387 1735 3460 de.

120 3477 395 3548 signatur.
426 3478 527 3533 Per
556 3480 734 3536 lutum
773 3482 981 3556 quippe
1009 3491 1355 3545 terrenarum
1386 3506 1570 3548 rerum
1594 3497 1738 3551 mul-

122 3564 394 3636 tiplicitas
413 3567 857 3640 ﬁguratur,sicut
893 3586 989 3642 per
1009 3573 1266 3633 Habacuc
1292 3578 1616 3649 prophetam
1642 3582 1740 3638 di-

121 3655 273 3712 citur
306 3675 318 3712 :
361 3658 446 3715 νω
471 3660 518 3714 ei
545 3659 638 3730 qui
668 3659 991 3730 multiplicat
1018 3680 1124 3718 non
1169 3668 1305 3722 sua!
1337 3685 1605 3742 usquequo
1634 3691 1739 3744 ag—

121 3754 319 3818 gravat
336 3756 520 3807 contra
547 3765 600 3805 se
624 3754 814 3815 1129
842 3756 1057 3811 densum
1088 3757 1256 3813 lutum
1288 3758 1510 3830 (Habac.
1544 3777 1605 3830 ιι,
1628 3763 1686 3835 6)
1709 3765 1738 3820 ‘P

124 3846 312 3901 Denso
331 3847 479 3904 enim
501 3865 558 3905 se
578 3850 697 3909 luto
726 3862 1007 3926 aggravat,
1044 3856 1139 3930 qui
1174 3873 1272 3928 per
1296 3859 1585 3915 avaritiam
1616 3869 1739 3917 ter-

124 3951 261 3991 rena
287 3939 683 4012 multiplicans,
716 3947 925 4015 peccati
954 3947 1040 4002 sui
1070 3963 1127 4003 se
1163 3950 1521 4020 oppressione
1558 3967 1737 4007 coan-

126 4032 329 4098 gustat.
363 4027 603 4086 Rursum
633 4033 736 4089 luti
785 4036 1011 4091 nomine
1039 4035 1293 4092 doctrina
1322 4037 1607 4096 sordidum
1639 4055 1737 4095 sa-

125 4116 285 4186 piens
335 4118 675 4192 designatur,
732 4123 877 4182 sicut
933 4141 1028 4198 per
1092 4126 1350 4183 eumdem
1408 4129 1733 4200 prophetam

125 4209 367 4265 Domino
395 4210 601 4268 dicitur
632 4231 645 4269 :
688 4215 838 4272 Viam
878 4214 1049 4286 fecisti
1074 4217 1133 4271 in
1160 4217 1305 4272 mari
1331 4218 1478 4288 equis
1509 4219 1637 4287 tuis,
1678 4219 1735 4274 in

128 4297 242 4353 luto
268 4315 533 4370 aquarum
559 4303 852 4359 multarum
886 4305 1109 4377 (Habac.
1145 4322 1231 4375 ιιι,
1274 4308 1388 4379 15).
1422 4308 1505 4364 Ac
1525 4307 1734 4366 sidice-

125 4393 249 4443 ret:
284 4389 562 4460 Aperuisti
584 4391 689 4448 iter
716 4394 1168 4466 praedicatoribus
1196 4395 1308 4451 tuis
1340 4396 1484 4452 inter
1518 4396 1736 4453 doctri—

127 4492 229 4532 nas
256 4476 424 4551 hujus
453 4482 641 4537 szeculi
672 4482 895 4540 sordida
945 4492 1002 4540 et
1039 4494 1261 4542 terrena
1308 4486 1600 4558 sapientes.
1634 4487 1736 4543 Per

126 4566 309 4622 lutum
340 4585 555 4642 quoque
586 4570 923 4629 desiderium
953 4573 1194 4631 sordidae
1226 4576 1532 4647 voluptatis
1552 4577 1734 4649 expri-

1845 3412 2108 3481 potuerit,
2137 3428 2334 3469 aurum
2372 3423 2501 3472 ante
2532 3418 2631 3473 Dei
2662 3418 2853 3474 oculos
2901 3434 3187 3494 nunquam
3214 3419 3323 3475 fuit
3354 3420 3456 3493 (De

1839 3500 2051 3572 paruit,
2073 3501 2197 3559 dist.
2224 3503 2275 3572 2,
2299 3522 2343 3561 c.
2373 3506 2594 3579 Citius).
2617 3506 2722 3575 Qui
2744 3508 2893 3564 enim
2915 3508 3105 3566 seduci
3125 3509 3454 3585 quandoque

1846 3608 1957 3647 non
2006 3595 2281 3651 reversuri
2316 3604 2571 3668 possunt,
2603 3598 2762 3670 quasi
2811 3597 3058 3656 habitam
3102 3602 3452 3659 sanctitatem

1845 3684 2037 3739 oculos
2064 3683 2358 3742 hominum
2412 3688 2677 3745 videntur
2727 3688 3017 3757 amittere;
3051 3690 3147 3745 sed
3175 3706 3294 3747 eam
3326 3699 3453 3750 ante

1846 3773 2037 3828 oculos
2092 3776 2191 3830 Dei
2250 3792 2537 3851 nunquam
2595 3776 2928 3834 habuerunt.
2994 3778 3144 3849 Saepe
3215 3795 3451 3853 namque

1845 3859 2015 3918 homo
2046 3864 2239 3921 multis
2267 3868 2485 3923 occulte
2514 3868 2752 3939 peccatis
2809 3867 3137 3937 involvitur,
3169 3876 3223 3924 et
3251 3868 3310 3925 in
3342 3884 3453 3925 una

1844 3952 2030 4026 aliqua
2075 3956 2282 4012 virtute
2320 3974 2554 4030 magnus
2600 3958 2842 4014 videtur.
2892 3958 3025 4025 Quae
3068 3958 3186 4030 ipsa
3232 3974 3451 4032 quoque

1845 4042 2022 4099 virtus
2052 4044 2372 4101 inanescens
2400 4045 2608 4113 deﬁcit,
2639 4047 2771 4119 quia
2789 4046 2922 4102 dum
2943 4046 3241 4104 innotescit
3270 4047 3449 4103 homi-

1842 4131 2027 4201 nibus,
2058 4133 2250 4205 procul
2278 4134 2450 4192 dubio
2481 4134 2758 4204 laudatur,
2778 4133 3007 4208 ejusque
3029 4136 3149 4191 laus
3170 4135 3452 4193 inhianter

1842 4221 2136 4294 appetitur.
2173 4223 2328 4280 Unde
2358 4224 2421 4280 ﬁt
2453 4231 2515 4280 ut
2543 4233 2596 4282 et
2624 4224 2745 4299 ipsa
2774 4224 2951 4281 virtus
2985 4233 3113 4282 ante
3142 4226 3243 4283 Dei
3262 4226 3453 4284 oculos

1844 4311 2025 4367 virtus
2070 4328 2183 4367 non
2232 4312 2324 4382 sit,
2357 4312 2491 4370 dum
2520 4313 2813 4371 abscondit
2842 4314 2990 4386 quod
3019 4314 3296 4389 displicet,
3328 4332 3452 4388 pro-

1843 4400 1927 4456 dit
1955 4401 2103 4474 quod
2133 4402 2329 4474 placet.
2365 4404 2497 4472 Quae
2527 4404 2713 4477 itaque
2736 4420 2854 4460 esse
2876 4404 3075 4461 merita
3102 4404 3248 4477 apud
3276 4406 3453 4462 Deum

1841 4499 2092 4562 possunt,
2121 4491 2341 4564 quando
2371 4500 2425 4549 et
2454 4494 2599 4550 mala
2641 4494 2860 4551 occulta
2887 4500 3037 4563 sunt,
3066 4502 3120 4550 et
3163 4494 3310 4550 bona
3338 4511 3452 4567 pu-

1842 4578 2034 4637 blica?
2064 4581 2398 4655 Plerumque
2427 4582 2598 4652 enim,
2630 4584 2776 4641 sicut
2805 4582 3074 4652 diximus,
3107 4584 3240 4639 latet
3266 4600 3453 4656 super-

126 4655 320 4725 mitur,
375 4657 519 4715 sicut
547 4660 835 4717 Psalmista
866 4661 1165 4735 deprecans
1219 4665 1298 4720 ait
1327 4682 1338 4719 :
1364 4666 1533 4737 Eripe
1561 4684 1640 4722 me
1677 4667 1739 4723 de
1767 4668 1817 4729 D
1844 4668 1959 4739 bia,
1990 4677 2043 4725 et
2075 4671 2300 4727 castitas
2357 4672 2686 4743 innotescit;
2719 4680 2883 4746 atque
2924 4672 3048 4729 ideo
3090 4681 3308 4730 ostensa
3337 4655 3453 4731 diu

129 4746 280 4815 luto,
335 4753 396 4802 ut
444 4766 551 4804 non
591 4751 878 4807 inhwream
929 4751 1103 4822 (Psal.
1164 4769 1362 4823 LXVIII,
1425 4756 1538 4829 15).
1590 4757 1731 4813 Luto

128 4836 332 4910 quippe
394 4838 686 4910 inhaerere,
745 4849 827 4898 est
881 4840 1122 4898 sordidis
1152 4842 1443 4901 desideriis
1471 4847 1735 4919 concupi-

127 4925 353 4982 scentiae
382 4930 622 4985 carnalis
652 4930 961 5003 inquinari.

203 5038 293 5095 28.
316 5040 580 5111 Antiquus
599 5042 762 5097 hostis
773 5043 900 5098 aliis
916 5043 1011 5097 sub
1030 5043 1195 5115 specie
1208 5043 1503 5099 sanctitatis
1523 5045 1728 5114 illudit,

126 5127 269 5185 alios
288 5145 387 5200 per
413 5129 555 5201 [teda
585 5132 719 5187 vitia
740 5132 955 5189 inescat.
981 5163 1052 5173 —
1080 5132 1195 5188 Hoc
1224 5148 1353 5204 ergo
1386 5133 1506 5189 loco
1530 5151 1728 5192 aurum

128 5218 352 5276 claritas
377 5221 685 5278 sanctitatis
706 5221 995 5295 accipitur,
1027 5222 1207 5279 lutum
1226 5239 1357 5278 vero
1379 5224 1466 5279 vel
1488 5231 1729 5281 terrena-

129 5325 255 5365 rum
285 5325 468 5366 rerum
490 5311 804 5379 avaritiam,
826 5312 913 5367 vel
937 5328 1231 5384 pravarum
1255 5312 1511 5385 contagia
1525 5313 1730 5370 doctri-

1841 4760 2063 4816 castitas
2094 4761 2242 4817 circa
2268 4760 2397 4818 vitae
2418 4760 2586 4817 ﬁnem
2613 4762 2885 4835 perditur,
2916 4762 3047 4835 quia
3064 4771 3322 4835 cooperta
3361 4779 3451 4818 su-

1840 4849 2030 4921 perbia
2056 4865 2229 4923 usque
2278 4849 2349 4906 ad
2398 4849 2568 4907 ﬁnem
2617 4852 2926 4909 iucorrecta
2970 4852 3258 4909 retinetur.
3292 4852 3453 4909 Alius

1845 4945 2036 5003 1130
2090 4941 2455 5015 eleemosynis
2485 4949 2665 5011 vacat,
2718 4941 2942 5014 propria
2995 4939 3321 5007 distribuit;
3356 4939 3451 4997 sed

1840 5046 2022 5095 tamen
2054 5041 2253 5099 multis
2282 5041 2579 5115 injustitiis
2604 5041 2797 5110 servit,
2828 5041 2917 5096 vel
2948 5040 3180 5097 fortasse
3201 5038 3451 5137 linguam

1840 5129 1899 5186 in
1927 5131 2367 5188 detractionibus
2398 5134 2419 5168 ⁵
2455 5139 2695 5189 exercet.
2744 5132 2817 5186 Et
2863 5130 2927 5186 ﬁt
2954 5130 3277 5201 plerumque
3306 5134 3368 5183 ut
3405 5129 3451 5184 is

1840 5220 1936 5293 qui
1954 5221 2271 5277 misericors
2286 5222 2468 5279 fuerat
2482 5228 2649 5294 juxta
2670 5220 2799 5278 vitae
2820 5236 2931 5276 suae
2950 5217 3251 5274 terminum
3284 5234 3451 5291 rapa-

1841 5309 2022 5365 citatis
2037 5316 2090 5364 et
2111 5307 2456 5366 crudelitatis
2476 5309 2720 5366 stimulis
2738 5307 3070 5364 inardescat.
3106 5304 3267 5374 Quod
3287 5307 3450 5364 valde

127 5415 348 5467 narum,
378 5400 466 5455 vel
497 5400 686 5456 sordes
713 5401 1019 5458 carnalium
1053 5403 1405 5475 voluptatum
1438 5403 1519 5459 nil
1551 5402 1733 5460 obstat
1836 5397 1988 5472 justo
2001 5398 2215 5471 judicio
2231 5398 2439 5470 agitur,
2462 5409 2531 5456 .ut
2562 5407 2617 5455 et
2646 5398 2840 5470 perdat
2858 5392 2987 5453 ante
3020 5394 3275 5453 homines
3302 5397 3451 5455 unde

126 5486 387 5561 intelligi.
418 5488 562 5557 Quia
588 5489 738 5545 enim
775 5490 980 5546 multos
1007 5491 1315 5547 Leviathan
1347 5491 1476 5558 iste,
1508 5492 1604 5565 qui
1629 5492 1727 5548 in-

209 5688 228 5725 ¹
249 5688 486 5773 .Turon”
518 5687 729 5758 Germ.,
763 5686 1027 5758 Viudoc.,
1059 5690 1183 5748 Val.
1244 5691 1352 5760 CL,
1386 5691 1445 5747 in
1482 5691 1571 5749 sui
1594 5709 1735 5748 con-

135 5767 911 5905 wmtghutntsagih.
936 5848 1037 5899 xx,
1057 5850 1115 5890 ιι.
1140 5834 1226 5903 76;
1251 5835 1540 5905 lib.xxvn,
1562 5853 1619 5892 n.
1644 5837 1732 5893 71.

206 5906 230 5942 ³
258 5904 470 5964 Gemet.
498 5910 554 5961 et
581 5902 745 5965 Corb.
769 5902 982 5975 Germ.,
1000 5905 1295 5981 aliquando
1323 5914 1499 5967 autem
1525 5902 1737 5968 deside-

1843 5488 2167 5548 hominibus
2207 5489 2434 5562 placuit,
2490 5489 2586 5563 qui
2633 5488 2738 5546 hoc
2788 5487 2936 5545 unde
2980 5489 3094 5544 Deo
3135 5484 3446 5559 displicuit,

1844 5691 1990 5751 rium
2015 5689 2252 5747 carnalis
2281 5689 2555 5747 illecebris.

1919 5766 1941 5844 ξ
1964 5764 2246 5844 gussanv.
2266 5770 2333 5844 _et
2361 5761 2618 5844 nnonnull'.
2650 5760 2740 5844 al.‘
2753 5760 2886 5844 E91,
2917 5761 3227 5844 επνωιρειιδ,

1918 5838 1940 5871 ⁵
1964 5836 2226 5906 Vindoc.,
2248 5834 2359 5894 duo
2375 5832 3051 5905 Germ.,Laud.,Ebr0ic.,
3070 5833 3441 5899 Gemet.,etc.,

1845 5908 2037 5967 exerit.
