3936 6388
473 455 579 516 735

472 672 567 729 sed
596 671 729 726 dum
759 668 1007 724 invidere
1035 668 1178 736 aliis,
1200 676 1255 723 et
1283 681 1500 722 servare
1529 663 1586 718 in
1609 659 1773 717 corde
1799 657 2069 714 malitiam

475 778 586 818 non
610 768 785 827 cavet,
819 759 881 814 ﬁt
909 758 1236 832 quandoque
1267 755 1584 828 impatiens,
1616 751 1712 824 qui
1755 749 1853 804 diu
1905 746 2074 804 latuit

475 851 688 907 dolens.
725 851 741 883 ί
765 848 833 903 Hi
858 848 1046 920 itaque
1080 853 1133 903 et
1163 863 1257 918 per
1270 842 1483 916 aliquid
1504 857 1700 897 aurum
1731 847 1880 906 sunt,
1912 845 1965 893 et
1982 852 2078 909 per

475 937 690 1012 aliquid
721 939 900 994 lutum
928 946 1076 994 sunt.
1126 937 1305 1007 Atque
1336 933 1444 989 hoc
1484 947 1680 986 aurum
1711 929 1868 1002 quasi
1897 929 2077 983 lutum

476 1027 761 1094 sternitur,
823 1025 1042 1098 quando
1113 1023 1347 1080 occultis
1404 1020 1643 1094 peccatis
1706 1015 2078 1088 exigentibus,

474 1115 640 1170 etiam
671 1113 850 1169 virtus
889 1129 1014 1185 quae
1047 1111 1266 1183 publice
1294 1109 1567 1166 claruerat
1613 1106 1930 1178 dissipatur.
1975 1101 2081 1158 Sed

475 1219 654 1276 operai
693 1201 930 1274 pretium
960 1201 1240 1258 credimus
1269 1201 1316 1255 si
1349 1199 1406 1252 in
1437 1196 1524 1253 his
1560 1197 1822 1253 virtutem
1857 1191 2079 1264 superni

477 1291 689 1349 ordinis
707 1291 968 1348 subtilius
1001 1288 1425 1363 perpendamus.

549 1487 686 1562 [Vet.
721 1486 816 1562 X.]
847 1487 934 1543 30.
969 1487 1110 1542 Deus
1138 1487 1340 1540 occulta
1370 1481 1722 1555 quorumdam
1772 1481 1918 1536 mala
1949 1480 2086 1534 tole-

475 1584 584 1646 rat,
614 1583 806 1648 utquw
831 1577 888 1630 in
915 1581 1096 1647 aperto
1126 1574 1332 1645 faciunt
1359 1573 1514 1639 bona,
1537 1569 1706 1624 electis
1733 1567 1966 1638 prosint.
1998 1597 2070 1609 —

477 1667 630 1739 Saepe
675 1667 822 1722 enim
877 1665 1224 1736 omnipotens
1270 1665 1417 1718 Deus
1462 1660 1679 1716 occulta
1715 1655 2084 1730 quorumdam

477 1756 621 1810 mala
644 1755 862 1820 tolerat,
896 1760 957 1808 ut
983 1760 1169 1823 aperta
1210 1766 1400 1804 eorum
1431 1747 1576 1802 bona
1602 1748 1905 1801 electorum
1936 1760 2079 1799 suo-

477 1859 602 1899 rum
625 1841 816 1897 usibus
833 1840 1119 1912 profutura
1144 1839 1440 1909 dispenset.
1466 1837 1602 1892 Nam
1635 1834 1892 1890 nonnul'i
1917 1850 2078 1888 mun-

1671 441 1922 502 SANCTI
1959 439 2297 499 GREGORII
2333 441 2560 502 MAGNI

470 583 743 654 corrigere
770 595 1054 654 nunquam
1081 578 1316 637 curavit.
1350 576 1510 632 Alius
1538 571 1815 646 patientiae
1843 567 2026 624 studet
2053 584 2067 632 ;
2095 572 2148 632 Α

3707 443 3819 501 736

2581 569 2810 628 CAPUT
2843 569 2973 627 XVI
3004 567 3148 644 [Rea
3189 567 3364 644 xm.

2255 659 2425 716 Vens.
2455 661 2544 716 22.
2599 691 2671 702 -
2727 660 3030 716 Fervescere
3064 657 3224 732 faciet
3250 677 3407 732 quasi
3445 661 3618 717 ollam
3652 676 3816 734 pro-

2185 750 2419 821 fundum
2438 770 2606 807 mare.

2257 843 2344 898 3i.
2379 843 2444 898 In
2476 843 2662 898 ultima
2687 843 3042 914 persecutione
3070 843 3156 897 ira
3183 842 3544 914 reproborum
3585 842 3827 898 ebulliet

2188 931 2247 986 in
2279 932 2514 987 Sanctos.
2547 963 2618 973 —
2651 931 2796 998 Quid
2827 947 2923 1004 per
2953 947 3101 986 mare
3141 931 3250 986 nisi
3281 931 3398 988 vita
3424 930 3822 999 saecularium,

2191 1021 2324 1093 quid
2356 1037 2450 1092 per
2485 1021 2842 1092 profundum,
2875 1020 2982 1076 nisi
3013 1021 3138 1076 altae
3168 1029 3222 1075 et
3251 1019 3453 1075 abditze
3487 1037 3689 1076 eorum
3714 1037 3831 1076 co-

2193 1110 2496 1182 gitationes
2518 1111 2947 1183 exprimuntur?
2966 1109 3124 1178 Quod
3153 1109 3496 1181 profundum
3529 1125 3692 1165 mare
3725 1110 3829 1164 Le-

2191 1200 2422 1254 viathan
2474 1200 2575 1256 iste
2621 1201 2774 1273 quasi
2805 1201 2974 1255 ollam
3007 1199 3140 1255 facit
3172 1198 3506 1266 fervescere,
3543 1199 3682 1270 quia
3724 1199 3832 1254 ni-

2192 1290 2398 1344 mirum
2442 1297 2678 1358 constat,
2732 1288 2881 1361 quod
2928 1287 3330 1360 persecutionis
3381 1295 3650 1343 extremae
3684 1296 3830 1343 tem-

2193 1394 2323 1450 pore
2348 1386 2544 1434 contra
2571 1379 2880 1434 electorum
2913 1379 3084 1434 vitam
3136 1377 3354 1434 studeat
3384 1377 3604 1432 animos
3634 1393 3832 1448 repro-

2192 1469 2391 1524 borum
2427 1473 2609 1530 1131
2676 1485 2772 1540 per
2819 1467 3095 1523 ﬂammam
3144 1465 3490 1523 crudelitatis
3545 1467 3830 1523 excitare.

2195 1568 2350 1623 Tunc
2380 1565 2722 1639 profundum
2756 1581 2904 1620 mare
2939 1564 3098 1638 quasi
3151 1564 3264 1620 olla
3320 1564 3608 1632 fervescit,
3637 1565 3660 1598 ⁵
3694 1580 3832 1620 cum

2195 1655 2361 1713 corda
2389 1655 2716 1712 dilectorum
2753 1654 2943 1710 saeculi
2975 1653 3168 1709 valido
3205 1653 3401 1710 ardore
3433 1651 3753 1720 succendit,
3777 1661 3835 1707 et

2196 1761 2318 1819 quae
2348 1743 2453 1799 hoc
2479 1744 2628 1816 pacis
2669 1751 2918 1816 tempore
2955 1743 3100 1798 intra
3127 1759 3283 1799 suam
3327 1741 3600 1798 malitiam
3636 1741 3838 1797 clausa

2198 1835 2500 1902 latuerunt,
2523 1843 2659 1890 tunc
2680 1833 2738 1888 in
2755 1841 2949 1888 zestum
2970 1832 3042 1888 im
3056 1833 3393 1888 manissimm
3415 1830 3838 1903 persecutionis

482 1930 618 1987 dum
645 1944 987 2002 nequaquam
1018 1926 1268 1983 funditus
1297 1926 1626 1991 deserentes,
1661 1939 1774 1979 non
1820 1938 2087 1994 perseve-
2120 1932 2167 1992 Β
2199 1927 2506 1995 ebullium,
2537 1943 2600 1982 ac
2633 1943 2726 1998 per
2757 1926 3045 1998 abruptam
3092 1926 3444 1982 crudelitatis
3491 1932 3699 1997 aperta;
3750 1925 3837 1980 li—

481 2019 652 2076 raturi
675 2028 967 2092 angustum
998 2018 1102 2073 iter
1139 2017 1437 2087 arripiunt,
1472 2013 1567 2070 sed
1618 2013 1686 2069 ad
1738 2011 2087 2086 quaerendam

481 2117 766 2183 angustam
797 2109 944 2164 viam
979 2108 1233 2178 exemplo
1278 2121 1378 2160 suo
1408 2105 1489 2160 ios
1537 2103 1635 2176 qui
1689 2099 2087 2174 perseveraturi

481 2207 611 2256 sunt
629 2197 952 2254 accendunt.
982 2195 1134 2253 Unde
1163 2195 1484 2268 plerumque
1515 2192 1788 2263 contingit
1819 2198 1877 2246 ut
1910 2190 2087 2262 ipsum

481 2286 590 2343 hoc
617 2285 764 2360 quod
792 2285 930 2341 bene
961 2285 1221 2340 videntur
1251 2284 1459 2352 vivere,
1499 2299 1608 2338 non
1658 2281 1785 2349 sibi,
1817 2279 1912 2336 sed
1959 2279 2088 2334 solis

484 2375 668 2448 potius
696 2375 884 2431 electis
913 2375 1126 2441 vivant,
1157 2373 1290 2428 dum
1319 2373 1588 2441 exemplis
1635 2370 1749 2426 suis
1803 2371 1823 2404 ²
1852 2369 1921 2424 ad
1951 2368 2087 2424 bene

483 2464 710 2521 vivendi
739 2463 924 2519 studia
971 2471 1414 2535 perseveraturos
1445 2461 1583 2516 alios
1626 2476 1734 2515 non
1766 2474 2087 2530 persevera-

482 2556 594 2612 turi
625 2561 949 2628 provocant.
984 2554 1136 2624 Saepe
1184 2553 1331 2608 enim
1363 2550 1626 2625 quosdam
1658 2548 1911 2604 videmus
1939 2547 2086 2602 viam

485 2644 722 2718 ingredi,
761 2643 832 2700 ad
889 2644 1073 2699 locum
1109 2641 1450 2714 pr0positum
1497 2639 1776 2708 festinare,
1809 2654 1944 2711 quos
1992 2637 2089 2692 alii

483 2734 614 2807 quia
641 2741 832 2789 euntes
850 2732 1199 2805 conspiciunt
1226 2738 1534 2802 sequuntur
1565 2747 1579 2794 ;
1613 2728 1977 2800 eumdemque
2011 2727 2088 2782 lo-

483 2839 609 2880 cum
638 2823 841 2896 pariter
868 2828 1080 2894 petunt.
1112 2819 1216 2876 Sed
1246 2818 1309 2874 ﬁt
1352 2819 1676 2892 plerumque
1707 2825 1790 2885 ut,
1841 2817 2089 2872 irruente

484 2911 680 2984 aliquo
708 2910 1101 2984 implicationis
1149 2907 1406 2975 articulo,
1459 2916 1581 2978 post
1625 2923 1682 2962 se
1715 2905 1940 2962 redeant
1985 2905 2082 2978 qui

430 3035 441 3046 ι
484 3003 772 3077 praeibam,
804 3011 856 3059 et
885 3001 942 3058 hi
973 2999 1044 3057 ad
1072 3001 1252 3056 locum
1284 2997 1610 3071 perveniant
1662 2997 1758 3070 qui
1787 2995 2088 3070 sequeban-

484 3101 592 3148 tur.
639 3093 720 3148 Ita
747 3091 1015 3147 nimirum
1045 3099 1173 3147 sunt
1203 3089 1300 3162 qui
1334 3105 1444 3144 non
1492 3088 1894 3160 perseveraturi
1941 3088 2087 3142 viam

482 3181 790 3239 sanctitatis
808 3177 1102 3252 arripiunt.
1139 3177 1350 3235 Idcirco
1381 3178 1530 3233 enim
1562 3177 1787 3234 virtutis
1811 3178 1916 3232 iter
1937 3178 1958 3212 ³
1976 3193 2089 3232 non

2197 2018 2433 2074 centiam
2464 2033 2525 2073 ea
2553 2033 2672 2088 qua;
2703 2016 2802 2072 diu
2845 2024 3153 2090 presserant
3191 2017 3319 2072 odia
3347 2015 3569 2091 antiqui
3617 2016 3835 2072 livoris

2197 2106 2482 2163 exhalant.
2517 2107 2658 2174 Quia
2687 2115 2867 2162 autem
2893 2107 3161 2179 pestifero
3181 2123 3367 2163 errore
3391 2105 3670 2180 persuasi,
3708 2108 3731 2141 ⁶
3752 2106 3842 2162 sic

2199 2197 2257 2254 in
2280 2197 2400 2253 istis
2430 2197 2785 2252 famulantur
2807 2196 3178 2266 Antichristo,
3211 2205 3273 2252 ut
3303 2205 3438 2254 tunc
3466 2197 3660 2253 verius
3692 2213 3837 2269 prae-

2197 2287 2323 2344 bere
2352 2304 2408 2342 se
2441 2287 2727 2342 aestiment
2754 2285 3083 2359 obsequium
3114 2285 3358 2355 Christo,
3409 2293 3705 2360 postquam
3754 2283 3842 2340 di-

2196 2378 2283 2432 xit
2331 2395 2342 2432 :
2393 2377 2695 2432 Fervescere
2723 2375 2811 2446 fac
2839 2381 2886 2430 et
2915 2375 3256 2447 quasiollam
3277 2375 3620 2449 profundum
3652 2391 3834 2441 mare,

2196 2479 2320 2545 apte
2348 2468 2472 2542 subj
2483 2469 2644 2526 unxit
2679 2487 2690 2524 :

2605 2558 2834 2617 CAPUT
2875 2559 3047 2617 xvu
3089 2557 3231 2634 [νει.
3277 2558 3406 2633 XI].

2268 2653 2408 2708 Isin.
2434 2680 2506 2692 —
2534 2652 2554 2686 ⁷
2586 2651 2753 2706 Ponet
2786 2649 2942 2720 quasi
2971 2667 3088 2704 cum
3116 2655 3384 2721 unguenta
3415 2647 3668 2704 bulliunt,

2267 2741 2354 2796 32.
2390 2739 2838 2808 QuiAntichristo
2861 2745 3049 2794 contra
3066 2745 3275 2794 sanctos
3304 2738 3632 2805 militabant,
3693 2737 3842 2792 obse-

2198 2832 2381 2902 quium
2403 2831 2510 2886 Deo
2526 2835 2787 2901 praestare
2806 2827 3039 2883 credent.
3073 2857 3144 2868 —
3164 2827 3459 2898 Unguenta
3478 2826 3689 2900 quippe
3711 2843 3842 2882 cum

2197 2919 2466 2987 bulliunt,
2497 2919 2856 2989 fragrantiam
2889 2933 2988 2974 sua
3010 2917 3200 2974 vitatis
3229 2916 3492 2974 reddunt.
3534 2916 3680 2984 Quia
3710 2933 3842 2988 ergo

2201 3009 2503 3066 Leviathan
2550 3008 2651 3063 iste
2708 3007 2785 3062 ita
2836 3005 3058 3062 seducet
3112 3006 3280 3063 corda
3348 3006 3744 3079 reproborum,
3776 3011 3842 3060 ut

2200 3097 2478 3172 quidquid
2509 3104 2677 3169 agunt
2732 3112 2804 3152 ex
2834 3095 3139 3169 iniquitate
3170 3095 3415 3169 perﬁdiae
3446 3111 3545 3168 pro
3601 3095 3841 3150 veritate

2199 3195 2363 3244 rectae
2393 3186 2523 3243 ﬁdei
2553 3202 2610 3241 se
2639 3201 2796 3257 agere
2825 3185 3209 3257 suspicentur,
3239 3184 3399 3257 quasi
3429 3183 3570 3240 bene
3599 3183 3684 3239 eis
3727 3183 3840 3239 olet

485 3270 803 3344 perventuri
827 3268 1112 3335 inchoant,
1143 3275 1202 3322 ut
1229 3265 1308 3322 eis
1336 3267 1432 3338 qui
1464 3267 1790 3338 perventuri
1820 3275 1950 3322 sunt
1982 3282 2092 3339 qua
2125 3293 2170 3354 ο
2201 3279 2256 3335 id
2272 3275 2419 3350 quod
2441 3276 2558 3332 zelo
2586 3274 2870 3346 religionis
2914 3281 3207 3330 exercent,
3240 3273 3397 3330 Unde
3435 3273 3494 3329 in
3525 3272 3842 3344 Evangelia

483 3359 806 3433 gradiantur
823 3356 1131 3414 ostendant.
1164 3356 1409 3423 Quorum
1440 3358 1609 3412 etiam
1640 3373 1821 3425 casus,
1852 3357 2096 3413 utilitate

487 3465 600 3506 non
628 3447 865 3514 modica,
881 3446 1178 3501 electorum
1205 3445 1548 3518 profectibus
1601 3446 1790 3512 servit,
1813 3447 1944 3518 quia
1972 3445 2097 3502 illo-

485 3554 610 3594 rum
629 3537 842 3610 lapsum
857 3535 990 3592 dum
1006 3535 1380 3608 conspiciunt,
1401 3534 1469 3590 de
1491 3552 1596 3590 suo
1614 3543 1762 3592 statu
1773 3535 2094 3592 contremis-

485 3635 654 3694 cunt;
699 3633 753 3683 et
802 3626 963 3682 ruina
1011 3642 1131 3698 quae
1163 3625 1288 3681 illos
1337 3623 1568 3680 damnat
1619 3624 1752 3679 istos
1815 3623 2093 3680 humiliat.

484 3715 717 3772 Discunt
744 3714 893 3771 enim
923 3715 982 3770 in
1010 3715 1234 3788 superni
1261 3713 1529 3787 adjutorii
1588 3713 1925 3785 protectione
1955 3729 2098 3769 con-

485 3805 672 3873 ﬁdere,
702 3803 835 3860 dum
866 3804 1152 3878 plerosque
1197 3803 1549 3876 conspiciunt
1591 3803 1659 3858 de
1707 3803 1824 3859 suis
1881 3803 2098 3859 viribus

485 3894 766 3954 cecidisse.
798 3894 1030 3963 Quando
1062 3910 1188 3967 ergo
1213 3895 1350 3951 bene
1375 3909 1531 3966 agere
1563 3893 1838 3949 videntur
1855 3892 2094 3964 reprobi,

486 3985 640 4058 quasi
683 3985 907 4056 planum
966 3985 1070 4041 iter
1097 3985 1288 4042 electis
1350 3983 1708 4058 sequentibus
1751 3991 2096 4053 monstrant;

485 4083 706 4157 quando
733 4099 864 4140 vero
893 4083 952 4139 in
983 4083 1197 4156 lapsum
1262 4082 1525 4156 nequitiae
1573 4089 1862 4145 corruunt.
1911 4081 2101 4138 electis

486 4178 610 4243 post
627 4188 684 4227 se
713 4171 1066 4243 pergentibus
1085 4172 1243 4244 quasi
1269 4171 1572 4228 cavendam
1593 4171 1860 4243 superbiae
1883 4170 2097 4226 foveam

487 4257 803 4315 ostendunt.
835 4261 970 4316 Erat
1008 4275 1137 4331 ergo
1203 4259 1509 4314 Leviathan
1561 4259 1683 4327 iste,
1735 4265 1790 4313 et
1829 4258 1962 4313 solis
1989 4259 2098 4314 sibi

487 4345 673 4404 radios
691 4345 909 4414 subdat,
939 4356 1102 4419 atque
1130 4363 1340 4402 aurum
1373 4347 1480 4402 luti
1506 4362 1656 4402 more
1677 4345 1951 4418 subjiciat.
1985 4345 2099 4402 Scit

487 4437 835 4508 omnipotens
881 4437 1026 4491 Deus
1079 4435 1149 4491 ad
1191 4437 1496 4492 electorum
1553 4453 1779 4492 suorum
1834 4436 2095 4492 solatium

486 4525 626 4582 bene
655 4524 737 4580 uti
769 4525 914 4581 malo
944 4525 1325 4597 reproborum,
1355 4525 1576 4599 quando
1609 4525 1667 4582 hi
1713 4526 1808 4600 qui
1838 4525 1908 4582 ad
1935 4526 2097 4582 illum

2210 3365 2502 3437 discipulis
2531 3364 2759 3421 Veritas
2778 3362 2916 3420 dicit
2942 3381 2953 3420 :
2981 3364 3002 3398 ⁸
3037 3364 3102 3420 Ut
3129 3363 3302 3418 omnis
3321 3379 3415 3432 qui
3437 3361 3705 3431 interfecit
3725 3378 3838 3416 eos:

2209 3457 2503 3512 arbitretur
2517 3453 2818 3522 obsequium
2845 3453 2866 3488 θ
2887 3469 2940 3507 se
2962 3458 3229 3524 praestare
3250 3451 3362 3508 Deo
3396 3450 3582 3521 (Joan.
3607 3466 3732 3517 xvr,
3756 3450 3838 3520 2).

2208 3545 2382 3618 Igitur
2409 3545 2554 3600 sicut
2581 3542 2693 3598 olla
2719 3541 2955 3610 fervent,
2981 3541 3113 3598 dum
3145 3539 3454 3599 crudeliter
3481 3555 3842 3613 persequun-

2210 3641 2332 3700 tur;
2357 3633 2449 3689 sed
2463 3631 2609 3704 apud
2637 3647 2730 3688 eos
2760 3631 2879 3704 ipsa
2923 3631 3240 3704 persecutio
3266 3635 3688 3701 unguentorum
3720 3629 3842 3684 fra-

2209 3724 2477 3796 grantiam
2497 3723 2722 3790 redolet,
2753 3723 2888 3779 dum
2919 3740 3072 3779 mens
3112 3737 3328 3789 eorum,
3360 3719 3524 3776 vanis
3553 3719 3836 3792 suspicio.

2210 3812 2373 3869 nibus
2403 3813 2646 3884 decepta,
2677 3811 2912 3869 :estimat
2961 3813 3095 3885 quia
3147 3813 3264 3868 Deo
3309 3809 3650 3882 obsequium
3702 3825 3839 3881 per-

2209 3901 2406 3958 solvat.
2439 3902 2500 3957 In
2531 3901 2814 3973 Scriptura
2864 3901 3014 3956 enim
3060 3917 3213 3957 sacra
3258 3905 3675 3971 unguentorum
3708 3896 3838 3954 odo-

2209 3992 2363 4048 ribus
2393 3990 2582 4063 opinio
2606 3990 2744 4045 solet
2773 3990 2979 4061 signari
3012 3989 3301 4046 virtutum.
3358 3987 3512 4045 Unde
3542 4003 3753 4060 sponsa
3783 3989 3839 4044 in

2211 4080 2454 4139 Canticis
2483 4079 2824 4136 canticorum
2881 4095 3147 4151 sponsum
3186 4077 3510 4134 desiderans
3553 4076 3699 4133 dicit
3735 4080 3840 4135 ειη

2210 4171 2370 4227 odore
2403 4175 2790 4241 unguentorum
2822 4175 3036 4224 tuorum
3066 4170 3338 4224 currimus
3369 4168 3558 4238 (Cant,
3591 4184 3635 4236 ι,
3666 4167 3752 4240 3).
3771 4169 3842 4224 Et

2209 4260 2356 4316 unde
2382 4260 2582 4316 Paulus
2637 4259 2919 4331 apostolus
2975 4259 3248 4315 virtutum
3278 4257 3439 4314 laude
3495 4257 3751 4329 fragrare
3781 4274 3838 4314 se

2209 4350 2410 4415 sciens,
2443 4348 2521 4404 ait
2553 4365 2566 4403 :
2595 4348 2798 4404 Christi
2814 4349 2977 4403 bonus
2997 4349 3130 4403 odor
3149 4365 3332 4403 sumus
3354 4347 3464 4403 Deo
3494 4347 3583 4420 (II
3609 4347 3744 4403 Cor.
3774 4363 3834 4403 ιι,

2213 4441 2325 4511 15).
2357 4441 2548 4512 Itaque
2578 4439 2707 4512 quia
2741 4438 3052 4495 Leviathan
3086 4439 3188 4496 iste
3211 4439 3498 4494 ministros
3533 4437 3698 4494 illius
3722 4454 3841 4510 per-

2209 4528 2312 4584 diti
2329 4528 2476 4584 vasis
2493 4528 2578 4584 sui
2597 4529 2656 4584 in
2671 4527 3033 4586 crudelitatis
3058 4544 3223 4600 opera
3242 4527 3346 4584 sub
3365 4527 3637 4601 opinione
3659 4526 3838 4583 laudis

488 4614 806 4687 perventuri
835 4621 985 4682 sunt,
1007 4614 1191 4671 etsuis
1215 4613 1286 4670 ad
1303 4631 1431 4670 eum
1457 4616 1672 4672 meritis
1693 4616 2010 4688 proficiunt,
2042 4627 2097 4674 et
2126 4653 2175 4712 D
2207 4625 2262 4673 et
2277 4623 2551 4690 praetextu
2573 4617 2799 4673 virtutis
2825 4617 3142 4690 intercipit,
3162 4626 3455 4691 postquam
3485 4615 3638 4672 dixit
3663 4632 3676 4671 :
3711 4617 3838 4672 Fer-

486 4721 628 4777 saepe
655 4705 713 4760 in
741 4720 805 4760 eo
833 4705 982 4778 quod
1023 4705 1254 4776 superbe
1303 4705 1559 4776 sapiunt,
1609 4707 1808 4763 alienis
1851 4706 2096 4779 lapsibus

485 4793 856 4866 corriguntur.
902 4793 1006 4850 Sed
1034 4794 1081 4850 si
1112 4793 1229 4850 haec
1272 4795 1580 4852 Leviathan
1627 4795 1728 4852 iste
1778 4798 1891 4869 agit
1919 4799 1976 4853 in
2007 4798 2091 4853 eis

486 4885 653 4943 etiam
684 4902 820 4958 quos
839 4885 1014 4941 claros
1037 4884 1222 4958 aliqua
1253 4885 1431 4941 virtus
1450 4885 1714 4953 ostendit,
1737 4887 1871 4959 quid
1887 4887 1954 4942 de
1983 4887 2096 4944 illis

484 4974 729 5032 facturus
745 4984 825 5031 est
847 4991 1082 5048 quorum
1102 4989 1256 5030 mens
1273 4974 1360 5030 vel
1390 4990 1460 5030 ex
1493 4980 1644 5045 parte
1672 4975 1859 5048 aliqua
1885 4975 2086 5032 suble-

487 5075 613 5124 vata
639 5084 671 5124 a
695 5066 927 5124 terrenis
955 5064 1422 5138 concupiscentiis
1449 5081 1562 5120 non
1593 5065 1722 5121 est?
1780 5067 1801 5102 ι
1831 5067 1980 5136 Quos
2010 5074 2104 5124 ta-

490 5172 616 5215 men
646 5155 872 5214 divinus
899 5171 1080 5212 sermo
1103 5161 1290 5226 aperte
1305 5153 1600 5227 exprimit,
1627 5153 1760 5210 dum
1785 5155 2104 5230 subjungit:

569 5381 586 5414 ¹
620 5378 925 5460 Laud.,_hic
951 5378 1128 5450 itaque
1155 5385 1205 5434 et
1225 5395 1324 5452 per
1363 5379 1575 5452 aliquid
1601 5397 1800 5438 aurum
1835 5381 1995 5453 quasi
2023 5383 2102 5439 lu-

508 5457 619 5506 tum
645 5455 917 5505 sternitur.

577 5522 598 5556 ²
629 5521 861 5594 Turon,
892 5522 1012 5578 bene
1036 5525 1226 5594 agendi
1255 5524 1333 5578 vel
1354 5525 1578 5581 vivendi.

580 5594 601 5665 ἕ
627 5591 836 5665 ἔλευάη
867 5610 974 5665 non
999 5591 1408 5665 perseveraturi.

574 5664 596 5736 ἐ
626 5663 822 5736 Bratel.
851 5671 904 5718 et
933 5663 1044 5720 duo
1074 5667 1285 5733 Germ.,
1318 5669 1458 5736 quod
1489 5674 1679 5724 tamen.

576 5735 597 5769 ⁵
629 5733 802 5800 Editi,
834 5753 952 5790 cum
981 5737 1144 5791 corda
1173 5733 1539 5800 reproborum,
1591 5737 1779 5795 Lectio
1807 5747 1992 5794 nostra
2021 5749 2102 5796 est

502 5806 630 5880 Mss.
663 5805 824 5861 duor.
859 5807 1072 5880 G_erm.,
1104 5805 1584 5880 Vindoc.,Laud.,
1615 5810 1862 5880 Ebroic.,
1884 5813 2096 5869 Gemet.

503 5879 853 5951 aliorumque
883 5877 1078 5932 Norm.
1109 5892 1173 5934 ac
1205 5879 1331 5934 Val.
1362 5879 1446 5937 Cl.

2203 4723 2400 4762 vescere
2414 4705 2740 4777 facietquasi
2759 4706 2922 4761 ollam
2949 4704 3286 4776 profundum
3321 4721 3490 4772 utare,
3522 4712 3675 4762 recte
3705 4722 3834 4760 mox

2213 4795 2464 4852 subdidit
2497 4814 2509 4851 :
2557 4797 2726 4852 Ponet
2751 4795 2908 4866 quasi
2946 4811 3064 4850 cum
3094 4801 3358 4866 unguenta
3387 4795 3645 4851 bulliunt.
3679 4794 3836 4864 Quod

2214 4885 2363 4943 enim
2419 4901 2513 4957 per
2545 4883 2888 4942 crudelitatis
2920 4885 3240 4940 incendium
3270 4900 3427 4941 mare
3470 4884 3677 4954 fervet,
3735 4884 3838 4940 hoc

2215 4976 2275 5032 in
2305 4974 2625 5031 eorumdem
2650 4974 2865 5047 judicio
2890 4979 2932 5011 ⁸ο
2963 4977 3057 5050 qui
3091 4975 3407 5033 excitantur
3436 4975 3579 5031 falso
3607 4976 3836 5031 nomine

2218 5065 2462 5134 virtutis,
2503 5082 2566 5122 ac
2593 5065 2639 5123 si
2673 5074 2951 5138 unguenta
2975 5066 3238 5135 bulliant,
3271 5065 3538 5134 ostendit,
3576 5073 3642 5121 ut
3683 5073 3835 5121 tanto

2219 5154 2518 5212 atrociores
2564 5155 2633 5212 ad
2687 5155 3074 5213 crudelitatem
3113 5155 3270 5225 ﬁant,
3308 5164 3518 5229 quanto
3561 5171 3621 5211 se
3671 5155 3833 5212 etiam

2283 5387 2306 5422 ⁶
2336 5385 2594 5456 Longin.,
2624 5385 2696 5439 sic
2717 5385 2807 5441 isti
2829 5385 3190 5456 famulantur.

2284 5460 2304 5493 ⁷
2338 5455 2488 5513 Edit.
2514 5457 2684 5530 Paris.
2715 5458 2852 5530 1495
2881 5465 2934 5514 et
2961 5457 3134 5530 Basil.
3179 5455 3317 5530 175714
3337 5455 3550 5514 habent
3577 5459 3707 5526 olet,
3739 5475 3835 5530 pro

2208 5536 2368 5602 ponet
2388 5528 2576 5602 Lquod
2601 5537 2781 5602 tamen
2812 5529 2867 5582 in
2900 5529 3161 5602 omnibus
3201 5529 3328 5602 Mss.
3363 5530 3572 5585 nostris
3602 5528 3833 5602 legitur,

2212 5599 2272 5656 ut
2303 5601 2359 5656 in
2386 5601 2644 5668 Vulgata,
2675 5600 2764 5656 cui
2797 5599 3089 5671 respondet
3120 5599 3284 5654 Hebr.
3317 5607 3526 5657 textus.

2285 5673 2305 5706 ⁸
2337 5672 2550 5727 Gemet.
2580 5679 2634 5727 et
2662 5671 2824 5728 Corb.
2858 5673 3068 5737 Germ.,
3108 5672 3249 5726 venit
3274 5671 3430 5742 hora,
3465 5679 3527 5728 ut
3554 5674 3752 5730 omnis.

2282 5745 2304 5777 θ
2339 5743 2462 5798 Val.
2499 5743 2609 5810 CL,
2642 5761 2694 5796 se
2720 5760 2938 5814 parare.

2288 5816 2332 5848 ιο
2363 5815 2442 5868 Ita
2475 5815 2600 5868 Mss.
2633 5812 2844 5882 Norm.,
2879 5812 3138 5880 Vindoc.,
3179 5812 3377 5881 Laud.,
3407 5813 3523 5870 duo
3556 5815 3749 5872 Germ.
3783 5825 3834 5874 et

2211 5884 2443 5960 Longip.
2477 5883 2629 5942 Editi
2664 5901 2814 5954 vero,
2845 5885 2941 5958 qui
2971 5890 3328 5942 exerceantur.
