3936 6386
106 312 214 370 737

894 313 1269 377 MORALIUM
1306 317 1442 376 LIB.
1484 310 1747 377 XXXIV.
1788 346 1860 364 -ι
1895 314 1970 381 IN
2004 318 2236 380 CAPUT
2272 319 2397 381 XLI
2434 320 2497 382 Β.
2537 324 2680 382 JOB.

3342 326 3443 386 738

109 442 318 498 mereri
347 442 577 516 praemia
595 443 751 517 quasi
781 460 879 516 pro
910 445 1028 501 zelo
1056 446 1343 519 religionis
1363 447 1714 505 existimant.
1757 452 1810 512 Α
1908 447 1995 504 35.
2036 447 2178 505 Sunt
2222 448 2371 505 enim
2416 466 2567 507 nunc
2611 451 2776 507 etiam
2823 451 2919 524 qui
2957 452 3165 511 idcirco
3202 454 3444 528 peccatis

103 531 447 606 Iustumque
504 532 611 590 hoc
665 541 747 590 est
775 533 969 591 divino
1000 534 1236 606 judicio,
1267 544 1329 593 ut
1374 539 1469 611 qui
1499 539 1726 611 pietatis

105 621 228 677 vim
264 622 607 695 perpendere
647 632 702 679 et
741 625 1021 682 custodire
1055 628 1362 699 negligunt,
1392 630 1726 701 suspicionis

107 729 227 768 suae
258 712 430 768 odore
460 712 746 771 fallantur.
780 714 935 770 Unde
965 723 1040 783 et,
1062 715 1130 771 ad
1161 716 1439 774 illusionis
1468 736 1725 791 augmen-

108 807 259 871 tum,
318 818 412 858 eos
459 800 708 858 crudelia
762 813 1134 876 perpetrantes
1190 806 1346 879 signa
1399 824 1617 881 quoque
1665 825 1729 864 ac

111 890 378 964 prodigia
415 891 853 965 subsequuntur,
894 895 1039 951 sicut
1067 903 1121 951 et
1155 904 1302 952 recte
1332 896 1724 971 subjungitur:

368 979 600 1037 CAPUT
632 982 815 1040 XVIII
846 982 986 1057 [Vet.
1009 986 1142 1053 XII,
1171 986 1292 1043 Rec.
1324 986 1471 1060 XV].

185 1069 368 1127 Vnus.
402 1070 493 1126 23.
528 1102 592 1111 -
624 1072 757 1128 Post
782 1090 896 1127 eum
931 1074 1115 1129 lucebit
1143 1076 1346 1132 semita.

185 1158 279 1214 33.
314 1159 635 1215 Antichristi
662 1160 846 1215 semita
868 1161 1148 1216 miraculis
1172 1163 1375 1219 lucebit.
1398 1193 1469 1204 —
1490 1164 1616 1220 Post
1637 1164 1733 1220 Le-

114 1248 352 1306 viathan
382 1250 584 1323 quippe
611 1250 808 1306 semita
837 1250 1020 1308 lucere
1058 1251 1397 1324 perhibetur,
1424 1255 1554 1327 quia
1585 1270 1734 1327 qua-

115 1354 226 1412 qua
251 1339 477 1407 transit,
508 1338 932 1396 admirationem
975 1342 1204 1397 nimiam
1236 1359 1305 1398 ex
1335 1343 1733 1400 miraculorum

115 1444 352 1485 suorum
382 1429 634 1486 claritate
665 1429 1003 1503 derelinquit
1020 1448 1035 1498 ;
1065 1438 1119 1486 et
1138 1432 1255 1487 sive
1284 1448 1381 1505 per
1410 1449 1487 1501 se,
1521 1450 1616 1489 seu
1641 1448 1737 1505 per

116 1519 415 1577 ministros
447 1538 577 1577 suos
620 1520 871 1593 quolibet
900 1521 1145 1594 prodeat,
1176 1523 1535 1580 mendacibus
1566 1523 1736 1596 signis

115 1618 399 1669 coruscat.
434 1610 590 1668 Unde
618 1618 674 1667 et
702 1611 807 1668 hoc
828 1612 976 1684 quod
998 1610 1113 1684 jam
1144 1630 1284 1686 saepe
1310 1615 1648 1687 protulimus
1679 1614 1737 1669 in

118 1701 436 1773 Evangelio
478 1700 700 1758 Veritas
741 1699 879 1758 dicit
940 1719 951 1757 :
1004 1703 1231 1774 Surgent
1261 1704 1653 1775 pseudochristi
1694 1710 1741 1759 et

115 1790 612 1863 pseudoprophetis,
652 1795 701 1845 et
728 1789 929 1845 dabunt
969 1792 985 1825 ³
1009 1791 1159 1862 signa
1187 1798 1235 1846 et
1256 1793 1528 1864 prodigia,
1570 1794 1647 1848 ita
1684 1799 1743 1848 ut
1771 1818 1818 1878 Β

122 1880 181 1936 in
211 1896 456 1935 errorem
500 1879 850 1949 inducantur,
893 1880 940 1935 si
985 1880 1106 1952 ﬁeri
1152 1887 1343 1953 potest,
1392 1882 1553 1937 etiam
1599 1881 1742 1938 electi

119 1972 352 2044 (Matth.
386 1988 548 2041 XXIV,
580 1971 697 2044 24).
731 1972 937 2028 Semita
965 1971 1137 2044 igitur
1162 1980 1284 2045 post
1316 1971 1619 2029 Leviathan
1644 1973 1743 2029 lu—

123 2069 236 2131 cet,
301 2061 433 2134 quia
487 2078 724 2135 quorum
782 2061 952 2118 corda
1005 2069 1274 2134 penetrat,
1331 2078 1523 2117 eorum
1578 2078 1744 2135 opera

123 2150 400 2224 prodigiis
450 2151 715 2219 illustrat,
747 2158 814 2207 ut
837 2150 1106 2207 nimirum
1154 2159 1305 2208 tanto
1348 2151 1515 2207 altius
1550 2168 1741 2208 eorum

124 2248 348 2297 mentes
406 2240 465 2296 in
518 2241 723 2297 erroris
756 2240 1001 2297 tenebris
1029 2247 1230 2310 teneat,
1276 2248 1482 2314 quanto
1528 2257 1624 2314 per
1650 2257 1743 2297 eos

124 2331 269 2388 foris
311 2331 467 2404 quasi
510 2330 791 2403 potentius
840 2330 1019 2387 lucem
1065 2330 1132 2386 de
1163 2330 1450 2388 miraculis
1480 2336 1738 2399 ostentat,

124 2420 240 2479 Sed
272 2430 403 2477 sunt
443 2420 699 2476 nonnulli
743 2420 839 2493 qui
867 2419 926 2475 in
972 2420 1239 2476 memoria
1275 2427 1465 2485 1132
1492 2430 1546 2478 et
1575 2420 1743 2477 verba

126 2516 497 2591 prophetica,
551 2525 606 2574 et
668 2518 1004 2591 Evangelica
1066 2526 1336 2591 praecepta
1399 2521 1741 2587 retinentes,

126 2608 314 2665 sciant
335 2616 391 2664 et
418 2608 556 2664 falsa
585 2624 703 2665 esse
731 2606 889 2679 signa
922 2624 1042 2680 quae
1078 2607 1325 2678 exhibet,
1358 2617 1413 2665 et
1441 2626 1573 2665 vera
1601 2625 1743 2681 sup—

126 2698 302 2772 plicia
332 2697 403 2753 ad
442 2712 564 2770 quae
595 2697 616 2730 ²
648 2696 928 2767 decipiens
957 2696 1147 2752 trahit.
1191 2699 1398 2754 Horum
1430 2698 1598 2755 corda
1631 2698 1743 2753 Lc-

125 2786 366 2843 viathan
402 2784 528 2853 iste,
573 2783 704 2856 quia
737 2783 1048 2840 sanctitatis
1092 2786 1460 2842 ostentatione
1504 2804 1616 2843 non
1646 2785 1744 2841 in-

125 2875 384 2947 tercipit,
417 2874 474 2929 in
504 2873 613 2928 alia
641 2888 698 2928 se
725 2873 803 2928 eis
836 2873 1098 2929 illusione
1129 2875 1431 2946 componit.
1465 2873 1742 2942 Quosdam

125 2980 378 3038 namque
412 2963 529 3019 haec
558 2962 810 3019 scientes.
862 2961 956 3018 sed
1000 2968 1184 3018 tamen
1215 2971 1537 3035 praesentem
1571 2964 1742 3019 vitam

126 3054 435 3125 diligentes
507 3048 798 3122 conspicit,
857 3066 1092 3123 quorum
1148 3052 1398 3124 protinus
1467 3052 1744 3109 mentibus

128 3150 372 3239 ventura
399 3139 677 3239 supplicia
726 3139 951 3238 levigat,
991 3139 1234 3239 ﬁnienda
1286 3141 1617 3239 quandoque
1647 3141 1744 3239 di:
1771 3177 1816 3239 Ο

126 3228 442 3290 strictionis
482 3229 697 3302 judicia
752 3229 967 3298 asserit,
1024 3238 1078 3286 et
1132 3230 1387 3304 deceptos
1425 3230 1627 3288 callide
1671 3228 1739 3286 ad

127 3329 436 3395 praesentes
460 3318 777 3391 voluptates
811 3317 974 3391 rapit.
1006 3318 1161 3375 Unde
1203 3328 1257 3376 et
1284 3326 1409 3393 apte
1440 3336 1573 3376 mox
1599 3319 1743 3377 sub-

124 3411 291 3470 ditur
318 3427 330 3466 :

555 3496 784 3557 CAPUT
812 3496 945 3554 XIX
978 3493 1122 3572 [Rec.
1154 3495 1330 3573 XVI].

212 3588 352 3647 Iam.
384 3616 456 3631 --
484 3588 796 3645 Estimabit
821 3587 1067 3659 abyssum
1086 3588 1240 3659 quasi
1266 3594 1622 3645 senescentem.

214 3679 301 3736 34.
337 3680 630 3736 Poenarum
662 3677 1000 3733 wternitatem
1045 3694 1152 3732 non
1196 3677 1418 3733 credunt
1450 3676 1684 3750 reprobi,
1711 3695 1747 3734 a

135 3770 357 3826 diabolo
389 3772 445 3825 in
486 3785 724 3825 errorem
750 3767 973 3823 inducti.
1003 3769 1211 3823 Eorum
1253 3766 1412 3837 falsis
1448 3768 1748 3824 rationibus

136 3861 515 3933 respondetur.
543 3891 615 3903 —
644 3858 804 3928 Quod
834 3867 1035 3915 aeterna
1055 3858 1749 3933 incomprehensibiliaque

131 3951 380 4026 judicia,
413 3951 599 4025 abyssi
637 3951 851 4008 soleant
878 3949 1103 4007 nomine
1134 3950 1430 4022 designari,
1462 3950 1751 4007 Psalmista

143 4048 380 4098 testatur
425 4041 617 4099 dicens
651 4058 662 4097 :
696 4039 912 4096 Iudicia
959 4046 1050 4095 tua
1103 4040 1323 4111 abyssus
1358 4042 1529 4097 multa
1574 4042 1747 4112 (Psal.

138 4146 328 4199 xxxv,
360 4131 438 4203 7).
472 4130 736 4187 Senectus
763 4147 895 4186 vero
925 4129 1222 4203 aliquando
1250 4147 1349 4203 pro
1369 4129 1499 4187 ﬁnis
1528 4133 1751 4204 propin-

141 4221 361 4295 quitate
376 4221 622 4293 ponitur.
642 4220 797 4276 Unde
811 4221 1110 4293 Apostolus
1122 4222 1198 4276 ait
1218 4239 1229 4276 :
1266 4221 1419 4289 Quod
1435 4220 1754 4291 antiquatur

141 4319 195 4368 et
223 4312 460 4377 senescit,
506 4328 670 4383 prope
698 4311 972 4367 interitum
1001 4317 1075 4366 est
1101 4311 1292 4381 (Hebr.
1323 4327 1447 4379 VIII,
1494 4310 1609 4382 13).
1643 4311 1755 4367 Le-

142 4401 379 4458 viathan
419 4402 604 4475 itaque
638 4401 740 4458 iste
793 4400 1091 4457 aestimabit
1132 4400 1389 4474 abyssum
1449 4400 1606 4474 quasi
1660 4415 1756 4456 se-

142 4500 487 4561 nescentem,
550 4493 680 4565 quia
730 4491 1090 4565 reproborum
1144 4492 1310 4548 corda
1364 4491 1444 4549 sic
1493 4491 1751 4559 infatuat,

145 4591 213 4640 ut
257 4582 629 4654 suspicionem
674 4582 753 4637 eis
801 4581 868 4637 de
899 4587 1133 4636 venturo
1174 4579 1388 4653 judicio
1416 4579 1566 4653 quod
1596 4579 1753 4652 quasi

145 4673 381 4730 ﬁniatur
404 4671 681 4728 infundat.
715 4672 992 4744 Abyssum
1025 4687 1261 4745 namque
1289 4689 1567 4729 senescere
1595 4674 1754 4729 aesti-

148 4771 297 4833 mat,
339 4763 433 4837 qui
478 4761 766 4819 terminari
809 4762 1139 4835 quandoque
1193 4764 1251 4818 in
1295 4764 1583 4835 suppliciis
1649 4780 1753 4819 su-

147 4868 379 4928 pernam
406 4851 944 4908 animadversionem
976 4860 1148 4924 putat.
1171 4853 1345 4924 Igitur
1363 4853 1624 4926 antiquus
1650 4853 1753 4908 iste

147 4959 445 5018 persuasor
508 4943 567 4998 in
623 4941 887 4999 membris
952 4942 1089 5008 suis,
1157 4941 1215 4999 id
1270 4950 1351 4999 est
1414 4944 1475 4999 in
1545 4943 1755 5000 menti—

147 5035 259 5092 bus
288 5032 636 5106 iniquorum,
668 5033 885 5088 futuras
926 5049 1114 5105 poenas
1158 5032 1383 5105 levigat,
1433 5050 1568 5106 quas
1598 5035 1755 5107 quasi

151 5130 316 5182 certo
346 5121 458 5178 ﬁne
485 5122 841 5191 determinat,
866 5129 929 5178 ut
948 5140 1138 5179 eorum
1167 5123 1355 5196 culpas
1378 5123 1498 5179 sine
1516 5124 1757 5181 termino

146 5213 520 5286 correptionis
547 5213 810 5270 extendat
838 5232 852 5282 ;
886 5220 940 5270 et
973 5230 1038 5271 eo
1067 5214 1239 5287 magis
1268 5213 1363 5271 hic
1389 5222 1613 5287 peccata
1644 5231 1757 5271 non

144 5302 377 5371 ﬁniant,
427 5319 537 5377 quo
593 5302 720 5361 istic
766 5304 1043 5362 aestimant
1088 5310 1436 5378 peccatorum
1484 5303 1758 5379 supplicia

145 5390 424 5450 ﬁnienda.

233 5617 249 5696 ξ
284 5612 842 5696 Laud._,_duo_Germ.
869 5624 925 5678 et
952 5619 1075 5679 Val.
1108 5620 1219 5692 CL,
1250 5618 1404 5695 signa
1431 5634 1646 5696 magna.

229 5694 253 5729 ³
284 5693 410 5750 Val.
442 5691 551 5762 CL,
572 5693 827 5762 deinceps.

231 5766 252 5838 εξ
277 5763 491 5838 Eadem
515 5763 675 5838 docet
703 5763 1018 5838 Gregorius,
1038 5765 1101 5838 _l.
1132 5782 1192 5838 Iv
1230 5766 1468 5838 Dialog.,
1499 5782 1550 5823 c.
1582 5764 1674 5838 44,
1705 5772 1762 5838 et

146 5830 385 5912 quidem
418 5835 732 5903 fusissime;
775 5830 978 5909 quibus
1002 5830 1225 5896 abunde
1258 5830 1534 5895 refellitur
1573 5830 1763 5894 fabula

1832 536 1947 592 suis
1975 553 2175 610 ponere
2206 536 2375 593 ﬁnem
2399 538 2709 609 negligunt,
2739 539 2867 610 quia
2888 539 3087 598 habere
3109 544 3444 617 quandoque

1836 624 2001 681 ﬁnem
2030 626 2218 682 futura
2257 642 2422 698 super
2450 643 2507 681 se
2529 625 2743 698 judicia
2772 628 3141 699 suspicantur.
3176 634 3196 667 ³
3230 633 3446 701 Quibus

1834 714 2075 771 breviter
2105 715 2544 788 respondemus:
2580 716 2637 771 Si
2673 716 3001 789 quandoque
3041 719 3286 776 ﬁnienda
3313 730 3444 778 sunt

1837 805 2109 877 supplicia
2162 804 2548 877 reproborum,
2624 804 2953 878 quandoque
3017 807 3264 864 ﬁnienda
3316 820 3446 867 sunt

1839 910 1966 965 ergo
1995 902 2050 949 et
2092 893 2294 965 gaudia
2322 892 2628 949 beatorum.
2680 894 2781 949 Per
2823 895 3171 968 semetipsam
3210 914 3447 971 namque

1839 978 2057 1035 Veritas
2085 979 2223 1036 dicit
2252 998 2263 1035 :
2310 980 2472 1035 Ibunt
2498 980 2553 1035 hi
2582 980 2638 1034 in
2667 982 2986 1052 supplicium
3022 990 3295 1054 aeternum,
3309 984 3449 1054 justi

1839 1074 2015 1124 autem
2042 1068 2098 1123 in
2136 1069 2298 1124 vitam
2326 1076 2578 1125 ceternam
2616 1070 2827 1141 (Matth.
2861 1088 2997 1141 xxv,
3030 1072 3147 1145 46).
3188 1073 3246 1130 Si
3278 1074 3449 1146 igitur

1842 1156 1949 1213 hoc
1977 1173 2170 1213 verum
2222 1174 2335 1214 non
2378 1166 2459 1215 est
2489 1157 2636 1231 quod
2673 1159 2915 1216 minatus
2954 1170 3055 1230 est,
3087 1178 3266 1235 neque
3307 1162 3449 1219 illud

1843 1262 2037 1302 verum
2058 1253 2141 1301 est
2161 1246 2309 1319 quod
2331 1246 2607 1318 promisit.
2634 1247 2707 1302 At
2724 1247 2984 1320 inquiunt
3003 1267 3014 1305 :
3041 1250 3168 1306 Ideo
3188 1260 3449 1308 aeternam

1843 1350 2059 1407 poenam
2087 1336 2442 1407 peccantibus
2466 1336 2705 1392 minatus
2732 1344 2835 1405 est,
2853 1345 2916 1392 ut
2930 1354 3021 1394 eos
3039 1355 3071 1394 a
3094 1350 3447 1411 peccatorum

1843 1424 2248 1495 perpetratione
2323 1432 2729 1496 compesceret,
2801 1426 2931 1498 quia
3007 1435 3270 1485 creaturae
3336 1447 3449 1487 sua:

1846 1518 2049 1566 aeterna
2076 1512 2356 1584 supplicia
2384 1511 2586 1568 minari
2615 1512 2828 1581 debuit,
2857 1530 2969 1569 non
2993 1514 3216 1572 inferre.
3236 1517 3451 1585 Quibus

1847 1598 2011 1655 citius
2041 1601 2436 1673 respondemus
2463 1619 2475 1657 :
2511 1601 2568 1658 Si
2597 1601 2735 1657 falsa
2762 1602 3006 1659 minatus
3054 1612 3135 1660 est
3163 1611 3225 1661 ut
3252 1605 3320 1662 ab
3350 1606 3450 1661 in-

1841 1686 2061 1760 justitia
2098 1688 2420 1761 corrigeret,
2451 1690 2618 1745 etiam
2665 1690 2803 1745 falsa
2838 1691 3122 1762 pollicitus
3166 1700 3250 1748 est
3289 1703 3351 1751 ut
3378 1693 3447 1750 ad

1842 1776 2116 1848 justitiam
2146 1785 2488 1848 provocaret.
2519 1780 2592 1834 Et
2620 1779 2744 1851 quis
2766 1777 2910 1835 hanc
2946 1796 3137 1835 eorum
3164 1783 3445 1838 vesaniam

1850 1868 2067 1936 toleret,
2110 1868 2205 1941 qui
2253 1867 2389 1924 dum
2429 1868 2896 1940 promissionibus
2942 1871 3058 1926 suis
3086 1873 3447 1944 reproborum

1849 1959 2119 2032 supplicia
2148 1959 2301 2015 ﬁniri
2330 1968 2605 2029 asserunt,
2646 1961 2949 2017 assertione
2972 1979 3071 2018 sua
3096 1965 3262 2019 etiam
3296 1967 3453 2024 elec-

1850 2061 2034 2109 torum
2056 2052 2283 2124 przemia
2300 2052 3289 2125 remunerationesqueconfundunt‘l
3315 2056 3452 2124 Quis

1851 2141 1995 2199 hanc
2020 2158 2210 2198 eorum
2240 2141 2521 2197 vesaniam
2548 2142 2766 2209 toleret,
2787 2142 2883 2214 qui
2912 2151 3181 2199 conantur
3209 2152 3453 2202 astruere

1852 2248 2044 2288 verum
2075 2247 2187 2288 non
2213 2247 2351 2300 esse,
2382 2230 2533 2304 quod
2575 2230 2792 2289 Veritas
2820 2232 2888 2289 de
2923 2242 3129 2290 aeterno
3169 2232 3293 2306 igne
3335 2235 3454 2290 mi-

1850 2330 1979 2377 nata
2011 2328 2116 2387 est,
2151 2328 2205 2375 et
2236 2319 2368 2376 dum
2395 2327 2649 2392 satagunt
2690 2323 2867 2377 Deum
2905 2322 3193 2395 perhibere
3219 2323 3449 2380 miseri-

1850 2410 2094 2479 cordem,
2125 2425 2237 2465 non
2270 2416 2530 2465 verentur
2558 2408 2860 2480 praedicare
2888 2412 3140 2469 fallacem
3176 2413 3205 2469 ?

1920 2500 2009 2557 36.
2039 2500 2285 2556 xEternis
2315 2500 2486 2571 pwnis
2515 2500 2695 2555 addici
2725 2507 3021 2572 peccatores
3044 2519 3206 2572 quam
3246 2519 3455 2575 aequum

1849 2590 1936 2646 sit.
1959 2621 2030 2631 —
2048 2591 2123 2645 At
2151 2589 2414 2663 inquiunt
2436 2606 2448 2644 :
2481 2588 2611 2644 Sine
2631 2589 2742 2645 ﬁne
2760 2590 2949 2661 puniri
2969 2608 3082 2646 non
3104 2591 3269 2648 debet
3291 2594 3457 2666 culpa

1849 2696 1977 2736 cum
2005 2679 2137 2736 ﬁne.
2168 2680 2357 2735 Justus
2385 2678 2652 2735 nimirum
2700 2688 2782 2735 est
2828 2681 3178 2753 omnipotens
3203 2684 3371 2751 Deus,
3401 2690 3457 2738 et

1851 2768 2000 2841 quod
2028 2784 2144 2825 non
2197 2777 2405 2824 aeterno
2442 2775 2666 2840 peccato
2705 2770 3063 2826 commissum
3103 2778 3207 2840 est,
3249 2779 3456 2828 aeterno

1850 2874 1964 2914 non
1993 2857 2156 2913 debet
2184 2856 2370 2929 puniri
2402 2864 2698 2914 tormento.
2729 2859 2945 2926 Quibus
2972 2861 3139 2917 citius
3163 2861 3455 2933 responde-

1853 2966 1976 3006 mus
1991 2949 2139 3021 quod
2160 2955 2305 3005 recte
2326 2947 2594 3017 dicerent,
2612 2949 2660 3004 si
2669 2948 2845 3019 judex
2854 2949 3040 3021 justus
3061 2950 3456 3023 districtusque

1851 3039 2100 3108 veniens,
2134 3054 2246 3094 non
2277 3037 2443 3093 corda
2494 3037 2808 3107 hominum,
2851 3038 2946 3095 sed
2993 3040 3138 3097 facta
3180 3047 3452 3112 pensaret.

1851 3130 2034 3203 Iniqui
2054 3128 2203 3185 enim
2224 3125 2348 3182 ideo
2365 3143 2491 3184 cum
2512 3127 2623 3183 ﬁne
2648 3128 3020 3200 deliquerunt,
3047 3130 3179 3202 quia
3197 3146 3323 3186 cum
3345 3129 3457 3186 ﬁne

1850 3224 2134 3281 vixerunt.
2167 3226 2488 3284 Voluissent
2507 3224 2710 3297 quippe
2740 3222 2859 3279 sine
2886 3223 2997 3279 ﬁne
3026 3222 3235 3292 vivere,
3256 3232 3317 3279 ut
3336 3224 3458 3280 sine

1851 3314 1961 3370 ﬁne
1990 3315 2298 3388 potuissent
2326 3317 2385 3373 in
2405 3313 2799 3387 iniquitatibus
2817 3328 3156 3385 permanere.
3184 3313 3321 3369 Nam
3343 3329 3457 3369 ma-

1853 3407 1936 3480 gis
1963 3415 2229 3481 appetunt
2280 3422 2503 3480 peccare
2548 3411 2739 3468 1133
2774 3421 2938 3478 quam
2987 3405 3208 3472 vivere;
3251 3413 3306 3462 et
3334 3404 3460 3461 ideo

1854 3508 1949 3566 hic
1994 3524 2209 3580 semper
2252 3508 2445 3564 vivere
2483 3507 2738 3580 cupiunt,
2787 3513 2850 3562 ut
2889 3520 3176 3579 nunquam
3204 3503 3462 3561 desinant

1854 3614 2102 3671 peccare,
2132 3614 2259 3655 cum
2285 3598 2507 3654 vivunt.
2539 3597 2626 3653 Ad
2654 3594 2894 3654 districti
2914 3612 3042 3668 ergo
3066 3594 3274 3668 judicis
3296 3594 3460 3666 justi-

1854 3689 1990 3744 tiam
2020 3688 2279 3762 pertinet,
2314 3694 2377 3743 ut
2405 3703 2689 3762 nunquam
2719 3693 2939 3744 careant
2985 3686 3281 3757 supplicio,
3311 3701 3463 3758 quo-

1857 3795 1983 3833 rum
2012 3794 2168 3836 mens
2193 3777 2252 3834 in
2279 3777 2385 3841 hac
2411 3777 2527 3834 vita
2558 3792 2845 3850 nunquam
2893 3776 3072 3832 voluit
3100 3791 3284 3834 carere
3322 3791 3463 3847 pec-

1859 3875 1982 3927 cato
2014 3887 2028 3937 ;
2060 3876 2115 3924 et
2139 3869 2329 3925 nullus
2356 3867 2517 3924 detur
2545 3867 2739 3941 iniquo
2760 3867 3031 3925 terminus
3047 3867 3301 3936 ultionis,
3332 3867 3464 3941 quia

1861 3959 2109 4033 quandiu
2130 3960 2328 4027 valuit,
2349 3957 2551 4014 habere
2576 3959 2758 4014 noluit
2786 3959 3087 4015 terminum
3113 3959 3387 4017 criminis.

1934 4046 2073 4120 [Vet.
2096 4045 2287 4120 ΧῙΙΙ.]
2318 4048 2406 4104 37.
2436 4048 2578 4103 Iusti
2604 4049 2834 4105 videntes
2863 4050 2920 4103 in
2947 4050 3214 4105 malorum
3243 4052 3463 4108 crucia-

1865 4140 2002 4195 tibus
2032 4156 2149 4210 quaz
2176 4138 2440 4210 supplicia
2471 4141 2753 4205 evaserint,
2782 4140 2855 4195 ad
2881 4141 2981 4196 Dei
3007 4141 3187 4196 laudes
3216 4143 3465 4199 excitan—

1865 4235 1972 4285 tur.
2002 4260 2074 4271 —
2118 4230 2194 4286 At
2220 4229 2518 4302 inquiunt:
2566 4231 2763 4288 Nullus
2808 4230 2990 4304 justus
3034 4235 3461 4293 crudelitatibus

1863 4321 2128 4393 pascitur,
2154 4329 2209 4377 et
2236 4319 2564 4393 delinquens
2583 4338 2776 4379 servus
2795 4340 2827 4379 a
2839 4322 2993 4395 justo
3013 4325 3241 4382 domino
3258 4326 3466 4385 idcirco

1865 4412 2002 4469 caedi
2030 4409 2441 4484 praecipitur,ut
2467 4429 2499 4468 a
2527 4414 2777 4485 nequitia
2797 4415 3125 4487 corrigatur.
3148 4418 3236 4474 Ad
3250 4417 3467 4492 aliquid

1788 4544 1837 4603 D
1867 4518 1995 4574 ergo
2024 4503 2256 4561 caeditur
2283 4520 2412 4559 cum
2442 4520 2553 4560 non
2583 4503 2702 4575 ejus
2730 4505 2991 4565 dominus
3010 4510 3352 4567 cruciatibus
3379 4510 3471 4567 de-

1869 4594 2119 4651 lectatur.
2152 4594 2335 4668 Iniqui
2362 4603 2546 4651 autem
2586 4597 2851 4668 gehennae
2883 4600 3107 4671 ignibus
3135 4601 3327 4657 traditi
3358 4620 3468 4676 quo

1861 4683 1972 4740 ﬁne
1997 4701 2211 4757 semper
2234 4685 2506 4741 ardebunt
2528 4685 2555 4741 ?
2582 4688 2654 4742 Et
2675 4688 2806 4761 quia
2824 4697 3035 4745 certum
3058 4699 3141 4745 est
3167 4690 3314 4763 quod
3344 4690 3471 4763 pius

1863 4781 2025 4848 atque
2055 4775 2407 4848 omnipotens
2430 4778 2575 4833 Deus
2605 4792 2716 4833 non
2734 4779 2978 4849 pascitur
3002 4780 3341 4837 cruciatibus
3361 4779 3469 4835 ini-

1864 4882 2122 4938 quorum,
2153 4882 2252 4922 cur
2278 4866 2599 4923 cruciantur
2630 4866 2835 4935 miseri,
2866 4869 2914 4923 si
2958 4884 3070 4924 non
3112 4869 3410 4941 expiantur
3440 4870 3468 4926 ?

1936 4954 2149 5020 Quibus
2164 4955 2331 5011 citius
2347 4956 2741 5029 respondemus
2760 4956 2907 5029 quod
2928 4958 3277 5029 omnipotens
3298 4959 3468 5028 Deus,

1865 5041 1996 5114 quia
2024 5042 2148 5113 pius
2165 5050 2265 5112 est,
2288 5044 2616 5101 miserorum
2634 5046 2886 5102 cruciatu
2908 5062 3017 5101 non
3036 5046 3309 5118 pascitur;
3332 5048 3467 5120 quia

1866 5138 2049 5187 autem
2075 5128 2259 5201 justus
2278 5140 2380 5202 est,
2409 5131 2478 5189 ab
2493 5134 2815 5207 iniquorum
2835 5134 3046 5190 ultione
3068 5136 3126 5190 in
3142 5143 3469 5208 perpetuum

1866 5238 1980 5280 non
2008 5220 2249 5278 sedatur.
2281 5221 2387 5278 Sed
2416 5223 2597 5297 iniqui
2614 5226 2843 5281 ‘omnes
2865 5233 3069 5281 aeterno
3099 5225 3394 5298 supplicio,
3417 5235 3472 5284 et

1866 5312 2091 5387 quidem
2119 5328 2219 5367 sua
2244 5311 2560 5385 iniquitate,
2592 5314 2928 5386 puniuntur;
2963 5329 3018 5371 et
3055 5324 3240 5373 tamen
3270 5315 3342 5372 ad
3373 5317 3476 5372 ali-

1866 5403 2004 5478 quid
2029 5410 2474 5473 concremantur,
2507 5404 2722 5462 scilicet
2749 5413 2812 5461 ut
2829 5404 2971 5477 justi
2991 5422 3183 5464 omnes
3208 5414 3264 5463 et
3290 5406 3349 5463 in
3370 5407 3473 5465 Dei

1867 5616 1937 5675 de
1963 5616 2197 5675 liberato
2235 5613 2411 5675 sancti
2457 5614 2709 5688 Gregorii
2764 5613 3021 5689 precibus
3073 5613 3312 5688 Trajano
3341 5619 3473 5676 Au-
3542 5686 3549 5687 ί

1869 5698 2257 5850 ϐέῗῐῗῖῖιιᾶοοη
2288 5760 2488 5819 Pratel.
2519 5759 2725 5834 aliique
2753 5760 2970 5833 Norm.,
2999 5760 3250 5818 homines.
