3936 6392
379 321 568 391 -739

1645 325 1898 390 SANCTI
1935 331 2276 392 GREGORII
2311 329 2556 394 MAGNI.

3675 335 3786 398 740

464 457 687 515 videant
713 456 910 529 gaudia
936 472 1058 530 qua
1083 457 1418 532 percipiunt,
1439 467 1494 517 et
1523 460 1580 517 in
1611 460 1734 518 istis
1762 463 2058 535 respiciant
2085 461 2137 520 A
2167 462 2279 517 lica:
2321 461 2733 534 magnitudinem
2781 461 3027 519 servavit.
3059 493 3130 505 —
3157 462 3402 521 Potestas
3445 463 3568 537 ejus
3615 481 3794 540 super

463 555 732 628 supplicia
758 571 880 628 quin
908 565 1220 627 evaserunt,
1244 565 1307 613 ut
1331 565 1484 616 tanto
1514 559 1571 615 in
1593 570 1861 618 aeternum
1886 561 2061 634 magis

461 651 666 708 divinae
687 653 873 724 gratiae
903 653 1178 712 debitores
1205 671 1262 712 se
1301 672 1417 712 esse
1458 665 1813 728 cognoscant,
1850 666 2062 731 quanto

462 739 521 796 in
549 749 814 797 internum
846 744 988 798 mala
1016 743 1200 816 puniri
1229 744 1577 818 conspiciunt
1605 761 1728 818 quae
1755 744 1874 818 ejus
1909 745 2066 820 adju-

463 829 608 886 torio
637 829 813 886 vitare
843 840 1158 903 potuerunt.

535 918 621 974 38.
655 919 768 976 Cur
793 921 962 976 sancti
991 939 1094 992 pro
1122 920 1232 977 suis
1285 921 1510 978 inimicis
1559 925 1802 995 gehenuw
1830 927 2064 982 addictis

463 1007 694 1080 amplius
720 1025 826 1064 non
853 1017 1029 1066 orant.
1059 1042 1130 1052 —
1153 1011 1224 1066 At
1253 1011 1546 1085 inquiunt:
1581 1014 1654 1070 Et
1682 1015 1778 1071 ubi
1805 1026 1887 1074 est
1917 1016 2066 1090 quod

464 1097 638 1153 sancti
668 1107 816 1166 sunt,
866 1099 912 1154 si
955 1115 1054 1170 pro
1083 1097 1328 1154 inimicis
1371 1099 1507 1167 suis,
1547 1117 1684 1173 quos
1716 1110 1850 1159 tunc
1877 1103 2066 1160 ardere

465 1183 729 1250 viderint,
747 1202 857 1240 non
880 1186 1132 1253 orabunt,
1157 1186 1358 1259 quibus
1375 1189 1566 1260 utique
1586 1190 1801 1246 dictum
1821 1201 1901 1248 est
1923 1209 1934 1246 :
1957 1193 2066 1248 Pro

463 1272 692 1327 inimicis
719 1273 904 1328 vestris
933 1280 1079 1328 orate
1105 1275 1324 1338 (Matth.
1357 1293 1412 1345 ν,
1449 1276 1540 1350 44)
1571 1278 1600 1334 ‘l
1623 1278 1726 1334 Sed
1757 1279 1920 1335 citius
1945 1296 2068 1336 res-

465 1360 769 1432 pondemus
793 1377 805 1416 :
835 1361 1006 1418 Orant
1032 1379 1130 1434 pro
1160 1362 1404 1420 inimicis
1435 1365 1550 1422 suis
1573 1383 1637 1422 eo
1668 1374 1936 1440 tempore,
1959 1385 2068 1441 quo

463 1455 694 1520 possunt
721 1447 792 1504 ad
828 1449 1166 1507 fructuosam
1215 1453 1597 1525 paenitentiam
1645 1472 1848 1513 eorum
1902 1457 2069 1514 corda

463 1544 802 1607 convertere,
847 1546 1011 1613 atque
1057 1539 1174 1612 ipsa
1227 1543 1588 1600 conversione
1637 1545 1870 1602 salvare.
1923 1545 2068 1614 Quid

461 1626 612 1682 enim
641 1627 796 1686 aliud
823 1645 922 1701 pro
952 1629 1196 1688 inimicis
1225 1632 1496 1690 orandum
1527 1642 1630 1703 est,
1654 1635 1762 1691 nisi
1785 1635 1892 1692 hoc
1914 1635 2068 1709 quod

462 1715 761 1787 Apostolus
787 1718 900 1773 ait:
939 1719 1005 1775 Ut
1027 1719 1112 1774 det
1138 1721 1251 1776 illis
1284 1723 1426 1778 Deus
1442 1723 1824 1794 pamitentiam,
1855 1731 1904 1780 et
1935 1725 2066 1781 resi-

2170 560 2373 609 terram
2389 554 2606 610 cunctis
2621 553 2956 609 eminentior
2970 553 3310 626 perhibetur,
3333 555 3464 627 quia
3480 555 3584 612 etsi
3603 556 3792 612 actio-

2171 641 2260 697 nis
2285 659 2396 699 sua:
2426 643 2624 698 merito
2653 641 2799 698 infra
2843 641 3098 698 homines
3128 642 3348 710 cecidit,
3398 660 3565 700 omne
3595 651 3793 701 tamen

2173 729 2420 786 humanu
2430 748 2478 784 m
2495 747 2665 802 genus
2677 737 2884 786 naturae
2897 729 3153 802 angelicae
3166 729 3483 788 conditione
3499 739 3793 790 transcen-

2174 817 2274 874 dit.
2311 819 2578 886 Quamvis
2609 817 2756 873 enim
2789 819 3020 874 interna:
3061 819 3346 876 felicitatis
3373 819 3793 878 beatitudinem

2175 907 2440 979 perdidit,
2471 915 2682 964 natura;
2712 914 2892 964 tamen
2913 925 3024 964 suae
3046 907 3486 980 magnitudinem
3509 926 3625 966 non
3648 909 3793 966 ami-

2175 997 2267 1066 sit,
2299 997 2457 1069 cujus
2477 997 2658 1055 adhuc
2679 997 2892 1054 viribus
2913 997 3153 1054 humana
3173 999 3359 1055 omnia
3385 1007 3631 1071 superat,
3658 1001 3796 1058 licet

2176 1087 2380 1142 sanctis
2401 1086 2722 1145 hominibus
2744 1089 3062 1145 meritorum
3081 1103 3307 1144 suorum
3325 1087 3638 1160 dejectione
3658 1089 3796 1146 sub-

2174 1174 2372 1246 jaceat.
2405 1177 2560 1233 Unde
2589 1185 2643 1233 et
2672 1178 2876 1234 eisdem
2919 1179 3128 1234 sanctis
3167 1186 3359 1235 contra
3402 1177 3554 1237 hunc
3583 1179 3795 1236 decer—

2176 1265 2422 1321 tantibus
2453 1281 2518 1322 eo
2548 1267 2932 1324 retributionis
2971 1285 3084 1324 suae
3127 1269 3386 1324 meritum
3418 1270 3640 1339 crescit,
3675 1287 3792 1344 quo

2179 1354 2270 1409 ille
2301 1354 2370 1410 ab
2398 1355 2478 1411 eis
2507 1356 2753 1414 vincitur
2784 1357 2880 1430 qui
2922 1373 3018 1430 per
3048 1365 3256 1414 natura:
3287 1359 3591 1432 potentiam
3625 1361 3793 1433 quasi

2170 1440 2296 1514 jure
2323 1460 2381 1500 se
2413 1443 2735 1503 hominibus
2764 1463 3046 1520 superesse
3077 1445 3366 1520 gloriatur.
3402 1448 3711 1522 Sequitur:

2771 1561 3000 1621 CAPUT
3024 1563 3177 1621 XXI.

2248 1649 2384 1707 Isin.
2415 1681 2488 1693 —
2510 1651 2613 1718 Qui
2639 1649 2813 1722 factus
2841 1659 2917 1708 est
2943 1660 3004 1709 ut
3027 1655 3236 1711 nullum
3266 1655 3490 1714 timeret.

2250 1739 2340 1796 40.
2373 1741 2594 1798 Primus
2622 1743 2840 1814 angelus
2893 1742 2967 1798 sic
3010 1745 3269 1815 conditus,
3327 1752 3387 1803 ut
3429 1747 3603 1804 Deum
3649 1754 3793 1806 caste

458 1802 714 1876 piscanta
733 1805 932 1862 diaboli
953 1807 1178 1878 laqueis,
1199 1827 1234 1864 a
1247 1827 1350 1880 quo
1367 1812 1510 1883 capti
1527 1819 1785 1882 tenentur,
1807 1815 1879 1870 ad
1897 1813 2062 1886 ipsius

2179 1829 2398 1886 timeret.
2441 1830 2622 1891 Viuxit
2637 1802 2754 1888 eum
2785 1831 2999 1890 libertas
3017 1852 3176 1906 quam
3195 1802 3435 1909 appetiit.
3455 1867 3529 1880 --
3545 1837 3638 1896 Sic
3664 1840 3790 1912 qui-

463 1893 787 1949 uoluntatem
801 1895 898 1965 (II
915 1897 1051 1953 Tim.
1074 1913 1136 1967 ιι,
1159 1898 1250 1966 25,
1269 1899 1360 1971 26)
1385 1899 1413 1957 ?
1433 1901 1506 1956 Et
1531 1902 1810 1975 quomodo
1827 1919 1924 1976 pro
1951 1902 2065 1960 illis

465 1987 602 2038 tunc
647 1983 914 2050 orabitur,
963 1986 1180 2060 quando
1203 1985 1318 2060 jam
1366 1991 1684 2048 nullatenus
1731 2000 1960 2064 possunt
1995 1992 2065 2050 ad

459 2070 690 2144 justitiee
711 2089 874 2146 opera
887 2075 955 2132 ab
975 2073 1267 2150 iniquitate
1283 2081 1634 2137 commutari.
1654 2080 1858 2138 Eadem
1876 2082 2063 2156 itaque

397 2181 408 2198 ι
463 2177 626 2218 causa
653 2170 734 2218 est
762 2180 862 2219 cur
879 2181 992 2222 non
1021 2173 1208 2223 oretur
1225 2175 1361 2224 tunc
1384 2185 1482 2241 pro
1511 2168 1834 2227 hominibus
1853 2179 2060 2228 :etemo

464 2248 590 2322 igne
617 2251 912 2322 damnatis,
957 2270 1077 2327 quae
1119 2272 1267 2314 nunc
1301 2257 1465 2313 etiam
1507 2273 1670 2314 causa
1712 2269 1794 2316 est
1843 2267 1906 2316 ut
1952 2277 2064 2318 non

465 2344 652 2395 oretur
677 2357 778 2414 pro
797 2341 1017 2399 diabolo
1046 2345 1360 2418 angelisque
1400 2343 1522 2417 ejus
1550 2355 1755 2405 aeterno
1782 2351 2064 2423 supplicio

463 2428 756 2503 deputatis.
791 2433 921 2502 Quae
962 2451 1111 2493 nunc
1138 2437 1306 2492 etiam
1345 2452 1508 2494 causa
1544 2448 1644 2506 est,
1679 2449 1739 2497 ut
1767 2456 1877 2496 non
1908 2450 2066 2498 orent

464 2521 636 2578 sancti
669 2520 920 2580 homines
949 2538 1048 2596 pro
1078 2522 1403 2582 hominibus
1426 2525 1746 2585 inﬁdelibus
1768 2529 2062 2603 impiisque

464 2609 760 2678 defunctis,
793 2614 888 2686 qui
915 2613 983 2670 de
1019 2615 1099 2670 eis
1142 2615 1334 2688 utique
1372 2633 1510 2689 quos
1538 2625 1742 2674 aeterno
1771 2621 2057 2692 deputatos

464 2699 736 2771 supplicio
760 2701 874 2772 jam
905 2710 1183 2758 noverunt
1211 2709 1336 2760 ante
1357 2705 1516 2761 illum
1542 2705 1748 2778 judicis
1768 2706 1905 2780 justi
1935 2727 2062 2766 con-

465 2796 708 2858 spectum
741 2789 1008 2846 orationis
1057 2807 1168 2847 suae
1217 2792 1481 2848 meritum
1521 2795 1720 2852 cassari
1749 2798 2048 2870 refugiunt.

470 2876 628 2944 Quod
654 2877 700 2934 si
729 2895 876 2936 nunc
905 2895 1119 2952 quoque
1142 2881 1391 2939 viventes
1414 2881 1554 2954 justi
1586 2889 1819 2944 mortuis
1839 2897 1891 2944 et
1908 2889 2056 2947 dam-

467 2966 611 3023 natis
639 2965 862 3038 injustis
891 2965 1118 3025 minime
1161 2973 1598 3044 compatiuntur,
1631 2975 1850 3049 quando
1877 2978 2061 3037 adhuc

467 3052 677 3126 aliquid
699 3051 1002 3126 judicabile
1027 3055 1094 3113 de
1122 3075 1221 3115 sua
1248 3075 1410 3117 carne
1441 3079 1496 3118 se
1524 3066 1734 3136 perpeti
1771 3066 1934 3123 etiam
1957 3068 2062 3142 ipsi

2177 1917 2302 1975 dem
2333 1920 2514 1977 factus
2551 1929 2633 1977 est
2680 1939 2776 1995 per
2823 1930 3099 1994 naturam,
3142 1933 3204 1981 ut
3241 1925 3584 1985 conditorem
3619 1944 3790 1984 suum

2177 2017 2323 2066 caste
2355 2010 2548 2066 timere
2578 2010 2877 2082 debuisset,
2913 2014 3112 2072 timore
3141 2014 3403 2074 videlicet
3447 2016 3636 2074 sobrio
3671 2019 3692 2053 3
3731 2025 3791 2074 et

2177 2115 2368 2155 securo
2393 2117 2406 2166 ;
2453 2115 2566 2155 non
2596 2101 2794 2158 timore
2821 2118 2983 2175 quem
3013 2103 3160 2161 foras
3187 2103 3428 2163 charitas
3457 2106 3654 2175 mittit,
3687 2105 3790 2164 sed

2178 2189 2398 2258 timore,
2421 2189 2516 2262 qui
2539 2189 2596 2246 in
2625 2192 2886 2248 saeculum
2913 2194 3102 2250 saeculi
3125 2203 3411 2267 permanet
3427 2197 3494 2268 (Ι
3515 2196 3679 2253 Joan.
3703 2212 3788 2266 Iv,

2181 2278 2296 2350 18),
2328 2277 2383 2334 id
2413 2286 2494 2335 est
2534 2297 2696 2353 quem
2726 2281 2964 2338 charitas
3002 2283 3196 2356 gignit.
3228 2285 3410 2342 Aliter
3441 2285 3590 2342 enim
3622 2287 3789 2342 timet

2176 2367 2470 2440 conjugem
2508 2386 2654 2425 uxor
2682 2387 2893 2441 amans,
2919 2373 3080 2430 aliter
3101 2373 3395 2431 dominum
3426 2375 3633 2448 ancilla
3662 2392 3790 2449 pec-

2177 2474 2326 2514 cans.
2358 2457 2451 2514 Sic
2481 2475 2609 2530 ergo
2626 2459 2804 2516 fuerat
2836 2461 2936 2517 iste
2966 2463 3246 2533 conditus,
3278 2473 3549 2538 quatenus
3581 2467 3786 2524 timore

2180 2547 2304 2603 laeto
2333 2554 2616 2604 auctorem
2647 2566 2805 2606 suum
2829 2557 2884 2606 et
2917 2567 3106 2608 amans
3130 2562 3421 2624 metueret,
3442 2561 3498 2611 et
3527 2563 3786 2613 metuens

2177 2643 2402 2693 amaret.
2437 2637 2545 2692 Sed
2575 2654 2672 2693 sua
2702 2639 3061 2711 perversitate
3083 2642 3213 2698 talis
3237 2641 3415 2700 factus
3435 2651 3538 2714 est,
3568 2654 3634 2702 ut
3661 2645 3786 2702 nul-

2177 2725 2293 2780 lum
2327 2726 2566 2783 timeret.
2589 2727 2657 2782 Ei
2687 2729 2886 2802 quippe
2908 2747 3058 2804 aquo
3085 2731 3343 2790 conditus
3363 2733 3544 2792 fuerat
3557 2733 3787 2793 subesse

2175 2814 2450 2888 despexit.
2495 2818 2576 2873 lta
2597 2818 2742 2873 enim
2772 2819 2918 2875 Deus
2942 2838 3105 2894 super
3121 2824 3307 2878 omnia
3322 2831 3424 2894 est,
3445 2833 3510 2881 ut
3539 2827 3656 2899 ipse
3677 2826 3786 2884 sub

2177 2905 2332 2960 nullo
2365 2905 2458 2961 sit.
2489 2906 2793 2964 Leviathan
2830 2925 2962 2966 vero
3003 2910 3102 2968 iste
3123 2911 3242 2984 ejus
3272 2914 3623 2972 celsitudinis
3647 2917 3784 2974 cul-

2179 3010 2332 3050 mens
2361 2995 2652 3068 aspiciens,
2688 2999 2708 3032 *
2731 2995 2825 3069 jus
2852 3015 3120 3072 perversae
3159 3003 3430 3062 libertatis
3455 3005 3689 3078 appetit,
3721 3017 3784 3064 ut

2177 3091 2230 3140 et
2259 3096 2517 3156 praeesset
2548 3091 2780 3159 caeteris,
2799 3100 2852 3148 et
2880 3094 3022 3150 nulli
3044 3096 3310 3169 subesset,
3334 3099 3555 3156 dicens:
3586 3101 3784 3156 Ascen-

465 3150 971 3216 noverunt,quanto
987 3144 1295 3204 districtius
1309 3156 1444 3206 tunc
1460 3149 1777 3225 iniquorum
1795 3164 2062 3215 tormenta

465 3229 766 3254 _-_..2_2--..a.
821 3233 1028 3254 ___-_J_
1084 3234 1138 3254 ,ι
1177 3252 1246 3254 4,”
1280 3236 1316 3254 γ·
1379 3239 1436 3254 ..ι
1706 3241 1740 3254 ,.
1829 3243 1839 3254 ι
2006 3246 2039 3254 .-

2261 3144 2277 3156 _
2637 3144 2642 3145 ,
2665 3144 2668 3145 ν
2805 3144 2850 3148 --
2880 3144 3022 3150 π---
3044 3144 3310 3169 ---ηννη
3335 3144 3554 3156 ...ν-μυ.
3586 3144 3762 3156 ---νω-

2179 3173 2299 3229 dam
2327 3192 2484 3248 super
2510 3179 2844 3237 altitudinem
2869 3185 3106 3254 nubium,
3137 3193 3184 3242 et
3211 3187 3402 3243 similis
3431 3207 3522 3245 ero
3544 3189 3784 3245 Altissi—

463 3229 785 3302 respiciunt,
817 3233 1056 3305 quando,
1079 3234 1147 3291 ab
1166 3236 1320 3292 omni
1337 3239 1478 3294 vitio
1498 3241 1872 3314 corruptionis
1887 3246 2064 3317 exuti,

466 3317 570 3390 ipsi
595 3316 710 3390 jam
729 3317 961 3390 justitiae
989 3321 1232 3379 vicinius
1259 3331 1423 3398 atque
1444 3329 1653 3384 arctius
1675 3316 2067 3393 inhaerebunt?

467 3411 558 3468 Sic
587 3413 788 3484 quippe
813 3430 1005 3471 eorum
1047 3425 1264 3474 mentes
1291 3436 1386 3492 per
1431 3421 1538 3479 hoc
1566 3425 1712 3496 quod
1757 3422 2067 3498 justissima

459 3499 638 3573 judici
655 3500 946 3572 inhaerent,
969 3505 1055 3562 vis
1073 3503 1443 3566 districtionis
1455 3510 1734 3580 absorbet,
1756 3522 1824 3571 ut
1838 3518 2066 3576 omnino

467 3591 546 3649 eis
571 3606 684 3649 non
709 3592 875 3650 libeat
897 3594 1168 3670 quidquid
1186 3598 1255 3655 ab
1285 3599 1437 3658 illius
1465 3602 1697 3662 internae
1719 3607 1920 3680 regulae
1939 3608 2066 3667 sub-

466 3679 668 3738 tilitate
699 3679 994 3742 discordat.

535 3771 639 3828 Sed
669 3772 819 3846 quia,
847 3774 1072 3834 suborto
1099 3777 1408 3837 occasionis
1453 3781 1710 3854 articulo,
1765 3783 1882 3844 haec
1922 3805 2066 3846 con-

464 3862 596 3916 tra‘
646 3859 981 3934 Origenistas
1011 3866 1252 3924 breviter
1308 3867 1577 3942 diximus,
1617 3873 1686 3930 ad
1729 3890 1854 3932 eum
1900 3893 2062 3950 quem

463 3949 916 4020 praetermisimus
979 3957 1290 4030 exponendi
1358 3959 1611 4018 ordinem
1689 3949 2059 4027 recurremus.

469 4043 648 4102 1134
681 4041 702 4074 ²
728 4041 1022 4117 Postquam
1064 4047 1376 4106 misericors
1409 4051 1681 4109 Dominus
1709 4053 1909 4110 callida
1938 4072 2064 4113 ma—

461 4133 813 4196 chinamenta
841 4140 1143 4200 Leviathan
1173 4143 1334 4201 istius
1352 4144 1642 4216 indicavit,
1667 4156 1850 4220 aperte
1870 4152 2062 4223 praedi-

461 4238 590 4280 cens
613 4241 774 4282 omne
803 4228 950 4299 quod
975 4231 1177 4287 electos
1213 4233 1459 4288 exterius
1480 4233 1838 4294 vehementer
1864 4241 2062 4312 oppri-

461 4313 586 4380 mit,
616 4330 777 4370 omne
806 4316 954 4387 quod
1004 4317 1238 4374 interius
1266 4322 1613 4392 suggestione
1659 4341 1759 4382 sua
1813 4330 2062 4401 reprobis

461 4401 809 4464 hlandieuter
820 4407 1227 4478 infundit,mox
1243 4413 1648 4473 immanitatem
1663 4417 1893 4478 virtutis
1907 4423 2062 4482 illius

461 4494 706 4554 breviter
732 4495 1022 4557 insinuans
1049 4500 1236 4558 subdit
1261 4520 1272 4558 :

725 4612 954 4672 CAPUT
977 4615 1083 4673 xx
1116 4613 1255 4692 [νει.
1291 4619 1440 4691 XIV,
1469 4623 1589 4681 Rec.
1625 4623 1830 4702 XVII].

531 4699 701 4761 Vnus.
747 4701 836 4760 24.
877 4732 950 4750 --
982 4707 1102 4766 Non
1145 4714 1220 4764 est
1249 4726 1409 4782 super
1458 4717 1656 4771 terram
1695 4699 1926 4788 potestas
1949 4735 2067 4790 qua:

458 4801 800 4866 comparetur
819 4797 868 4853 ei
873 4841 884 4854 .

530 4882 618 4942 39.
640 4882 920 4954 Diabolus,
951 4883 1147 4945 amissa
1170 4887 1440 4962 felicitate,
1470 4897 1680 4950 natura:
1709 4899 1881 4952 tamen
1907 4914 2060 4972 ange-

533 5077 548 5120 ί
581 5079 661 5170 De
690 5077 780 5142 his
805 5081 1240 5170 Origenistarum
1271 5092 1324 5170 et
1351 5088 1580 5170 fortasse
1609 5089 1860 5170 Origenis
1887 5095 2060 5170 ipsius

459 5155 740 5214 erroribus
758 5155 984 5216 consule
1005 5160 1440 5218 illustrissimum
1459 5180 1522 5220 ac
1543 5155 1926 5225 doctissimum
1955 5155 2057 5226 Da?

460 5227 979 5312 nieleml‘luetium,
1026 5232 1065 5312 1.
1113 5247 1166 5312 n_
1197 5233 1964 5312 Origenianorum,_cap.716,
1994 5259 2058 5300 ac

461 5299 839 5376 sequentibus,
860 5299 1260 5376 ubiostendere
1276 5299 1497 5376 n'ititur,
1516 5325 1628 5364 non
1639 5299 1816 5366 solum
1835 5299 2056 5370 dam'nao

459 5373 660 5459 toru‘ml
677 5374 852 5452 poenis
878 5374 1109 5459 modum
1139 5373 1717 5459 aliquandp‘etfinem,
1739 5399 1808 5440 ex
1835 5393 2052 5459 senten-

462 5438 541 5492 tia
569 5438 841 5528 Origenis,
875 5445 1194 5528 impositum
1221 5438 1313 5518 iri,
1330 5449 1423 5528 sed
1445 5438 1802 5528 ipsiusietiam
1823 5438 2054 5528 diaboli,

461 5517 809 5607 “quemndgtft
836 5517 1214 5607 ppeuitentiam
1245 5517 1304 5607 et
1327 5517 1557 5606 salutem
1585 5525 1884 5607 aliquando
1908 5517 2058 5607 con;

459 5584 958 5667 secuturu.m.“Non
997 5587 1200 5667 desunt
1240 5599 1425 5667 tamen
1453 5595 1548 5667 qui
1591 5595 1660 5652 ab
1680 5584 1922 5654 immani
1951 5600 2060 5660 hoc

663 5651 965 5743 Aviqdicept
991 5651 1554 5743 Qrigenemﬂsege‘ex
1577 5651 1650 5743 nu
1657 5651 1921 5740 péEiniiE
1939 5651 2060 5743 ejus

461 5715 847 5806 defensoribus
855 5715 1741 5806 “doctissimumj‘illcemontiuin;
1753 5715 2058 5798 ’έδὦῇξῇ

459 5791 727 5848 tariorum
761 5791 828 5850 de
855 5795 1236 5856 Ecclesiastica
1263 5803 1402 5860 Hist.
1435 5791 2058 5887 ιοίήὄιίῖῗίῖὅῖυἷέέἧθ

2175 3282 2263 3354 mo
2291 3264 2446 3338 (Isai.
2480 3285 2598 3339 XIV,
2633 3271 2744 3344 14),
2779 3272 2948 3346 Cujus
2977 3293 3041 3332 eo
3057 3277 3176 3350 ipso
3199 3278 3631 3337 similitudinem
3663 3297 3782 3354 per-

2175 3353 2340 3424 didit,
2373 3373 2482 3428 quo
2515 3374 2632 3415 esse
2662 3360 2710 3416 ei
2742 3363 2972 3434 superbe
2993 3365 3197 3422 similis
3225 3367 3284 3422 in
3300 3369 3635 3426 celsitudine
3651 3353 3782 3428 con-

2175 3444 2408 3516 cupivit.
2433 3447 2540 3514 Qui
2554 3449 2702 3504 enim
2715 3449 3039 3510 charitatem
3056 3453 3176 3527 ejus
3189 3452 3396 3514 imitari
3417 3457 3638 3528 debuit,
3655 3460 3783 3516 sub-

2175 3535 2326 3594 ditus
2354 3539 2553 3596 ambiit
2580 3539 2699 3613 ejus
2729 3545 3139 3619 celsitudinem,
3169 3559 3223 3607 et
3253 3549 3361 3608 hoc
3387 3551 3538 3624 quod
3566 3552 3782 3609 imitari

2174 3633 2408 3699 poterat,
2439 3631 2626 3688 amisit
2640 3632 2834 3690 elatus.
2869 3635 3060 3694 Celsus
3079 3638 3348 3697 nimirum
3363 3651 3524 3711 esset,
3545 3643 3594 3698 si
3611 3644 3665 3698 ei
3685 3645 3783 3717 qui

2173 3718 2445 3775 veraciter
2474 3721 2651 3779 celsus
2670 3731 2752 3780 est
2776 3723 3044 3782 inhaerere
3077 3729 3362 3788 voluisset.
3393 3730 3590 3790 Celsus
3616 3741 3784 3804 esset,

2172 3808 2218 3864 si
2249 3810 2670 3884 participatione
2699 3832 2840 3872 verae
2870 3817 3218 3878 celsitudinis
3234 3829 3530 3880 contentus
3557 3823 3780 3883 fuisset.

2173 3899 2278 3955 Sed
2298 3900 2431 3958 dum
2447 3903 2720 3975 privatam
2741 3907 3128 3966 celsitudinem
3141 3911 3643 3986 superbeappetiit,
3653 3912 3786 3986 jure

2173 3991 2414 4061 perdidit
2467 3996 2870 4070 participatam.
2905 4002 3118 4060 Relicto
3163 4005 3312 4062 enim
3366 4022 3431 4062 eo
3459 4008 3555 4063 cui
3585 4007 3789 4064 debuit

2172 4081 2441 4140 inhaerere
2467 4086 2765 4162 principio,
2787 4107 2948 4148 suum
2981 4094 3088 4150 sibi
3107 4097 3340 4169 appetiit
3366 4097 3787 4170 quodammodo

2171 4187 2287 4228 esse
2317 4175 2676 4248 principium.
2707 4180 2920 4238 Relicto
2943 4201 3006 4240 eo
3019 4201 3112 4258 qui
3144 4202 3270 4243 vere
3299 4187 3386 4244 illi
3413 4189 3668 4248 sufﬁcere
3690 4209 3786 4264 po-

2171 4270 2332 4331 terat,
2367 4279 2422 4320 se
2443 4265 2546 4321 sibi
2577 4268 2826 4326 sufﬁcere
2847 4287 3002 4343 posse
3022 4273 3300 4346 judicavit
3322 4295 3335 4344 ;
3359 4287 3412 4334 et
3430 4285 3589 4336 tanto
3607 4281 3786 4355 magis

2171 4353 2318 4410 infra
2344 4371 2400 4411 se
2429 4358 2652 4429 cecidit,
2685 4369 2891 4433 quanto
2919 4365 3092 4437 magis
3120 4381 3177 4422 se
3205 4376 3397 4424 contra
3426 4369 3662 4441 gloriam
3695 4353 3784 4428 sui

2175 4443 2510 4502 conditoris.
2536 4450 2734 4506 erexit.
2765 4452 2901 4508 Nam
2925 4470 3086 4526 quem
3108 4457 3386 4514 exaltabat
3407 4458 3584 4516 libera
3611 4463 3784 4518 servi-

2088 4542 2140 4603 D
2169 4541 2280 4604 tus,
2314 4535 2515 4608 dejecit
2543 4542 2760 4614 captiva
2789 4543 3032 4603 libertas.
3091 4547 3208 4617 Qua
3236 4549 3489 4607 libertate
3535 4568 3694 4610 nunc
3722 4561 3787 4610 ut

2180 4624 2398 4683 nullum
2429 4629 2620 4687 timeat
2646 4632 2963 4704 eﬂ‘renatur,
2994 4636 3090 4693 sed
3129 4638 3247 4711 ipsa
3275 4640 3518 4711 graviter
3546 4643 3784 4701 effrena-

2174 4715 2328 4772 tione
2361 4721 2730 4794 restringitur.
2754 4723 3002 4798 Superuo
3025 4727 3174 4782 enim
3199 4727 3415 4801 judicio
3443 4741 3652 4788 cuncta
3678 4733 3783 4790 mi-

2175 4803 2428 4863 rabiliter
2456 4809 2768 4882 ordinante,
2788 4814 2809 4847 δ
2839 4813 3026 4870 vinxit
3054 4815 3212 4872 illum
3246 4816 3470 4874 libertas
3489 4835 3663 4892 quam
3691 4836 3785 4893 ap-

2170 4895 2352 4967 petiit,
2383 4899 2514 4972 quia
2544 4916 2696 4959 nunc
2723 4903 3045 4962 omnimodo
3080 4906 3101 4942 ⁶
3143 4922 3256 4963 non
3283 4907 3488 4966 timens
3513 4909 3784 4968 omnibus

2166 5105 2271 5155 art.
2308 5095 2395 5158 19.

2239 5171 2260 5205 ³
2291 5172 2418 5256 llaec
2443 5179 2497 5229 et
2525 5180 2920 5256 ca_etera_usque
2955 5173 3024 5236 ad
3051 5185 3100 5234 et
3119 5173 3339 5256 jussum
3361 5177 3627 5256 divinitus
3656 5181 3783 5256 olfe-

2163 5258 2296 5324 ram_
2311 5244 2697 5324 holopaustum,
2723 5249 2760 5305 l.
2789 5244 2968 5320 xxxv,
2998 5244 3136 5324 cap:
3149 5252 3285 5310 olim
3309 5253 3360 5322 7,
3380 5244 3781 5316 desiderantur

2165 5314 2224 5370 in
2258 5313 2392 5372 Cod.
2427 5317 2549 5374 Val.
2582 5317 2665 5376 Cl.

2197 5457 2207 5471 .
2238 5387 2260 5422 ³
2289 5386 2524 5459 Gemet.,
2555 5389 2666 5448 duo
2687 5392 2870 5450 Germ.
2895 5399 2950 5450 et
2979 5394 3176 5465 Laud.,
3203 5395 3390 5455 timore
3427 5415 3640 5471 securo,
3669 5419 3781 5458 non

2167 5465 2500 5612 ὴῃέοᾷἒξηθι.
2533 5541 2589 5590 et
2613 5534 2776 5594 Corb.
2810 5536 3020 5608 Germ.,
3051 5537 3164 5609 ejus
3181 5557 3431 5612 perverse
3479 5543 3779 5602 libertatem

2166 5609 2404 5674 appetiit,
2426 5610 2502 5660 ut.

2239 5675 2260 5746 δ
2291 5674 2552 5746 Yindoc.,
2574 5673 2781 5746 junxit.

2240 5745 2262 5780 θ
2292 5745 2487 5815 Laud.,
2514 5745 2621 5803 non
2651 5751 2836 5808 timens
2863 5753 3022 5811 etiam
3045 5770 3312 5827 superesse
3328 5764 3569 5829 poterat.
3603 5759 3776 5820 Corb.

2167 5816 2350 5876 Germ.
2359 5859 2376 5888 ,
2398 5835 2562 5890 quam
2589 5837 2746 5878 nunc.
