3936 6388
124 324 233 388 741

924 332 1295 398 MORALIUM
1331 340 1465 401 LIB.
1506 338 1768 403 XXXIV.
1807 376 1879 391 —
1916 346 1989 409 IN
2024 351 2254 412 CAPUT
2290 353 2413 414 XLI
2445 358 2508 416 B.
2548 359 2692 419 JOB.

3359 360 3460 426 742

120 456 426 560 suppliciis
463 458 729 532 subjacet,
779 461 873 565 qui
898 463 1199 565 ‘elementis
1243 466 1410 523 etiam
1453 485 1733 542 superesse
1766 478 1818 539 Α
1839 473 1955 548 jam
1986 486 2190 537 unctus
2215 480 2274 537 in
2304 499 2485 555 regem
2511 483 2712 554 fuerat,
2745 485 2858 558 jam
2885 500 3146 549 exorante
3177 492 3457 565 Samuele,

120 548 429 621 poterat,si
444 565 617 605 unum
635 567 798 624 quem
830 551 1021 609 debuit
1041 555 1235 612 timere
1253 557 1539 615 voluisset.
1556 560 1738 617 Unum

121 637 382 711 profecto
411 637 633 695 timeret
661 640 851 696 omnia
878 642 1185 714 possidens,
1213 646 1309 719 qui
1359 663 1511 705 nunc
1564 665 1740 706 unum

120 742 242 783 non
274 727 480 784 timens
505 729 693 785 omnia
718 731 952 801 patitur.

196 815 293 873 41.
336 817 437 872 Dei
493 818 732 875 timorem
778 821 975 876 amisit.
1030 823 1236 889 Quanto
1276 825 1361 879 sui
1416 826 1628 883 damno.
1671 858 1742 869 —

122 907 332 962 Factus
361 915 443 963 est
469 925 599 981 ergo
627 916 690 965 ut
719 910 936 966 nullum
977 911 1216 980 timeret,
1265 915 1484 970 nullum
1529 915 1741 972 videli-

124 1002 233 1065 cet,
284 1002 477 1060 1135
515 998 646 1072 quia
694 1015 796 1055 nec
840 1001 1040 1069 Deum,
1071 1001 1166 1057 sed
1207 1019 1383 1076 neque
1439 1004 1545 1062 hoc
1595 1005 1741 1078 quod

125 1110 394 1167 passurus
422 1102 505 1152 est
526 1097 740 1152 metuit.
767 1096 869 1155 Cui
898 1097 1164 1155 nimirum
1205 1100 1423 1160 felicius
1452 1104 1631 1159 fuerat
1660 1103 1742 1159 ti—

125 1183 338 1240 mendo
360 1185 538 1242 vitare
566 1185 838 1258 supplicia
866 1204 1029 1259 quam
1066 1204 1178 1244 non
1208 1189 1456 1247 timendo
1482 1193 1737 1248 tolerare.

124 1274 456 1346 Appetitum
486 1274 673 1347 itaque
701 1274 1049 1332 celsitudinis
1069 1279 1237 1334 vertit
1257 1279 1314 1334 in
1336 1279 1573 1352 rigorem
1592 1297 1741 1337 men-

126 1364 221 1433 tis,
254 1371 320 1420 ut
345 1363 462 1436 jam
495 1380 592 1438 per
610 1365 874 1423 duritiam
902 1368 993 1423 ‘se
1015 1369 1156 1424 male
1187 1370 1359 1441 egisse
1376 1387 1488 1426 non
1518 1373 1739 1441 sentiat,

126 1457 225 1530 qui
246 1474 481 1530 praeesse
501 1475 598 1532 per
617 1460 848 1531 gloriam
871 1460 1169 1534 qumrebat.
1191 1462 1329 1518 Nam
1348 1465 1477 1537 quia
1486 1463 1578 1536 jus
1596 1480 1742 1536 quae-

126 1546 251 1604 sitae
283 1549 570 1620 potestatis
597 1566 710 1605 non
740 1549 1002 1619 obtinuit,
1037 1551 1191 1623 quasi
1221 1553 1497 1625 quoddam
1540 1572 1742 1628 super-

123 1641 236 1699 biae
267 1660 385 1700 sua:
414 1642 721 1699 remedium
751 1644 1024 1701 insaniam
1040 1644 1481 1703 insensibilitatis
1503 1648 1738 1717 invenit;

124 1740 181 1788 et
208 1732 346 1805 quia
370 1741 640 1806 provectu
660 1733 966 1806 transgredi
986 1744 1185 1791 cuncta
1202 1752 1313 1792 non
1334 1736 1536 1809 potuit,
1553 1737 1745 1811 despe-

1849 573 1904 622 et
1931 584 2102 624 cornu
2131 585 2294 643 super
2309 588 2365 627 se
2381 573 2562 629 oleum
2586 574 2850 633 fundente
2869 578 3138 639 didicerat
3158 583 3302 656 quod
3323 601 3450 641 eum

1849 656 2040 715 divina
2070 660 2265 731 gratia,
2297 662 2425 718 Saul
2456 664 2764 736 reprobato,
2796 666 2863 723 ad
2894 670 3046 740 regni
3077 671 3452 743 gubernacula

1851 749 2181 819 possidenda
2200 752 2470 821 servabat,
2503 761 2557 810 et
2588 762 2770 811 tamen
2804 762 3155 832 persequenti
3185 763 3456 821 adversa-

1850 839 1935 894 rio
1966 850 2147 896 mente
2175 840 2377 897 humili
2407 860 2462 899 se
2491 844 2892 916 substernebat,
2917 849 3002 903 cui
3023 849 3217 907 divino
3240 850 3456 923 judicio

1852 929 2141 1000 przelatum
2173 948 2231 986 se
2259 948 2375 988 esse
2406 941 2655 990 noverat.
2693 935 2779 991 Illi
2836 936 3019 1010 itaque
3061 955 3118 995 se
3164 940 3455 999 humiliter

1852 1020 2215 1091 postponebat
2260 1039 2369 1095 quo
2401 1040 2497 1095 per
2526 1024 2812 1081 electionis
2841 1029 3070 1099 gratiam
3114 1030 3459 1103 incompara-

1851 1110 2041 1168 biliter
2068 1129 2124 1168 se
2154 1121 2385 1171 noverat
2414 1132 2532 1174 esse
2563 1118 2866 1175 meliorem.
2909 1122 3136 1178 Discant
3165 1140 3293 1197 ergo
3324 1140 3457 1196 quo-

1854 1201 2018 1259 modo
2062 1202 2347 1261 humiliari
2395 1208 2665 1279 proximis
2716 1209 2969 1282 debeant,
3002 1213 3097 1286 qui
3132 1214 3315 1271 adhuc
3346 1230 3455 1287 quo

1853 1290 1974 1349 loco
2003 1294 2151 1367 apud
2182 1297 2356 1352 Deum
2381 1297 2688 1355 habeantur
2714 1302 2989 1371 nesciunt,
3022 1303 3068 1360 si
3099 1303 3179 1361 sic
3207 1321 3263 1361 se
3292 1304 3460 1363 electi

1851 1384 2017 1439 etiam
2060 1385 2082 1419 ²
2112 1385 2268 1442 illius
2302 1385 2623 1456 humiliant,
2657 1388 2860 1460 quibus
2882 1389 2997 1462 jam
3028 1408 3084 1447 se
3112 1408 3208 1464 per
3236 1392 3458 1450 interna

1845 1469 2059 1543 judicia
2088 1475 2109 1509 ³
2141 1474 2481 1548 antepositos
2510 1475 2952 1548 deprehendunt.

1920 1561 2008 1618 43.
2065 1564 2357 1621 Humilitas
2413 1567 2693 1622 electorum
2742 1570 2991 1641 propria.
3025 1600 3097 1613 --
3126 1570 3243 1628 Hoc
3271 1578 3454 1630 autem

1852 1653 2136 1726 proprium
2173 1671 2288 1711 esse
2320 1656 2597 1728 specimen
2625 1658 2925 1715 electorum
2953 1662 3112 1730 solet,
3143 1662 3291 1734 quod
3311 1662 3379 1719 de
3399 1679 3457 1721 se

1851 1759 2066 1816 semper
2107 1745 2357 1800 sentiunt
2386 1744 2533 1801 infra
2562 1762 2726 1819 quam
2757 1756 2904 1805 sunt.
2938 1750 3081 1807 Hinc
3122 1767 3359 1824 namque
3388 1751 3457 1808 ab

124 1828 223 1910 ctu
253 1838 313 1878 se
347 1829 542 1879 contra
585 1830 785 1881 cuncta
827 1824 1174 1896 praeparavit.
1212 1823 1350 1898 [Vet.
1392 1825 1539 1900 XV.]
1572 1826 1743 1898 Cujus
1774 1847 1822 1908 Β
1851 1831 2043 1888 eodem
2073 1832 2252 1889 David
2296 1832 2502 1890 dicitur
2536 1852 2546 1890 :
2579 1836 2638 1891 Si
2680 1852 2787 1891 non
2826 1838 3101 1893 humiliter
3150 1823 3456 1910 sentiebam,

124 1909 317 1968 adhuc
344 1911 601 1984 superbia
632 1912 877 1970 studiose
905 1912 1260 1984 describitur,
1308 1930 1437 1971 cum
1490 1915 1744 1987 protinus

125 1999 482 2059 subinfertur
510 2019 522 2058 :

711 2119 939 2179 CAPUT
986 2119 1168 2178 XXII.

202 2229 377 2290 Vsus.
410 2233 500 2290 25.
528 2264 600 2275 —
630 2233 793 2292 Omne
822 2233 1043 2291 sublime
1070 2234 1229 2290 videt.

197 2321 290 2379 42.
326 2323 543 2381 Diaboli
570 2323 784 2395 ejusque
802 2324 1157 2381 membrorum
1185 2324 1441 2382 immensa
1466 2321 1737 2396 superbia.

126 2413 269 2470 Saul
279 2421 502 2486 propter
519 2415 798 2472 elationem
815 2416 1148 2488 reprobatus.
1173 2416 1399 2472 Davidis
1418 2416 1476 2470 in
1495 2430 1743 2487 suprema

128 2501 392 2574 dignitate
424 2505 721 2560 humilitas.
739 2535 811 2546 —
842 2504 904 2560 Id
933 2511 1034 2573 est,
1069 2512 1297 2561 cunctos
1328 2504 1482 2561 velut
1510 2504 1656 2559 infra
1685 2518 1743 2558 se

125 2591 342 2664 positos
357 2593 513 2666 quasi
530 2592 597 2650 de
623 2592 850 2649 sublimi
871 2594 1116 2665 respicit,
1141 2594 1271 2666 quia
1291 2592 1423 2648 dum
1446 2608 1542 2665 per
1560 2593 1741 2648 inten-

125 2680 343 2737 tionem
375 2689 568 2739 contra
593 2688 873 2738 auctorem
903 2681 1121 2750 nititur,
1141 2681 1410 2738 aestimare
1427 2681 1532 2738 sibi
1555 2697 1742 2755 quem-

130 2770 276 2828 libet
299 2769 541 2825 similem
571 2769 919 2843 dedignatur.
940 2771 1099 2839 Quod
1115 2779 1237 2844 apte
1257 2772 1423 2827 etiam
1441 2768 1560 2841 ejus
1577 2787 1743 2826 mem-

126 2859 252 2916 bris
285 2857 563 2930 congruit,
595 2860 725 2932 quia
743 2876 934 2916 omnes
954 2861 1132 2933 iniqui
1154 2876 1249 2933 per
1267 2867 1541 2915 tumorem
1563 2858 1745 2916 cordis

124 2949 261 3006 elati
279 2954 511 3005 cunctos
535 2965 674 3022 quos
692 2956 926 3006 cernunt
946 2948 1215 3021 superbiae
1232 2949 1377 3004 fastu
1396 2948 1740 3021 despiciunt;

132 3046 193 3095 et
221 3037 270 3093 si
301 3034 526 3109 quando
554 3052 617 3091 ex
628 3036 801 3092 terius
832 3044 1186 3106 venerantur,
1205 3037 1357 3093 intus
1382 3044 1569 3093 tamen
1587 3037 1645 3092 in
1664 3052 1743 3092 se-

129 3134 292 3185 creto
338 3124 543 3194 cordis,
575 3125 673 3181 ubi
719 3125 866 3198 apud
909 3142 965 3183 se
1013 3143 1111 3183 sua
1164 3126 1527 3183 aestimatione
1558 3125 1742 3198 magni

126 3225 284 3288 sunt,
299 3224 625 3276 cunctorum
647 3218 754 3275 sibi
781 3218 952 3276 vitam
981 3220 1352 3294 meritumque
1382 3226 1741 3292 postponunt,
1774 3213 1817 3273 C

128 3324 340 3382 eosque
370 3306 519 3363 infra
545 3323 602 3364 se
632 3325 748 3365 esse
782 3309 1109 3381 respiciunt,
1139 3310 1269 3383 quia
1301 3326 1396 3382 per
1425 3309 1623 3365 elatam
1655 3325 1742 3365 co-

129 3397 461 3473 gitationem
489 3397 672 3454 cordis
692 3397 750 3454 in
775 3398 1064 3471 cujusdam
1090 3416 1146 3455 se
1176 3398 1489 3455 altitudinis
1510 3414 1633 3455 arce
1653 3414 1744 3471 po-

129 3493 388 3545 suerunt.
408 3486 622 3554 Quibus
651 3487 792 3544 bene
823 3504 921 3561 per
940 3489 1268 3561 prophetam
1290 3488 1526 3545 dicitur:
1558 3487 1641 3545 Va:
1655 3486 1748 3558 qui

130 3575 395 3649 sapientes
419 3575 540 3631 estis
568 3576 627 3631 in
653 3576 820 3633 oculis
847 3578 1054 3646 vestris,
1087 3584 1134 3633 et
1159 3594 1339 3633 coram
1368 3576 1747 3647 vobismetipsis

124 3664 422 3737 prudentes
449 3663 800 3739 (Isai.v,21).
834 3664 978 3722 Hinc
996 3665 1163 3721 etiam
1194 3666 1396 3722 Paulus
1424 3664 1501 3721 ait
1526 3682 1537 3720 :
1573 3663 1747 3721 Nolite

127 3753 422 3827 prudentes
451 3770 556 3810 esse
574 3754 723 3826 apud
750 3754 1088 3826 vosmetipsos
1104 3756 1287 3825 (Rom.
1320 3771 1421 3823 χιι,
1450 3754 1562 3827 16).
1605 3753 1749 3810 Hinc

135 3841 210 3899 ad
256 3842 385 3899 Saul
433 3842 627 3900 divina
681 3842 1056 3916 increpatione
1115 3842 1323 3899 dicitur
1356 3860 1368 3898 :
1401 3844 1588 3901 Nonne
1631 3858 1749 3897 cum

135 3947 271 3989 esses
294 3934 560 4004 parvulus
593 3932 650 3989 in
679 3933 847 3988 oculis
876 3932 1002 3999 tuis,
1030 3938 1190 4005 caput
1219 3937 1263 3988 te
1282 3931 1530 3988 constitui
1550 3932 1608 3987 in
1636 3932 1749 3987 tri-

136 4021 305 4078 bubus
334 4022 508 4079 Israel
531 4022 586 4095 (Ι
600 4023 726 4095 Reg.
745 4039 842 4091 xv,
863 4022 977 4095 17).
1000 4021 1271 4078 Parvulus
1298 4021 1502 4095 quippe
1519 4022 1577 4077 in
1607 4037 1750 4080 ocu—

138 4112 212 4169 lis
238 4112 353 4169 suis
383 4121 488 4179 est,
522 4112 618 4186 qui
652 4113 710 4169 in
739 4129 804 4170 eo
832 4112 981 4187 quod
1009 4112 1365 4185 semetipsum
1411 4111 1745 4178 considerat,

138 4200 408 4274 imparem
433 4216 490 4257 se
517 4201 714 4258 alienis
741 4202 955 4259 meritis
973 4209 1183 4275 pensat.
1215 4202 1355 4259 Nam
1385 4202 1541 4275 quasi
1572 4217 1748 4275 gran-

138 4289 269 4348 dem
302 4306 360 4346 se
388 4290 606 4364 aspicit,
641 4290 891 4365 quisquis
919 4308 976 4348 se
1005 4308 1169 4364 super
1196 4291 1377 4347 aliena
1400 4292 1597 4348 merita
1625 4291 1749 4347 ela-

138 4380 295 4437 tione
322 4381 675 4453 cogitationis
704 4382 973 4439 extendit.
1006 4382 1135 4440 Saul
1179 4389 1362 4439 autem
1393 4382 1659 4455 reprobus
1689 4382 1748 4438 in

137 4471 290 4528 bono
347 4471 496 4544 quod
558 4479 796 4544 cmperat
859 4488 971 4529 non
1044 4474 1364 4546 permansit,
1422 4473 1553 4548 quia
1602 4473 1749 4530 fastu

138 4574 407 4635 susceptae
428 4564 715 4636 potestatis
740 4564 1028 4621 intumuit.
1065 4563 1204 4638 [νει.
1228 4565 1405 4640 XVI.]
1428 4566 1501 4621 At
1529 4572 1741 4635 contra,
1779 4580 1830 4640 D

140 4651 324 4711 David
352 4669 568 4727 semper
610 4652 678 4708 de
720 4667 777 4709 se
823 4652 1060 4709 humilia
1100 4654 1364 4723 sentiens,
1395 4654 1751 4729 ejusdemque

142 4742 277 4798 Saul
305 4758 361 4798 se
391 4742 796 4815 comparationi
826 4749 1181 4815 postponens,
1206 4751 1495 4816 postquam
1513 4744 1749 4801 feriendi

144 4830 332 4886 locum
356 4830 579 4903 reperit,
602 4836 657 4886 et
678 4830 919 4902 pepercit
943 4829 1123 4886 eidem
1144 4831 1394 4887 saevienti
1408 4830 1746 4901 adversario,

142 4918 349 4976 humili
375 4936 433 4976 se
462 4919 800 4992 professione
829 4920 1150 4993 prostravit,
1175 4919 1365 4977 dicens
1399 4938 1410 4976 :
1444 4923 1608 4989 Quem
1630 4937 1752 4993 per-

142 5011 400 5081 sequeris,
422 5028 522 5066 rex
548 5000 767 5068 Israel?
787 5028 940 5083 quem
965 5012 1300 5083 persequeris
1327 5014 1355 5068 ?
1388 5012 1585 5068 Canem
1612 5029 1752 5068 mor-

145 5104 394 5168 tuum,'et
415 5098 645 5172 pulicem
670 5116 838 5156 unum
868 5098 927 5173 (Ι
962 5100 1088 5172 Reg.
1122 5114 1282 5167 xxxv,
1318 5098 1409 5170 15)
1433 5098 1463 5156 ἳ
1498 5100 1570 5156 Et
1608 5108 1755 5158 certe

225 5322 538 5399 ’Vindoc.,
571 5324 802 5397 Turon.,
847 5324 1059 5398 Germ.,
1105 5325 1320 5399 Norm.,
1353 5343 1405 5385 se
1446 5328 1587 5386 male
1626 5345 1751 5389 esse.

148 5395 539 5482 Longip.,_sibi
774 5395 897 5458 esse.
930 5395 1109 5482 Cori).
1155 5395 1365 5470 Germ.,
1397 5401 1455 5457 in
1483 5402 1753 5482 securita-

152 5480 251 5556 tem
280 5472 573 5529 mentis...
620 5472 915 5542 utjam....
967 5472 1137 5528 simile
1183 5491 1309 5540 esse,
1362 5490 1461 5547 pro
1514 5491 1567 5530 se
1617 5476 1756 5531 male

149 5561 396 5701 ffltyﬁuo
424 5615 636 5685 Germ.,
671 5613 898 5674 Ebroic.
930 5614 1137 5690 aliique
1178 5617 1396 5688 Norm.,
1426 5616 1541 5674 illis
1569 5618 1756 5675 humi-

153 5691 417 5844 ξἀῗῗίᾳιθ
466 5759 524 5814 in
571 5754 753 5844 Vatic.
806 5762 861 5844 et
901 5760 1113 5844 (ξίιοιη,
1140 5761 1495 5844 immoim-
1529 5759 1753 5844 .L099m

151 5828 301 5891 hunc
325 5831 441 5905 jam
473 5830 861 5887 emendaverat
914 5831 1185 5889 Jamezius
1224 5828 1294 5890 ex
1344 5835 1472 5893 Mss.
1510 5834 1753 5908 Anglic,

1852 1921 1876 1957 ⁵
1901 1922 1990 1977 sed
2019 1922 2260 1978 exaltavi
2287 1922 2522 1979 animam
2570 1941 2741 1980 meam
2787 1924 2960 1996 (Psal.
2994 1942 3168 1996 cxxx,
3200 1927 3281 1999 2).
3317 1928 3462 1986 Hinc

1852 2010 2113 2069 Salomon
2132 2011 2201 2068 ad
2232 2012 2557 2085 sapientiam
2587 2013 2848 2086 parvulos
2881 2022 3058 2084 vocat,
3091 2014 3280 2074 dicens
3333 2036 3343 2074 :
3402 2019 3462 2076 Si

1851 2102 1971 2174 quis
1990 2107 2063 2157 est
2076 2104 2363 2174 parvulus,
2382 2104 2556 2159 veniat
2574 2104 2647 2159 ad
2660 2103 2933 2177 me(Prov.
2953 2119 3033 2172 IX,
3045 2105 3103 2179 4)
3116 2150 3126 2163 .
3140 2112 3174 2169 1
3189 2112 3328 2171 136
3351 2107 3459 2176 Qui

1851 2202 2000 2257 enim
2022 2201 2257 2260 necdum
2289 2205 2646 2278 semetipsum
2678 2204 2933 2278 despicit,
2954 2205 3222 2262 humilem
3242 2207 3343 2263 Dei
3363 2222 3461 2263 sa—

1851 2290 2117 2363 pientiam
2148 2310 2260 2351 non
2293 2295 2677 2369 apprehendit.
2714 2297 2858 2354 Hinc
2876 2296 2933 2352 in
2954 2297 3258 2371 Evangelio
3273 2298 3459 2355 Domi-

1852 2397 1957 2438 nus
1974 2382 2111 2440 dicit
2135 2402 2147 2439 :
2177 2385 2445 2456 Conﬁteor
2475 2386 2590 2452 tibi,
2612 2386 2836 2441 Domine
2866 2393 3025 2458 pater
3059 2389 3175 2444 caeli
3203 2394 3251 2444 et
3282 2394 3458 2457 terres,

1852 2472 1981 2542 quia
2008 2473 2328 2528 abscondisti
2378 2475 2485 2530 haec
2508 2493 2543 2530 a
2571 2475 2895 2546 sapientibus
2923 2482 2970 2532 et
3010 2477 3379 2548 prudentibus,
3413 2483 3463 2533 et

1850 2563 2099 2618 revelasti
2117 2580 2180 2619 ea
2202 2565 2454 2635 parvulis
2482 2565 2707 2637 (Matth.
2740 2582 2824 2633 χι,
2866 2565 2983 2638 25).
3035 2567 3179 2623 Hinc
3233 2584 3458 2624 rursum

1852 2649 2143 2707 Psalmista
2168 2652 2245 2708 ait
2264 2670 2275 2708 :
2295 2653 2607 2710 Custodiens
2620 2656 2880 2725 parvulos
2903 2655 3163 2711 Dominus
3182 2657 3458 2729 (Ps.cx1v,

1854 2736 1934 2808 6).
1965 2738 2108 2795 Hinc
2137 2740 2395 2812 magister
2415 2742 2661 2813 gentium
2692 2742 2830 2799 dicit
2864 2760 2874 2799 :
2906 2744 3057 2799 Facti
3098 2762 3281 2801 sumus
3327 2763 3461 2819 par-

1853 2826 1969 2881 vuli
1992 2826 2051 2881 in
2068 2829 2238 2897 medio
2259 2831 2280 2865 ⁵
2302 2832 2463 2885 vestri
2485 2831 2544 2903 (Ι
2566 2834 2741 2888 Thess.
2774 2850 2838 2900 ιι,
2869 2834 2947 2905 7).
2982 2834 3125 2890 Hinc
3153 2835 3461 2909 discipulos

1853 2912 2174 2985 admonens,
2230 2916 2311 2972 ait
2343 2936 2355 2973 :
2405 2920 2717 2990 Superiores
2741 2922 2843 2976 sibi
2883 2922 3105 2979 invicem
3132 2926 3460 2983 arbitrantes

1852 3002 2084 3075 (Philip.
2107 3021 2172 3073 ιι,
2203 3004 2282 3077 3).
2314 3006 2450 3062 Nam
2482 3009 2612 3081 quia
2641 3010 2866 3081 iniquus
2888 3012 2909 3046 ⁸
2940 3012 3173 3084 quisque
3219 3014 3460 3071 inferio—

1853 3106 1968 3146 rem
1997 3107 2053 3147 se
2082 3108 2305 3149 omnem
2334 3112 2496 3168 quem
2514 3102 2775 3170 cognovit
2795 3109 2971 3174 putat,
2993 3119 3022 3159 e
3043 3104 3263 3161 diverso
3272 3104 3458 3177 justus

1851 3180 2037 3236 studet
2063 3188 2125 3237 ut
2143 3185 2484 3255 superiorem
2502 3189 2811 3259 quemlibet
2837 3192 3156 3264 proximum
3183 3195 3451 3254 attendat.

1853 3270 1935 3325 Ac
1957 3284 2027 3325 ne
2055 3269 2189 3326 dum
2218 3289 2275 3329 se
2313 3272 2410 3329 alii
2441 3275 2580 3331 alter
2625 3276 2909 3351 humiliat,
2945 3283 2965 3317 ⁷
3000 3282 3318 3341 humiliatio
3347 3285 3454 3343 iret

1855 3358 2015 3415 alteri
2035 3362 2094 3417 in
2113 3361 2430 3435 elationem,
2445 3364 2583 3422 bene
2604 3375 2896 3444 utramque
2916 3379 3124 3444 partem
3142 3374 3459 3444 admonuit,

1856 3448 2076 3506 dicens:
2103 3452 2414 3524 Superiores
2443 3456 2544 3512 sibi
2570 3457 2789 3514 invicem
2816 3460 3160 3529 arbitrantes,
3188 3471 3251 3520 ut
3269 3465 3327 3520 in
3357 3482 3462 3523 co-

1857 3537 2219 3609 gitationibus
2247 3542 2431 3600 cordis
2459 3551 2514 3601 et
2558 3561 2656 3619 ego
2702 3548 2843 3605 mihi
2875 3550 3035 3607 illum
3067 3553 3375 3626 praeferam,
3405 3565 3460 3613 et

1856 3630 2106 3689 vicissim
2136 3633 2231 3691 ille
2261 3652 2347 3692 me
2375 3636 2503 3706 sibi,
2534 3647 2597 3694 ut
2624 3656 2750 3696 cum
2798 3642 2867 3698 ab
2916 3651 3146 3717 utraque
3176 3654 3330 3718 parte
3358 3663 3458 3705 cor

1857 3718 2089 3780 inferius
2118 3726 2408 3798 premitur,
2440 3729 2629 3786 nullus
2657 3745 2728 3786 ex
2756 3730 3005 3805 impenso
3034 3733 3246 3791 honore
3276 3734 3455 3792 suble-

1858 3821 2041 3871 vetur.

1928 3901 2016 3960 44.
2041 3905 2191 3962 Hanc
2218 3907 2534 3965 humilitatis
2574 3908 2809 3981 formam
2850 3914 3065 3986 reprobi
3112 3930 3220 3972 non
3261 3919 3455 3982 tenent,

1858 3993 1951 4048 sed
1969 4001 2319 4053 contemnunt.
2339 3998 2530 4055 —Sed
2561 3999 2705 4058 hanc
2732 4001 3069 4060 humilitatis
3097 4004 3332 4061 formam
3361 4022 3459 4063 re—

1858 4082 2039 4154 probi,
2070 4084 2200 4157 quia
2228 4086 2533 4144 Leviathan
2562 4088 2731 4163 hujus
2760 4091 3006 4148 membra
3048 4100 3198 4163 sunt,
3231 4095 3318 4149 vel
3354 4111 3461 4152 co-

1858 4188 2137 4245 gnoscere,
2168 4177 2257 4233 vel
2288 4185 2472 4234 tenere
2496 4187 2880 4251 contemnunt,
2913 4182 3042 4256 quia
3085 4183 3186 4239 etsi
3236 4185 3462 4258 quando

1857 4278 1913 4319 se
1942 4262 2182 4321 humiles
2226 4267 2407 4338 specie
2437 4275 2598 4325 tenus
2625 4270 2946 4341 ostendunt,
2977 4272 3314 4331 humilitatis
3343 4275 3459 4330 vim

1857 4369 2074 4410 servare
2104 4354 2437 4414 intrinsecus
2456 4360 2761 4433 negligunt.
2789 4361 3002 4431 Quibus
3020 4380 3162 4437 saepe
3182 4364 3384 4421 accidit
3400 4372 3467 4421 ut

1856 4444 1903 4501 si
1933 4444 2153 4518 quando
2183 4463 2352 4503 unum
2386 4448 2674 4522 quodlibet
2700 4450 2909 4508 bonum
2941 4453 3027 4509 vel
3058 4454 3354 4511 minimum
3382 4454 3464 4512 fa-

1860 4537 2029 4608 ciant,
2058 4555 2091 4596 a
2119 4541 2279 4597 malis
2308 4542 2423 4598 suis
2452 4542 2711 4599 omnibus
2739 4550 3048 4616 respectum
3093 4545 3297 4603 mentis
3324 4560 3464 4619 pro-

1862 4625 2011 4683 tinus
2040 4636 2309 4699 avertant,
2335 4638 2499 4705 atque
2521 4632 2627 4690 hoc
2647 4635 2795 4707 quod
2815 4635 2902 4690 vel
2923 4642 3236 4693 extremum
3252 4635 3459 4693 bonum

1859 4715 2113 4786 fecerint,
2143 4726 2260 4776 tota
2285 4719 2593 4780 intentione
2623 4740 2837 4797 semper
2866 4725 3184 4798 inspiciant,
3214 4735 3267 4783 et
3295 4742 3366 4783 ex
3395 4740 3461 4783 eo

1859 4823 1975 4863 sese
2011 4807 2128 4880 jam
2184 4810 2339 4883 quasi
2396 4821 2612 4870 sanctos
2667 4815 2955 4887 aspiciant,
2988 4816 3148 4872 obliti
3178 4816 3452 4872 malorum

1861 4898 2113 4955 omnium
2141 4916 2264 4973 quae
2292 4902 2707 4974 commiserunt,
2757 4904 2923 4962 unius
2950 4904 3036 4960 sui
3077 4904 3465 4964 tantummodo

1861 4985 1995 5042 boni
2023 5004 2314 5060 memores,
2343 4992 2492 5064 quod
2516 4993 2749 5052 fortasse
2774 4994 2951 5051 facere
2980 5010 3081 5052 nec
3108 4994 3347 5068 perfecte
3368 5013 3462 5069 po-

1864 5083 2110 5149 tuerunt,
2139 5080 2283 5139 sicut
2315 5084 2538 5142 evenire
2584 5094 2778 5145 contra
2817 5085 3006 5144 electis
3033 5086 3190 5155 solet,
3222 5092 3285 5142 ut
3330 5102 3460 5144 cum

1865 5318 2067 5408 quibus
2094 5319 2316 5408 accedit
2332 5321 2538 5381 Turon.
2555 5323 2902 5408 aliorumque
2921 5323 3118 5384 Gallic.
3137 5341 3463 5386 consensus.

1937 5396 1959 5431 ‘
1988 5392 2161 5450 Laud.
2193 5402 2249 5451 et
2277 5394 2488 5465 Germ.,
2518 5398 2567 5452 si
2589 5392 2873 5453 excitavi.

1937 5469 1958 5503 ⁵
1990 5465 2187 5535 Laud.,
2218 5466 2431 5524 Gemet.
2463 5477 2517 5525 et
2546 5468 2658 5524 duo
2689 5469 2900 5537 Germ.,
2933 5475 3187 5526 vestrum.

1938 5547 1960 5581 θ
1985 5537 2339 5611 Longipont.,
2370 5541 2592 5612 quisque
2619 5542 2810 5607 elatus,
2830 5539 3144 5611 inferiorem
3170 5557 3225 5597 se
3259 5558 3465 5598 omnem

1863 5617 1927 5674 de
1953 5626 2055 5689 quo
2085 5611 2292 5689 cogitat,
2318 5611 2508 5689 putat.
2527 5611 2739 5671 Gemet.
2780 5627 2997 5687 quoque
3033 5612 3256 5671 Ebroic.
3290 5622 3345 5671 et
3372 5613 3469 5670 alii

1861 5686 2077 5756 Norm.,
2106 5686 2167 5740 de
2195 5702 2303 5756 quo
2332 5688 2544 5756 cogitat.

1935 5763 1955 5797 τ
1987 5762 2215 5821 Turon.,
2266 5756 2461 5832 Laud,
2512 5757 2767 5832 Longip.,
2827 5758 3016 5817 Norm.
3048 5765 3103 5820 et
3130 5756 3242 5817 duo
3270 5756 3463 5815 Germ.

1862 5833 1967 5892 iret
1990 5834 2129 5891 alter
2160 5832 2219 5888 in
2245 5830 2541 5894 elationem.
