3936 6392
477 339 582 399 743
658 395 666 404 .

1676 335 1926 394 SANCTI
1963 331 2302 394 GBEGORII
2338 332 2564 394 MAGNI

3697 329 3806 392 744

476 466 774 522 multarum
804 465 1072 520 virtutum
1121 463 1295 536 gratia
1340 463 1602 536 polleant,
1651 478 1827 519 unum
1857 479 1950 519 eos
1979 465 2073 522 vel
2099 465 2146 524 Α
2183 463 2336 518 tione
2365 478 2476 518 non
2501 461 2744 519 diceret:
2772 459 3051 517 Generatio
3079 461 3232 532 cujus
3261 459 3454 514 excelsi
3476 464 3606 514 sunt
3633 459 3808 525 oeuli,

475 554 864 610 tenuissimum
876 554 1074 609 vitium
1091 551 1252 608 valde
1270 551 1576 624 defatigans
1593 553 2070 624 pulset,quatenus

475 637 608 696 dum
636 658 706 696 ex
731 642 964 715 quadam
996 649 1148 713 parte
1176 659 1290 697 sese
1321 641 1590 696 inﬁrmari
1613 640 1985 708 considerant,
2003 639 2071 696 de

476 729 564 785 his
593 729 896 786 virtutibus
925 731 982 785 in
1011 730 1213 803 quibus
1244 729 1542 801 praevalent
1561 745 1617 782 se
1640 728 1869 783 minime
1899 729 2072 783 extol-

476 818 630 886 lant;
661 819 904 892 dumque
933 819 1000 874 de
1031 818 1350 873 inﬁrmitate
1390 816 1689 888 trepidant,
1722 815 1827 872 hoc
1856 834 2073 890 quoque

476 906 574 963 ubi
602 908 770 964 fortes
799 915 927 964 sunt
959 907 1227 963 humilius
1261 913 1500 961 servant.
1525 906 1676 976 Saepe
1696 922 1825 977 ergo
1855 907 2072 978 reprobi

476 1012 574 1068 per
601 995 707 1053 hoc
735 996 881 1070 quod
903 1012 1073 1052 unum
1104 995 1189 1050 vel
1221 994 1515 1050 minimum
1547 994 1755 1051 bonum
1786 1013 1946 1052 suum
1978 996 2076 1051 in-

476 1093 635 1142 caute
660 1083 1027 1154 conspiciunt,
1057 1081 1199 1139 mala
1241 1081 1415 1137 multa
1445 1089 1499 1137 et
1527 1081 1718 1153 gravia
1767 1082 1826 1136 in
1873 1082 2076 1153 quibus

476 1173 712 1230 demersi
741 1179 870 1228 sunt
900 1188 1010 1226 non
1046 1179 1365 1242 agnoscunt.
1398 1171 1469 1226 Et
1489 1187 1630 1241 saepe
1664 1170 1824 1226 electi
1856 1186 1950 1241 per
1970 1171 2078 1227 hoc

475 1262 623 1336 quod
651 1262 717 1317 ad
736 1260 1119 1316 tenuissimum
1152 1260 1357 1314 malum
1379 1276 1540 1316 suum
1565 1261 1579 1293 ⁸
1607 1258 1880 1314 inﬁrmari
1909 1259 2074 1330 trepi-

475 1348 629 1416 dant,
665 1349 804 1403 mira
833 1347 1239 1420 dispensatione
1267 1347 1471 1418 agitur,
1503 1355 1566 1402 ut
1595 1363 1800 1420 magna
1829 1347 1977 1404 bona
2006 1347 2076 1404 ad

475 1455 597 1512 quae
626 1439 872 1510 provecti
903 1446 1054 1506 sunt,
1075 1453 1187 1493 non
1216 1437 1497 1493 amittant.

541 1555 630 1611 45.
663 1556 871 1611 Electos
915 1554 1178 1623 adjuvant
1221 1556 1388 1624 mala,
1417 1555 1658 1626 reprobis
1707 1520 1843 1610 bona
1873 1560 2074 1610 nocent.

473 1643 624 1700 Bono
652 1644 790 1699 male
817 1643 989 1698 utitur
1014 1644 1291 1714 reprobus,
1321 1650 1370 1698 et
1396 1644 1519 1699 bene
1564 1645 1707 1699 malo
1748 1644 1976 1716 probus.
2007 1672 2079 1684 —

473 1731 496 1767 ³
522 1731 665 1787 Iusti
689 1731 872 1804 itaque
900 1739 954 1787 et
981 1732 1186 1788 occulti
1231 1732 1506 1787 examinis
1546 1748 1803 1788 mensura
1830 1731 2075 1803 disponi-

2179 558 2228 605 et
2261 551 2534 623 palpebra:
2561 551 2674 620 ejus
2703 551 2760 605 in
2787 551 2958 605 altum
2983 551 3238 606 subrecta
3263 551 3464 621 (Prov.
3499 566 3647 619 xxx,
3689 550 3806 623 I3).

2180 641 2321 708 Quia
2349 657 2477 710 ergo
2504 656 2600 712 per
2627 655 2950 710 corporeum
2979 638 3188 694 animal
3220 639 3528 694 Leviatban
3561 639 3672 694 iste
3721 639 3814 695 si-

2182 739 2396 802 gnatur,
2429 738 2482 784 et
2513 727 2767 799 superbia
2796 744 2966 800 usque
2996 729 3064 783 ad
3095 743 3297 800 corpus
3327 727 3595 799 prodiens
3634 745 3813 800 aper-

2180 821 2293 874 tius
2339 820 2516 874 oculis
2565 817 2930 888 principatur,
2989 817 3253 889 antiquus
3301 817 3481 874 hostis
3529 818 3697 890 quasi
3739 818 3812 874 de

2183 909 2410 964 sublimi
2438 923 2628 963 omnes
2660 907 2847 962 videre
2894 906 3245 962 describitur.
3290 907 3398 963 Sed
3445 909 3580 980 quia
3625 909 3812 964 multa

2185 1001 2206 1033 ⁶
2236 997 2306 1052 ad
2335 995 2739 1052 ostendendum
2771 995 2999 1050 humani
3031 995 3247 1067 generis
3268 995 3565 1052 inimicum
3585 998 3812 1068 prolata

2185 1093 2333 1152 sunt,
2367 1084 2526 1140 valde
2559 1101 2713 1140 mens
2745 1085 2974 1156 appetit,
3006 1092 3068 1140 ut
3115 1084 3172 1139 in
3202 1083 3312 1140 ﬁne
3353 1085 3662 1142 locutionis
3691 1085 3812 1142 do-

2186 1174 2425 1241 minicae,
2447 1190 2618 1230 unum
2640 1173 2853 1246 aliquid
2869 1171 3218 1228 manifestius
3234 1174 3630 1245 exprimastur,
3655 1175 3812 1231 unde

2184 1265 2431 1320 membra
2452 1264 2604 1320 illius
2623 1263 2778 1319 brevi
2796 1262 2958 1320 nobis
2986 1263 3366 1336 designatione
3393 1273 3808 1322 monstrentur.

2187 1349 2450 1421 Sequitur
2483 1367 2495 1404 :

2755 1455 2984 1514 CAPUT
3023 1457 3231 1514 XXIII.

2256 1546 2393 1603 IBID.
2420 1577 2491 1588 —
2523 1547 2642 1618 Ipse
2671 1554 2744 1602 est
2772 1565 2870 1603 rex
2888 1565 3048 1620 super
3064 1549 3341 1604 universos
3356 1548 3502 1620 ﬁlios
3517 1549 3806 1621 superbire.

2259 1637 2346 1693 47.
2379 1638 2561 1694 Radix
2589 1638 2840 1693 vitiorum
2869 1645 2917 1693 et
2945 1640 3212 1694 malorum
3243 1657 3482 1695 omnium
3523 1641 3805 1712 superbia.

2183 1756 2254 1769 —
2281 1727 2349 1783 Ut
2379 1727 2680 1784 Leviatban
2712 1727 2814 1784 iste
2845 1729 2901 1784 in
2930 1729 3145 1785 cunctis
3193 1745 3313 1802 qua:
3361 1729 3617 1803 superius
3653 1729 3810 1786 dicta

471 1828 584 1889 tur,
613 1828 676 1876 ut
702 1828 757 1876 et
783 1820 919 1876 istos
949 1822 1091 1876 mala
1119 1819 1405 1891 adjuvent,
1424 1821 1625 1877 etillos
1647 1821 1792 1876 bona
1830 1829 2088 1897 gravent,
2123 1818 2168 1878 B
2199 1825 2328 1873 sunt
2353 1817 2588 1886 caderet,
2618 1819 2734 1874 sola
2762 1835 2818 1874 se
2860 1818 3115 1891 superbia
3144 1819 3398 1891 perculit.
3430 1820 3620 1892 Neque
3649 1820 3807 1875 enim

470 1907 604 1964 dum
625 1917 678 1964 et
695 1908 786 1964 isti
806 1907 875 1964 ad
896 1915 1215 1979 provectum
1241 1908 1374 1964 boni
1395 1916 1631 1964 utuntur
1654 1909 1869 1964 levibus
1890 1909 2071 1978 malis,

468 2003 524 2052 et
539 1996 623 2052 illi
641 1997 709 2053 ad
729 2005 1082 2068 augmentum
1105 1995 1236 2052 mali
1253 2004 1488 2053 utuntur
1511 1997 1758 2053 minimis
1771 1997 1950 2054 bonis.
1976 1999 2071 2055 Isti

468 2087 670 2158 quippe
701 2085 828 2140 inde
858 2085 1154 2157 perfectius
1182 2085 1238 2140 in
1267 2085 1412 2140 bono
1453 2085 1774 2157 proﬁciunt,
1807 2087 1954 2142 unde
2003 2087 2070 2142 de

467 2177 615 2232 malo
631 2183 946 2242 tentantur;
980 2175 1062 2230 illi
1079 2181 1262 2230 autem
1277 2175 1406 2230 inde
1430 2174 1500 2230 ad
1518 2175 1695 2247 majus
1716 2177 1922 2232 malum
1939 2175 2070 2232 deﬁ-

465 2266 645 2334 ciunt,
669 2264 816 2320 unde
847 2264 913 2320 de
942 2263 1086 2320 bono
1103 2265 1427 2336 gloriantur.
1443 2264 1534 2321 Sic
1557 2265 1742 2338 itaque
1763 2267 1904 2323 male
1925 2266 2069 2322 bono

466 2355 647 2412 utitur
676 2354 963 2428 reprobus,
995 2362 1050 2410 et
1076 2354 1214 2410 bene
1235 2355 1380 2410 malo
1409 2355 1588 2410 utitur
1636 2355 1869 2426 probus;
1925 2357 2070 2412 sicut

463 2465 606 2522 saepe
635 2449 908 2520 contingit
936 2457 996 2504 ut
1023 2447 1165 2503 alius
1193 2464 1262 2503 ex
1285 2449 1409 2504 cibo
1437 2449 1724 2506 salutifero
1754 2451 2068 2507 inordinate

469 2545 692 2610 sumpto
722 2544 927 2610 pestem
959 2536 1238 2607 languoris
1257 2537 1521 2604 incurrat;
1541 2537 1702 2606 alius,
1732 2553 1944 2593 veneno
1959 2553 2068 2593 ser-

467 2627 652 2700 pentis
672 2629 731 2683 in
748 2625 1109 2682 medicamine
1125 2625 1392 2681 ordinatae
1411 2625 1776 2683 confectionis
1791 2626 2064 2695 adhibito,

464 2715 744 2786 languoris
774 2716 1083 2772 molestiam
1113 2714 1320 2771 vincat.
1341 2716 1439 2770 Ille
1469 2731 1597 2786 ergo
1617 2715 1715 2788 qui
1735 2715 1860 2771 cibo
1876 2715 2064 2771 saluti-

463 2803 582 2858 fero
612 2803 693 2858 uti
723 2811 867 2860 recte
907 2805 1109 2868 noluit,
1137 2803 1265 2859 inde
1295 2804 1598 2876 perniciose
1629 2804 1884 2872 moritur,
1916 2804 2063 2860 unde

463 2891 559 2947 alii
589 2891 882 2947 salubriter
914 2893 1130 2959 vivunt;
1165 2893 1266 2948 iste
1286 2901 1468 2948 autem
1493 2894 1587 2966 qui
1611 2883 2063 2966 veneno'serpen-

460 2979 531 3036 tis
573 2988 728 3036 caute
775 2981 856 3036 uti
902 2981 1134 3050 studuit,
1185 2980 1313 3037 inde
1362 2982 1658 3038 salubriter
1702 2983 1866 3051 vivit,
1917 2983 2064 3039 unde

460 3069 554 3124 alii
586 3069 890 3141 perniciose
921 3071 1252 3126 moriuntur.
1294 3071 1585 3127 Venenum
1635 3087 1764 3143 ergo
1793 3073 2062 3144 serpentis

461 3165 655 3222 1137
687 3176 798 3216 non
830 3159 1003 3232 ipsam
1034 3159 1360 3232 nequitiam,
1391 3159 1487 3215 sed
1514 3161 1922 3232 suggestionem
1952 3177 2060 3218 ne-
2088 3177 2142 3242 ,ρ

459 3257 650 3330 (Ῑιιίῐὶω
680 3256 941 3324 dicimus,
971 3272 1080 3328 qua
1124 3256 1374 3312 nolentes
1405 3258 1426 3291 ³
1455 3273 1597 3328 sepe
1646 3257 2054 3330 reuitentesque

457 3355 754 3405 tentamur.
795 3345 955 3413 Quod
999 3354 1133 3403 tunc
1179 3348 1238 3401 in
1288 3345 1630 3402 medicamen
1663 3350 1910 3404 vertitur
1936 3366 2066 3406 cum

457 3453 612 3492 mens
639 3434 941 3490 virtutibus
968 3442 1149 3490 erecta
1177 3435 1488 3506 conspectis
1509 3444 1701 3492 contra
1717 3454 1773 3494 se
1809 3440 2064 3496 tentatio-

457 3525 622 3581 nibus
636 3523 982 3580 humiliatur.
1010 3522 1192 3596 Iniqui
1210 3523 1379 3595 igitur
1393 3532 1556 3597 atque
1577 3527 1646 3583 ab
1664 3529 2065 3600 approbatione

456 3613 664 3670 interni
691 3613 962 3669 examinis
991 3613 1228 3686 reprobi,
1261 3615 1526 3686 quaelibet
1553 3632 1720 3688 opera
1749 3617 1976 3688 faciant,
2005 3619 2065 3675 in

455 3703 793 3776 quibuslibet
813 3702 1114 3760 virtutibus
1129 3704 1454 3773 enitescant,
1479 3706 1818 3764 humilitatis
1839 3725 2063 3766 sensum

455 3792 1093 3866 penitusignorant,quia
1107 3793 1370 3850 nimirum
1389 3795 1693 3852 Leviatban
1709 3797 1877 3870 hujus
1897 3816 2065 3855 mem-

453 3881 552 3939 bra
571 3892 719 3951 sunt,
743 3882 810 3938 de
832 3899 940 3956 quo
967 3899 1203 3955 superna
1227 3900 1360 3941 voce
1385 3884 1613 3942 dicitur.
1648 3886 1792 3960 [Rec.
1819 3891 1871 3944 Χ
1882 3891 2059 3966 VIII.]

456 3975 619 4029 Omne
645 3973 864 4029 sublime
885 3973 1067 4041 videt,‘
1085 3976 1214 4046 quia
1229 3990 1340 4030 non
1359 3975 1538 4030 solum
1559 3992 1654 4048 per
1679 3977 2062 4050 semetipsum,

451 4063 546 4118 sed
575 4079 671 4135 per
712 4080 901 4120 eorum
950 4079 1166 4136 quoque
1196 4063 1363 4120 corda
1393 4082 1530 4138 quos
1557 4069 1768 4138 ceperit
1796 4067 1953 4140 quasi
1983 4067 2053 4124 de

453 4153 680 4209 sublimi
707 4161 940 4210 cunctos
967 4154 1202 4210 inferius
1231 4154 1490 4226 despicit.

525 4277 894 4352 [Vet.XVII.]
926 4277 1013 4334 46.
1049 4278 1308 4350 Superbia
1353 4295 1452 4349 per
1509 4279 1689 4333 oculos
1753 4281 1915 4351 quasi
1965 4298 2066 4353 per

449 4367 712 4440 quasdam
764 4365 1022 4436 fenestras
1079 4384 1131 4422 se
1184 4368 1430 4423 ostendit.
1463 4395 1534 4409 —-
1565 4369 1889 4425 Notandum
1933 4387 2065 4427 vero

453 4456 602 4530 quod
626 4455 930 4512 Leviatban
960 4455 1080 4523 iste,
1114 4455 1208 4528 qui
1240 4472 1336 4526 per
1352 4471 1676 4528 corpoream
1701 4457 1937 4514 bestiam
1971 4461 2063 4516 de-

2182 1924 2279 1979 per
2302 1915 2385 1962 tot
2413 1907 2541 1962 illos
2569 1907 2834 1963 vitiorum
2869 1924 3052 1963 ramos
3083 1916 3380 1978 aresceret,
3402 1907 3514 1964 nisi
3532 1925 3630 1981 per
3659 1907 3810 1966 hanc

2182 1995 2336 2066 prius
2364 1993 2420 2050 in
2455 1994 2638 2050 radice
2671 1995 2990 2067 putruisset.
3050 1996 3330 2068 Scriptum
3375 2005 3458 2053 est
3508 2012 3756 2070 namque
3789 2015 3803 2054 :

2185 2082 2367 2138 Omnis
2404 2084 2603 2154 peccati
2649 2085 2863 2138 initium
2909 2084 3159 2156 superbia
3199 2086 3402 2154 (Eccli.
3455 2102 3515 2156 x,
3552 2088 3670 2159 15).
3701 2088 3810 2143 Per

2181 2168 2322 2227 hanc
2369 2171 2521 2226 enim
2571 2171 2687 2243 ipse
2735 2172 3050 2243 succubuit,
3083 2190 3178 2246 per
3209 2173 3354 2232 hanc
3382 2193 3440 2232 se
3469 2185 3808 2250 sequentem

2179 2257 2461 2316 hominem
2492 2261 2715 2316 stravit.
2741 2262 2821 2316 Eo
2843 2261 3053 2319 etenim
3079 2264 3188 2319 telo
3215 2264 3448 2320 salutem
3469 2273 3675 2323 nostra:
3695 2267 3808 2324 im-

2178 2349 2530 2405 mortalitatis
2561 2349 2818 2421 impetiit,
2853 2367 2962 2423 quo
2982 2351 3154 2407 vitam
3181 2369 3292 2410 suae
3322 2354 3692 2412 beatitudinis
3712 2372 3808 2414 ex-

2176 2437 2394 2492 stinxit.
2428 2437 2533 2493 Sed
2557 2437 2766 2496 idcirco
2797 2438 2942 2496 hanc
2962 2441 3234 2499 Dominus
3250 2442 3349 2498 ﬁni
3371 2461 3483 2500 sua:
3498 2445 3808 2502 locutionis

2177 2527 2428 2594 inseruit,
2459 2535 2520 2582 ut
2549 2544 2676 2584 cum
2709 2537 2829 2602 post
2860 2531 3000 2586 mala
3043 2532 3232 2588 omnia
3273 2533 3593 2590 Leviatban
3639 2536 3807 2593 istius

2175 2616 2491 2688 superbiam
2516 2618 2745 2687 diceret,
2766 2620 2906 2692 quid
2925 2629 3066 2677 esset
3088 2622 3251 2679 malis
3271 2623 3536 2680 omnibus
3555 2624 3806 2684 deterius

2174 2704 2463 2762 indicaret.
2489 2708 2752 2775 Quamvis
2785 2710 2954 2765 etiam
2987 2727 3086 2782 per
3113 2710 3220 2768 hoc
3240 2711 3388 2784 quod
3419 2712 3474 2768 in
3508 2713 3625 2769 imo
3645 2713 3806 2785 poni-

2173 2800 2265 2849 tur
2293 2793 2559 2851 vitiorum
2595 2797 2754 2852 radix
2793 2813 2910 2854 esse
2933 2807 3295 2856 monstretur.
3317 2800 3473 2858 Sicut
3493 2801 3645 2857 enim
3666 2802 3806 2859 infe-

2173 2881 2288 2937 rius
2344 2883 2504 2939 radix
2553 2886 2777 2957 tegitur,
2830 2886 2924 2942 sed
2989 2887 3060 2944 ab
3114 2887 3211 2944 illa
3259 2891 3400 2944 rami
3452 2891 3806 2948 extrinsecus

2171 2971 2594 3043 expanduntur,
2627 2975 2706 3030 ita
2737 2991 2792 3030 se
2828 2976 3087 3047 superbia
3139 2977 3476 3035 intrinsecus
3506 2978 3672 3047 celat,
3708 2979 3806 3035 sed

2170 3059 2237 3114 ab
2269 3061 2364 3118 illa
2392 3063 2647 3133 protinus
2677 3072 2867 3136 aperta
2899 3065 3036 3121 vitia
3063 3065 3360 3137 pullulant.
3393 3067 3560 3124 Nulla
3593 3069 3805 3141 quippe

2171 3149 2314 3204 mala
2359 3150 2427 3206 ad
2478 3150 2770 3222 publicum
2826 3153 3132 3225 prodirent,
3162 3155 3271 3211 nisi
3306 3155 3426 3213 haec
3461 3165 3710 3214 mentem
3745 3159 3803 3213 in

2175 3241 2394 3296 occulto
2418 3242 2837 3313 constringeret.
2872 3244 2999 3301 Haec
3016 3253 3097 3300 est
3143 3262 3265 3319 quae
3295 3247 3606 3303 Leviatban
3636 3248 3803 3304 istius

2175 3347 2396 3388 sensum
2419 3332 2720 3389 fervescere
2737 3333 2880 3390 sicut
2901 3335 3068 3391 ollam
3090 3335 3242 3393 facit.
3277 3337 3432 3394 Unde
3447 3347 3500 3395 et
3518 3337 3803 3396 humanas

2177 3429 2384 3476 mentes
2417 3421 2475 3476 in
2504 3422 2742 3494 quodam
2775 3423 2993 3480 fervore
3025 3425 3258 3482 insaniae
3287 3427 3558 3496 concutit,
3582 3428 3683 3484 sed
3704 3445 3804 3502 per

2175 3518 2361 3582 aperta
2381 3529 2545 3584 opera
2565 3514 2801 3586 qualiter
2827 3515 3086 3572 concussi
3110 3516 3352 3571 animam
3375 3525 3592 3573 evertat
3606 3527 3802 3576 osten-

2175 3599 2276 3656 dit.
2299 3601 2452 3657 Intus
2482 3618 2717 3676 namque
2746 3605 2900 3676 prius
2929 3604 3127 3660 ebullit
3153 3604 3212 3661 in
3241 3604 3506 3676 elatione,
3541 3607 3692 3679 quod
3719 3609 3800 3664 fo-

2174 3689 2252 3745 ris
2281 3691 2631 3762 postmodum
2662 3700 2880 3764 spumat
2907 3693 2964 3748 in
2993 3707 3178 3765 opere.

2248 3815 2386 3889 [Vet.
2421 3817 2474 3871 X
2484 3809 2616 3874 VIII
2621 3817 2662 3892 .]
2685 3817 2774 3874 48.
2807 3819 2927 3875 Non
2958 3836 3120 3874 unam
3173 3825 3380 3876 tantum
3429 3819 3706 3891 virtutem,
3742 3829 3800 3879 ut

2173 3911 2360 3960 cratera
2389 3907 2539 3974 vitia,
2563 3909 2650 3962 sed
2679 3925 2856 3962 omnes
2893 3916 3257 3982 expugnat.—
3277 3911 3382 3968 Sed
3412 3912 3545 3984 quia
3573 3915 3798 3970 occasio

2173 3993 2242 4049 de
2269 3994 2540 4066 superbia:
2570 3995 2942 4066 disputatione
2973 4015 3029 4054 se
3067 3998 3325 4070 praebuit,
3349 3999 3618 4057 debemus
3649 4001 3801 4060 hanc

2173 4084 2434 4142 subtilius
2465 4086 2868 4162 sollicitiusque
2894 4090 3192 4161 discutere,
3225 4099 3388 4165 atque
3417 4093 3486 4149 ad
3517 4092 3800 4152 humanas

2174 4185 2387 4234 mentes
2416 4186 2620 4251 quanta
2649 4180 2736 4234 vel
2767 4181 2945 4253 qualis
2997 4183 3204 4251 veniat,
3242 4189 3435 4246 1138
3481 4194 3538 4241 et
3586 4186 3799 4258 quibus

2175 4275 2483 4348 qualiterve
2508 4276 2664 4332 subri
2673 4277 2808 4349 piat,
2848 4278 3249 4337 demonstrare.
3273 4281 3400 4336 Alia
3429 4281 3636 4354 quippe
3655 4284 3800 4340 vitia

2173 4381 2264 4422 eas
2293 4366 2646 4422 solummodo
2674 4367 2908 4424 virtutes
2938 4368 3222 4441 impetunt
3263 4370 3468 4443 quibus
3512 4372 3639 4443 ipsa
3685 4373 3797 4429 de—

2173 4463 2486 4524 struantur,
2518 4463 2581 4512 ut
2611 4456 2872 4514 videlicet
2912 4457 2994 4513 ira
3022 4459 3369 4530 patientiam,
3400 4460 3798 4535 gastrimargia

451 4547 716 4618 signatur,
747 4545 982 4602 sublime
1013 4545 1198 4600 videre
1229 4545 1582 4617 describitur,
1627 4550 1754 4620 quia
1799 4550 2063 4608 videlicet
2092 4545 2140 4604 D
2175 4546 2591 4614 abstinentiam,
2617 4546 2788 4602 libido
2817 4549 3218 4604 continentiam
3250 4559 3552 4622 expugnet.
3586 4552 3794 4624 Super-

451 4634 633 4692 cordis
663 4633 920 4706 superbia
946 4652 1070 4690 cum
1115 4635 1358 4692 exterius
1409 4653 1580 4709 usque
1626 4637 1694 4694 ad
1724 4655 1924 4712 corpus
1955 4657 2064 4695 ex—

451 4727 722 4795 tenditur,
755 4727 908 4798 prius
937 4743 1031 4798 per
1082 4728 1272 4784 oculos
1303 4730 1323 4764 5
1356 4729 1654 4786 indicatur.
1701 4731 1810 4801 Ipsi
1860 4731 2063 4802 quippe

457 4835 552 4892 per
581 4818 784 4874 fastum
815 4818 1049 4874 tumoris
1077 4818 1277 4887 inflati,
1310 4820 1464 4894 quasi
1495 4837 1564 4876 ex
1611 4819 1844 4876 sublimi
1876 4823 2066 4894 respi-

448 4906 630 4976 ciunt,
661 4914 714 4962 et
756 4923 866 4979 quo
900 4922 956 4962 se
1006 4905 1343 4979 deprimunt,
1391 4907 1559 4963 altius
1607 4908 1909 4965 extollunt.
1944 4909 2062 4965 Nisi

450 4996 598 5053 enim
633 4995 891 5070 superbia
918 5013 1015 5069 per
1042 4997 1230 5054 oculos
1281 4998 1435 5070 quasi
1468 5013 1563 5069 per
1592 4997 1857 5070 quasdam
1887 5015 1944 5054 se
1974 4999 2066 5054 fe-

453 5093 661 5142 nestras
681 5085 1016 5152 ostenderet,
1048 5101 1396 5158 nequaquam
1413 5087 1526 5142 Deo
1555 5087 1847 5144 Psalmista
1876 5087 2066 5144 dixis-

449 5182 536 5229 set
567 5193 577 5230 :
611 5177 880 5246 Populum
907 5175 1156 5230 humilem
1183 5177 1390 5230 salvum
1417 5173 1596 5244 facies,
1630 5182 1677 5230 et
1733 5179 1914 5233 oculos
1963 5195 2066 5233 su-

447 5264 731 5332 perborum
755 5263 1060 5320 humiliabis
1092 5265 1264 5337 (Psal.
1284 5281 1424 5334 xvu,
1455 5265 1570 5337 28).
1590 5265 1709 5322 Nisi
1727 5283 1783 5321 se
1799 5266 2066 5339 superbia

458 5363 555 5420 per
573 5351 766 5408 oculos
786 5352 1064 5424 funderet,
1085 5354 1344 5412 Salomon
1373 5370 1591 5428 quoque
1611 5353 1678 5412 de
1705 5355 1910 5414 Iudam
1939 5356 2064 5414 ela-

536 5578 556 5660 ξ
587 5578 800 5660 gemet.
827 5591 882 5660 et
913 5583 1076 5660 Corb.
1108 5581 1626 5660 Germ.,iinﬁrmati.

535 5643 557 5729 ξ
587 5650 786 5729 haud”
807 5653 983 5729 justus
1009 5657 1277 5729 itaque...
1301 5643 1561 5729 'disponit.

537 5721 558 5800 ξι
590 5720 888 5800 gemet—et
910 5726 1075 5800 Cori):
1096 5720 1318 5796 'Germ.,
1349 5720 1569 5800 semper.

531 5789 553 5824 ‘
591 5789 791 5852 Pratel.
823 5811 887 5852 ac
914 5797 987 5853 al.
1017 5796 1174 5864 Mss.,
1201 5789 1316 5855 non
1346 5789 1517 5858 solum
1545 5801 1700 5858 enim.

2171 4637 2263 4692 bia
2287 4645 2493 4707 autem,
2526 4655 2691 4711 quam
2723 4639 2989 4695 vitiorum
3024 4640 3262 4698 radicem
3283 4641 3555 4710 diximus,
3581 4659 3796 4716 nequa-

2172 4743 2337 4799 quam
2368 4729 2534 4784 unius
2591 4729 2816 4784 virtutis
2859 4730 3228 4785 exstinctione
3276 4737 3559 4800 contenta,
3591 4743 3791 4789 contra

2171 4825 2371 4874 cuncta
2398 4817 2598 4874 animae
2628 4818 2874 4874 membra
2901 4836 2957 4875 se
2986 4819 3169 4891 erigit,
3188 4827 3243 4875 et
3257 4821 3413 4893 quasi
3431 4823 3712 4893 generalis
3728 4840 3793 4879 ac

2173 4907 2398 4978 pestifer
2427 4906 2650 4964 morbus
2671 4924 2868 4980 corpus
2894 4925 3058 4964 omne
3073 4911 3402 4982 corrumpit,
3419 4917 3482 4966 ut
3501 4911 3791 4984 quidquid

2173 4997 2270 5052 illa
2305 4997 2598 5054 invadente
2624 4999 3001 5070 agitur,etiam
3019 4999 3067 5055 si
3096 5015 3214 5055 esse
3231 4999 3416 5056 virtus
3433 5001 3787 5071 ostenditur,

2172 5105 2284 5144 non
2333 5106 2429 5162 per
2477 5089 2583 5148 hoc
2629 5093 2761 5158 Deo,
2793 5091 2889 5146 sed
2935 5091 3038 5147 soli
3070 5108 3226 5148 vanas
3258 5092 3448 5164 gloria;
3476 5092 3785 5150 serviatur.

2173 5177 2342 5246 Quasi
2372 5181 2522 5234 enim
2547 5187 2818 5252 tyrannus
2839 5179 3064 5252 quidam
3087 5181 3360 5238 obsessam
3385 5181 3681 5238 civitatem
3705 5183 3788 5238 in-

2172 5269 2414 5341 tercipit,
2446 5286 2573 5326 cum
2603 5276 2841 5326 mentem
2871 5269 3127 5342 superbia
3153 5270 3447 5343 irrumpit;
3481 5278 3537 5326 et
3569 5289 3686 5345 quo
3703 5271 3786 5328 di-

2169 5357 2370 5415 tiorem
2400 5376 2672 5434 quemque
2701 5361 2908 5434 ceperit
2953 5377 3017 5418 eo
3061 5362 3120 5417 in
3167 5361 3418 5419 dominio
3447 5361 3651 5420 durior
3676 5379 3788 5419 ex-

2241 5585 2265 5662 ξ
2290 5583 2495 5662 Laud.,_
2519 5582 2629 5662 duo
2658 5584 2870 5662 Ge_r_u_1_.,
2899 5584 3160 5662 Longip.,
3181 5585 3420 5662 Geme_t.,
3441 5594 3781 5662 veteresque

2166 5655 2342 5740 Edit,
2364 5657 2451 5740 ita
2481 5655 2704 5712 habent.
2733 5655 2886 5713 Edit.
2919 5655 3051 5713 vero
3071 5655 3206 5727 Gil.,
3230 5659 3440 5727 Vatic.,
3463 5655 3781 5728 Gussanv"

2161 5732 2190 5801 j
2198 5732 2348 5787 ndica
2357 5736 2465 5784 tur.

2238 5804 2260 5837 δ
2289 5802 2503 5871 Germ.,
2522 5800 2722 5859 Pratel.
2746 5809 2800 5858 et
2829 5799 2900 5859 al.
2933 5800 3061 5860 Mss.
3072 5835 3087 5867 ,
3119 5800 3180 5858 de
3208 5800 3551 5860 ostendendo.
