3936 6382
88 297 182 353 745

824 293 1198 352 MORALIUM
1235 295 1369 352 ΜΒ.
1406 292 1668 352 XXXIV.
1710 324 1781 337 —
1818 295 1890 352 IN
1927 295 2156 353 CAPUT
2193 295 2317 353 XLI
2355 298 2417 355 Β.
2457 298 2600 356 JOB.

3283 305 3387 366 746

86 421 270 493 surgit,
301 421 430 493 quia
458 434 568 492 quo
595 418 834 491 amplius
861 435 945 476 res
976 419 1201 475 virtutis
1220 419 1338 474 sine
1359 417 1674 474 humilitate
1704 421 1754 480 Α
1784 399 1946 492 super
1975 429 2199 478 cateros
2217 420 2500 488 excrevit;
2535 431 2589 478 et
2609 424 2779 496 siqua
2801 423 2870 482 ab
2896 443 2961 484 eo
2981 426 3118 484 bene
3139 431 3392 505 aliquau-

87 512 276 584 agitnr,
307 525 372 565 eo
393 509 558 564 latius
573 507 678 564 ista
697 506 1035 564 dominatur.
1059 507 1322 580 Quisquis
1341 523 1473 564 vero
1487 506 1605 580 ejus
1620 506 1682 564 in

88 618 138 657 se
153 597 500 673 tyrannidem
521 599 742 670 captiva
767 606 948 654 mente
968 599 1291 670 susceperit,
1311 597 1419 654 hoc
1439 597 1680 670 primum

89 689 340 745 damnum
376 686 602 759 patitur,
636 687 804 759 quod,
835 687 1022 743 clauso
1055 685 1239 742 cordis
1269 687 1454 754 oculo,
1480 683 1683 758 judicii

89 779 388 851 aquitath
418 776 614 849 perdit.
633 778 770 833 Nam
799 785 998 851 cuncta
1013 794 1133 852 qua
1153 776 1222 833 ab
1247 775 1375 832 aliis
1396 778 1413 812 ι
1435 776 1523 833 vel
1545 775 1684 832 bene

91 877 340 942 geruntur
369 867 687 939 displicent,
731 874 784 923 et
826 867 945 924 sola
979 867 1029 924 ei
1077 883 1198 941 qua
1237 867 1352 939 ipse
1399 867 1488 922 vel
1519 881 1684 938 prave

91 959 248 1030 egerit
277 958 514 1029 placent.
539 959 766 1029 Semper
788 958 970 1014 aliena
995 973 1159 1031 opera
1189 957 1444 1030 despicit,
1473 970 1688 1028 semper

92 1046 313 1101 miratur
333 1046 581 1118 quaipse
594 1045 884 1120 facit,quia
899 1055 953 1103 et
974 1044 1248 1120 quidquid
1278 1045 1476 1117 egerit,
1505 1044 1684 1116 egisse

93 1152 142 1190 se
183 1134 536 1205 singulariter
565 1134 760 1203 credit,
789 1144 951 1207 atque
981 1134 1038 1190 in
1069 1151 1133 1191 eo
1162 1134 1310 1207 quod
1338 1132 1565 1190 exhibet
1593 1147 1690 1204 per

93 1222 265 1295 gloria
296 1222 681 1294 cupiditatem,
724 1223 1054 1296 sibimetipsi
1087 1224 1234 1279 favet
1263 1239 1358 1295 per
1386 1221 1690 1295 cogitatio-

95 1330 228 1380 nem,
275 1319 329 1367 et
373 1329 502 1368 cum
552 1328 608 1368 se
659 1313 716 1368 in
763 1315 982 1370 cunctis
1021 1313 1410 1370 transcendere
1463 1320 1689 1368 caeteros

95 1403 332 1468 aestimat,
369 1418 466 1474 per
493 1401 602 1458 lata
639 1403 1035 1474 cogitationum
1081 1403 1256 1474 spatia
1283 1416 1468 1458 secum
1495 1399 1692 1455 deam-

95 1492 296 1558 bulans,
347 1489 538 1546 laudes
585 1506 710 1546 suas
758 1490 960 1546 tacitus
1007 1491 1227 1547 clamat.
1280 1490 1691 1560 Nonnunquam

96 1598 214 1637 vero
239 1579 307 1636 ad
336 1587 550 1636 tantam
579 1579 873 1636 elationem
915 1597 1072 1636 mens
1118 1580 1365 1649 ducitur,
1395 1585 1458 1634 ut
1488 1578 1546 1633 in
1575 1593 1639 1632 eo
1669 1577 1691 1612 ³

97 1669 229 1743 quod
257 1676 456 1738 tumet,
490 1669 656 1725 etiam
686 1685 782 1740 per
811 1669 1238 1725 ostentationem
1270 1667 1569 1726 locutionis
1597 1666 1693 1722 ef—

98 1760 346 1850 frenetur.
381 1758 490 1815 Sed
530 1765 686 1815 tanto
723 1757 943 1850 facilius
989 1759 1152 1814 ruina
1181 1757 1452 1831 sequitur,
1487 1763 1694 1850 quanto
1718 1790 1766 1850 Β

98 1847 229 1921 apud
265 1864 320 1903 se
351 1847 586 1920 quisque
629 1845 1010 1918 impudentius
1039 1847 1332 1902 exaltatur.
1367 1846 1511 1901 Hinc
1543 1843 1693 1900 enim

99 1939 350 2012 scriptum
381 1947 464 1996 est
490 1957 502 1994 :
530 1938 668 1994 Ante
694 1939 912 1993 ruinam
940 1940 1215 1994 exaltatur
1243 1955 1334 1993 cor
1358 1938 1691 2009 (Prov.xv1,

103 2029 202 2101 18).
226 2028 366 2086 Hinc
383 2045 481 2102 per
498 2027 781 2084 Danielem
803 2027 1009 2085 dicitur
1034 2045 1045 2083 :
1071 2029 1136 2084 In
1155 2028 1285 2082 aula
1301 2027 1593 2097 Babylonis
1614 2027 1696 2080 de-

98 2119 392 2174 ambulabat
436 2137 552 2186 rex,
600 2117 989 2188 responditque,
1029 2123 1077 2172 et
1107 2118 1186 2172 ait
1219 2135 1230 2173 :
1264 2117 1451 2173 Non-ne
1492 2117 1598 2171 hac
1625 2121 1701 2170 est

100 2208 329 2279 Babylon
349 2225 565 2279 magna,
597 2225 757 2279 quam
785 2225 873 2279 ego
897 2207 1156 2279 adi/ican
1185 2207 1241 2261 in
1279 2207 1493 2261 domum
1529 2205 1698 2277 regni,

105 2299 150 2352 in
183 2299 364 2354 robore
404 2297 743 2369 fortitudinis
775 2313 920 2365 mea,
971 2299 992 2331 ⁵
1045 2297 1099 2351 in
1139 2297 1315 2367 gloria
1353 2295 1556 2350 decoris
1602 2294 1702 2348 mei

107 2387 258 2458 (Dan.
309 2405 389 2457 IV,
435 2387 554 2456 26).
602 2386 707 2442 Sed
756 2385 906 2444 hunc
948 2393 1224 2442 tumorem
1269 2401 1435 2459 quam
1484 2391 1706 2441 concita

106 2476 338 2534 vindicta
377 2476 716 2549 represserit,
767 2475 918 2531 illico
967 2475 1248 2548 adjunxit,
1296 2475 1530 2530 dicens:
1571 2475 1704 2531 Cum

105 2567 261 2620 adhuc
288 2583 461 2622 sermo
481 2571 608 2621 esset
630 2567 682 2619 in
710 2581 800 2619 ore
830 2564 988 2635 regis,
1016 2581 1120 2619 v0.1:
1149 2563 1212 2618 de
1239 2564 1364 2618 calo
1394 2563 1543 2616 ruit:
1584 2562 1703 2618 Tibi

107 2656 308 2727 dicitur,
330 2656 816 2713 Nabuchodonosor
834 2672 933 2709 rex
961 2672 977 2708 :
1007 2656 1242 2725 Regnum
1273 2655 1294 2688 ‘
1327 2653 1546 2708 transiet
1571 2671 1602 2706 a
1635 2657 1704 2721 te,

107 2747 224 2800 etab
243 2747 544 2802 hominibus
568 2751 611 2800 te
629 2743 838 2814 ejicient
855 2750 1035 2798 etcum
1058 2743 1232 2798 bestiis
1249 2742 1486 2814 ferisque
1499 2741 1602 2797 erit
1615 2741 1706 2796 ha-

111 2834 281 2892 bitatio
313 2842 408 2890 tua
433 2853 451 2898 ;
479 2833 659 2904 fenum
675 2831 832 2903 quasi
850 2833 938 2887 bos
957 2832 1205 2900 comedas,
1228 2837 1276 2887 et
1293 2837 1485 2903 septem
1503 2837 1708 2901 tempo—

113 2942 168 2979 ra
185 2925 536 2980 mutabuntur
553 2939 712 2993 super
729 2928 774 2976 te
787 2920 1169 2993 (Ibid.,28,29)
1182 2963 1194 2975 .
1216 2921 1357 2977 Ecce
1377 2919 1507 2992 quia
1522 2926 1708 2974 tumor

115 3015 304 3070 mentis
335 3028 512 3084 usque
540 3010 610 3067 ad
655 3018 842 3082 aperta
870 3009 1039 3066 verba
1067 3025 1124 3065 se
1158 3008 1410 3082 protulit,
1443 3008 1710 3081 patientia

111 3109 304 3180 judicis
338 3105 594 3180 protinus
621 3121 793 3177 usque
823 3103 892 3159 ad
914 3101 1244 3159 sententiam
1272 3099 1456 3172 erupit
1487 3117 1500 3166 ;
1531 3106 1710 3155 tanto-

115 3217 210 3274 que
229 3200 380 3257 hunc
407 3197 717 3257 districtius
746 3196 1005 3270 perculit,
1037 3202 1245 3270 quanto
1275 3193 1394 3265 ejus
1423 3209 1478 3249 se
1508 3207 1713 3264 super-

115 3289 196 3344 bia
223 3289 640 3347 immoderatius
665 3286 844 3344 erexit
875 3305 888 3352 ;
922 3294 976 3342 et
1004 3285 1135 3359 quia
1161 3281 1539 3339 enumerando
1567 3278 1715 3336 bona

118 3377 251 3434 dixit
296 3379 352 3435 in
400 3378 604 3453 quibus
652 3377 758 3434 sibi
803 3375 1032 3448 placuit,
1067 3377 1087 3410 5
1119 3379 1442 3431 enumerata
1466 3370 1610 3426 mala
1655 3370 1714 3425 in

119 3467 306 3541 quibus
333 3468 618 3536 feriretur,
636 3464 874 3522 audivit.

185 3610 317 3685 [Vet.
350 3614 488 3670 XIX
491 3610 532 3686 .]
563 3611 651 3668 49.
684 3610 813 3668 Alia
841 3626 908 3664 ea:
936 3608 1282 3665 saecularibus
1311 3607 1488 3673 rebus,
1509 3607 1626 3663 alia
1653 3623 1719 3662 ea:

120 3703 474 3770 spiritualibus
506 3702 684 3758 oritur
711 3699 891 3756 elatio.
924 3697 1054 3754 Alia
1069 3697 1421 3769 pralatorum
1448 3695 1717 3767 superbia,

122 3791 222 3844 alia
249 3791 603 3860 subjectorum
622 3789 881 3843 virtutum
900 3793 1070 3842 mater
1088 3785 1381 3842 humilitas.
1407 3785 1519 3840 Soli
1547 3784 1723 3838 ruina

123 3881 288 3935 crescit
313 3881 452 3952 quod
484 3879 752 3950 aediﬁcant
790 3875 1023 3948 superbi.
1053 3906 1125 3916 —
1153 3873 1449 3932 Sciendum
1480 3888 1612 3928 vero
1639 3879 1722 3928 est

125 3969 256 4038 quod
285 3970 399 4041 ipsa
414 3968 542 4025 hac
561 3967 628 4024 de
648 3983 756 4040 qua
782 3974 1084 4022 tractamus
1109 3963 1277 4020 elatio
1305 3963 1446 4020 alios
1466 3980 1534 4018 ex
1556 3963 1722 4020 rebus

125 4058 488 4127 sacularibus,
509 4057 646 4113 alios
657 4073 788 4112 vero
804 4073 874 4113 ex
903 4053 1247 4128 spiritalibus
1281 4053 1545 4126 possidet.
1566 4052 1723 4108 Alter

126 4161 342 4222 namque
373 4149 701 4206 intumescit
729 4164 884 4214 auro,
916 4148 1056 4204 alter
1076 4145 1319 4219 eloquio,
1343 4145 1483 4200 alter
1513 4141 1724 4199 inﬁmis

128 4247 174 4294 et
201 4245 424 4300 terrenis
453 4243 648 4309 rebus,
669 4243 809 4298 alter
829 4239 1063 4297 summis
1091 4235 1516 4306 caelestibusque
1535 4233 1725 4288 virtu-

129 4330 292 4401 tibus;
323 4352 431 4392 una
445 4343 643 4391 tamen
664 4332 963 4405 eademque
983 4347 1070 4387 res
1089 4336 1215 4384 ante
1237 4326 1426 4384 oculos
1441 4324 1542 4382 Dei
1557 4324 1725 4396 agita-

130 4426 229 4489 tur,
265 4427 525 4497 quamvis
567 4422 637 4478 ad
675 4423 920 4479 humana
959 4421 1126 4478 corda
1164 4418 1394 4475 veniens
1435 4415 1493 4471 in
1534 4428 1726 4470 eorum

131 4509 398 4571 obtutibus
419 4515 650 4571 diverso
679 4512 888 4570 amictu
915 4511 1193 4584 pallietur.
1226 4509 1363 4566 Nam
1395 4521 1522 4563 cum
1553 4503 1601 4560 is
1629 4502 1726 4576 qui

135 4596 194 4652 de
221 4607 427 4660 terrena
465 4604 626 4677 prius
662 4600 837 4674 gloria
877 4597 1233 4672 superbiebat
1279 4593 1634 4670 postmodum
1663 4591 1732 4648 de

141 4691 411 4750 sanctitate
433 4691 753 4759 extollitur,
786 4703 1136 4762 nequaquam
1167 4701 1262 4743 cor
1289 4684 1408 4757 ejus
1437 4683 1605 4739 elatio
1642 4681 1732 4738 de-

142 4778 319 4848 seruit,
349 4783 440 4839 sed
467 4782 537 4840 ad
559 4797 687 4838 eum
709 4784 973 4837 consueta
998 4774 1256 4844 veniens,
1278 4780 1342 4830 ut
1362 4771 1620 4846 cognosci
1641 4787 1732 4826 ne-

143 4878 310 4938 ‘lueat,
350 4883 557 4932 vestem
587 4871 848 4928 mutavit.

223 4993 404 5054 1139
433 5003 522 5058 50.
557 4998 856 5056 Sciendum
887 4980 1107 5069 qudque
1137 4999 1219 5048 est
1249 4989 1398 5064 quod
1425 4989 1586 5046 aliter
1618 4988 1738 5046 haec

147 5094 450 5162 Praepositos
469 5103 634 5168 atque
650 5093 812 5149 aliter
831 5088 1084 5148 subditos
1104 5092 1297 5142 tentat.
1326 5082 1558 5138 Pralato
1587 5097 1736 5136 nam-

148 5190 242 5248 que
271 5179 324 5236 in
357 5182 782 5257 cogitationibus
807 5179 1050 5254 suggerit
1077 5175 1206 5250 quia
1233 5173 1352 5231 solo
1380 5172 1509 5228 vita
1542 5171 1738 5227 merito

220 5429 586 5514 ‘Addidimus
615 5436 693 5514 uel
719 5431 946 5514 exiMss.
992 5428 1182 5486 Norm.
1204 5431 1304 5514 ,δι’
1327 5421 1503 5514 duob.
1549 5420 1736 5476 Germ.

154 5501 289 5605 (111ξά
323 5512 377 5585 et
403 5507 726 5589 elegantiam
755 5513 810 5586 et
840 5504 953 5560 vim
979 5497 1218 5557 sermoni
1240 5495 1414 5553 addit.
1446 5567 1456 5577 .

268 5574 413 5632 Edit.
453 5580 648 5636 Gilot..
684 5579 892 5636 Vatia.
923 5575 1222 5636 Gussanv.,
1253 5569 1394 5636 quod
1417 5572 1576 5622 timet.
1609 5563 1740 5621 Cor-

221 5586 240 5605 ¹
271 5586 413 5632 u‘dit.
453 5586 648 5648 Gilot.,
690 5586 892 5643 Vatic.,
923 5586 1222 5638 Uussanv.,
1253 5586 1394 5640 quoa
1417 5586 1576 5622 umet.
1609 5586 1738 5621 hor-

159 5651 326 5714 {ectus
353 5657 433 5704 est
463 5650 620 5706 locus
657 5667 726 5706 ex
767 5649 894 5704 Mss.
943 5643 1186 5714 Anglic.,
1219 5641 1442 5714 N_orm.,
1473 5636 1738 5704 Vindoc.,

159 5709 314 5803 dupli.
347 5720 842 5803 Gern1.,_Longip.,
874 5724 928 5774 et
955 5709 1165 5772 ex'vet.
1195 5712 1299 5768 Ed.

225 5786 243 5820 ³
268 5787 458 5860 Laud,
486 5786 608 5850 et'in
635 5786 830 5866 glo'ria.

438 5889 682 5951 Parnm“
721 5888 976 5949 LXXVI.

1788 508 1860 565 do
1897 517 2047 582 gesta
2072 518 2222 579 sunt,
2253 510 2372 568 hac
2391 511 2704 584 importune
2723 512 2842 585 ejus
2861 515 3046 572 animo
3075 517 3304 591 objicit;
3337 531 3394 577 et

1789 615 1919 656 cum
1949 599 2099 656 hunc
2130 602 2245 659 Deo
2273 601 2628 674 singulariter
2669 603 2939 674 placuisse
2984 605 3248 676 insinuat,
3281 625 3392 683 quo

1792 689 2011 748 facilius
2039 700 2291 764 suggesta
2318 690 2661 764 persuadeat,
2708 693 2880 764 ipsam
2911 696 2979 751 ad
3009 694 3392 756 testimonium

1792 780 2076 851 potestatis
2105 780 2320 837 tradita
2364 781 2788 838 retributionem
2833 791 3013 851 vocat,
3047 786 3236 842 dicens
3265 789 3396 859 quia

1793 865 1902 920 nisi
1931 865 2281 937 omnipotens
2328 868 2475 924 Deus
2519 874 2573 922 te
2612 867 2700 924 his
2745 867 3066 924 hominibus
3113 869 3395 926 meliorem

1794 962 2060 1024 cerneret,
2091 970 2282 1012 omnes
2310 955 2412 1011 bos
2437 955 2540 1012 sub
2568 963 2667 1012 tuo
2684 957 2950 1028 regimine
2981 975 3093 1014 non
3115 958 3393 1025 dedisset;

1795 1044 2020 1119 ejusque
2051 1062 2182 1102 mox
2208 1053 2447 1102 mentem
2477 1045 2658 1119 erigit,
2691 1046 2830 1104 viles
2859 1057 3022 1122 atque
3053 1049 3276 1104 inutiles
3308 1065 3400 1104 eos

1798 1135 1894 1209 qui
1923 1133 2162 1207 subjecti
2196 1143 2326 1192 sunt
2353 1135 2615 1203 ostendit,
2649 1135 2724 1190 ita
2752 1143 2815 1191 ut
2843 1137 3060 1193 nullum
3097 1137 3212 1209 jam
3242 1137 3402 1210 quasi

1797 1225 2028 1297 dignum
2061 1226 2317 1298 respiciat
2345 1225 2436 1282 cui
2457 1225 2841 1298 aquanimiter
2861 1227 3138 1300 loquatur.
3172 1227 3326 1284 Unde
3349 1235 3404 1284 et

1799 1330 1931 1370 mox
1960 1315 2162 1370 mentis
2179 1314 2552 1387 tranquillitas
2579 1315 2639 1371 in
2661 1314 2800 1370 iram
2829 1316 3085 1384 vertitur,
3111 1317 3242 1390 quia
3268 1316 3405 1374 dum

1799 1413 2028 1462 cunctos
2043 1405 2298 1476 despicit,
2320 1404 2452 1460 dum
2475 1420 2697 1460 sensum
2713 1405 3002 1478 vitamque
3017 1407 3268 1462 omnium
3284 1406 3406 1463 sine

1801 1495 2174 1550 moderamine
2204 1494 2575 1568 reprehendit,
2605 1502 2757 1550 tanto
2786 1494 3104 1551 effrenatius
3125 1496 3182 1550 in
3213 1512 3270 1550 se
3300 1496 3406 1552 ira-

1801 1583 2062 1639 cundiam
2093 1583 2309 1651 dilatat,
2342 1591 2550 1657 qnanto
2579 1599 2672 1639 eos
2699 1583 2794 1656 qui
2824 1583 2932 1639 sibi
2961 1584 3244 1640 commissi
3274 1590 3407 1640 sunt

1802 1689 1918 1729 esse
1947 1674 2169 1730 sibimet
2200 1673 2459 1746 indignos
2489 1681 2664 1744 putat.

1879 1814 2018 1889 [Vet.
2053 1813 2198 1888 XX.]
2231 1815 2321 1870 51.
2355 1816 2429 1870 At
2474 1820 2668 1871 contra
2711 1830 2838 1871 cum
2889 1813 3268 1885 subjectorum
3313 1833 3411 1874 cor

1803 1904 2059 1976 superbia
2101 1902 2349 1975 instigat,
2394 1902 2501 1959 hoc
2525 1918 2881 1974 summopere
2911 1901 3112 1958 nititur
3136 1919 3316 1975 agere,
3347 1911 3412 1960 ut

1804 2011 1905 2052 sua
1930 2001 2052 2051 acta
2095 1994 2443 2050 considerare
2485 1993 2739 2050 funditus
2785 1994 3084 2067 negligant,
3116 2001 3171 2050 et
3198 2011 3415 2068 semper

1806 2083 1990 2140 tacitis
2019 2081 2453 2155 cogitationibus
2475 2079 2704 2138 rectoris
2735 2081 2819 2136 sui
2843 2079 3061 2152 judices
3102 2081 3238 2137 ﬁant
3269 2100 3282 2149 ;
3317 2083 3414 2155 qui

1807 2173 1938 2230 dum
1973 2173 2030 2229 in
2062 2175 2158 2229 illo
2191 2171 2337 2246 quod
2386 2170 2784 2243 reprehendere
2823 2169 3060 2226 debeant
3100 2171 3416 2243 importune

1810 2264 2133 2336 respiciunt,
2191 2264 2247 2318 in
2291 2262 2598 2332 semetipsis
2629 2260 2778 2334 quod
2824 2261 3102 2332 corrigant
3131 2277 3418 2334 nunquam

1811 2354 2021 2410 vident.
2056 2352 2210 2410 Unde
2241 2360 2296 2408 et
2323 2358 2480 2406 tanto
2507 2351 2750 2406 atrocius
2781 2359 3034 2421 pereunt,
3066 2358 3274 2423 quanto
3301 2367 3333 2406 a
3360 2366 3420 2407 se

1811 2447 2003 2504 oculos
2026 2452 2303 2512 avertunt,
2331 2444 2463 2516 quia
2492 2443 2550 2497 in
2571 2438 2739 2510 hujus
2763 2441 2890 2495 vita
2912 2440 3109 2495 itinere
3140 2439 3420 2496 offenden-

1811 2543 1893 2590 tes
1918 2541 2206 2602 corruunt,
2228 2532 2360 2588 dum
2391 2529 2524 2585 alibi
2555 2529 2867 2586 intendunt.
2901 2529 2972 2583 Et
2991 2529 3214 2602 quidem
3235 2543 3420 2600 pecca-

1812 2633 1959 2681 tores
1986 2640 2043 2680 se
2080 2630 2352 2689 asserunt,
2402 2637 2505 2678 nec
2543 2630 2724 2678 tamen
2760 2627 2976 2676 tantum
3008 2628 3070 2676 ut
3098 2628 3210 2677 tam
3237 2620 3422 2676 noxia

1814 2715 1874 2769 in
1890 2714 2157 2784 regimine
2177 2728 2420 2784 persona
2451 2713 2473 2746 °
2501 2709 2870 2767 traderentur.
2895 2711 2966 2765 Et
2985 2710 3118 2766 dum
3139 2709 3258 2782 ejus
3278 2710 3426 2766 facta

1815 2802 2149 2874 despiciunt,
2181 2801 2316 2857 dum
2360 2808 2630 2873 pracepta
2662 2807 3048 2867 contemnunt,
3099 2799 3167 2856 ad
3211 2806 3422 2854 tantam

1814 2906 1991 2964 usque
2011 2892 2030 2927 ⁷
2055 2890 2328 2947 insaniam
2349 2888 2747 2957 devolvuntur,
2768 2896 2831 2944 ut
2851 2891 3022 2946 Deum
3048 2907 3132 2946 res
3153 2889 3425 2945 humanas

1816 2997 2008 3039 curare
2037 2996 2149 3037 non
2197 2978 2494 3046 astiment,
2525 2979 2657 3051 quia
2687 2978 2738 3033 ei
2769 2978 2865 3050 qui
2895 2978 3050 3049 quasi
3076 2977 3201 3049 jure
3231 2993 3425 3050 repre-

1819 3072 2084 3129 henditur
2127 3087 2245 3128 esse
2297 3087 2353 3127 se
2399 3070 2727 3126 commissos
2772 3067 2978 3125 dolent.
3043 3068 3243 3140 Sicque
3290 3067 3426 3123 dum

1740 3150 1786 3212 C
1820 3173 2012 3223 contra
2054 3170 2323 3220 rectorem
2373 3159 2722 3233 superbiunt,
2773 3159 2936 3215 etiam
2982 3167 3173 3215 contra
3213 3158 3430 3231 judicia

1821 3253 2128 3312 conditoris
2158 3253 2535 3308 intumescunt
2567 3268 2580 3318 ;
2613 3257 2667 3305 et
2695 3248 2829 3304 dum
2873 3250 3108 3321 pastoris
3137 3249 3223 3305 sui
3253 3249 3428 3305 vitam

1823 3343 2154 3417 dijudicant,
2187 3343 2360 3414 ipsam
2401 3356 2620 3414 quoque
2649 3338 2973 3412 sapientiam
3006 3339 3194 3395 omnia
3231 3337 3430 3410 dispo—

1824 3435 2009 3490 nentis
2055 3435 2400 3506 impugnant.
2447 3431 2600 3502 Sape
2643 3438 2827 3486 autem
2875 3429 3104 3486 rectoris
3143 3427 3229 3484 sui
3267 3427 3434 3484 dictis

1826 3533 2083 3598 proterve
2109 3523 2360 3590 obviant,
2382 3529 2436 3578 et
2465 3518 2716 3577 eamdem
2742 3519 2898 3577 vocis
2927 3519 3239 3592 superbiam
3270 3518 3434 3574 liber-

1826 3623 1995 3672 tatem
2024 3621 2242 3670 vocant.
2275 3612 2366 3669 Sic
2385 3610 2588 3684 quippe
2605 3611 2770 3667 elatio
2801 3626 2856 3666 se
2885 3609 3041 3682 quasi
3073 3625 3172 3680 pro
3201 3607 3438 3664 liberta-

1827 3705 1901 3761 tis
1940 3701 2272 3760 rectitudine
2319 3699 2534 3774 objicit,
2580 3701 2725 3758 sicut
2765 3715 2908 3771 sape
2956 3713 3012 3754 se
3053 3704 3108 3754 et
3136 3697 3306 3752 timor
3335 3711 3436 3768 pro

1828 3792 2147 3849 humilitate
2177 3790 2460 3864 supponit.
2489 3790 2628 3846 Nam
2659 3789 2803 3845 sicut
2833 3787 3082 3861 plerique
3106 3786 3338 3842 reticent
3367 3799 3438 3841 ex

1831 3886 2048 3952 timore,
2081 3891 2136 3940 et
2165 3892 2348 3939 tamen
2379 3891 2560 3938 tacere
2591 3897 2647 3937 se
2677 3879 2956 3935 astimant
2985 3894 3054 3934 ex
3095 3875 3434 3942 humilitate,

1832 3976 1910 4032 ita
1928 3974 2186 4031 nonnulli
2215 3973 2521 4045 loquuntur
2541 3987 2638 4044 per
2657 3969 3062 4042 impatientiam
3084 3967 3360 4034 elationis,
3385 3966 3440 4022 et

1831 4074 2015 4123 tamen
2049 4064 2202 4137 loqui
2245 4078 2301 4118 se
2329 4059 2563 4119 credunt
2591 4075 2686 4132 per
2716 4058 3024 4115 libertatem
3066 4055 3437 4113 rectitudinis.

1832 4153 2149 4227 Aliquando
2170 4160 2352 4208 autem
2381 4150 2592 4207 subditi
2624 4158 2881 4224 proterva
2905 4165 3026 4222 qua
3058 4146 3306 4202 sentiunt
3335 4162 3443 4202 ne-

1833 4259 2108 4318 quaquam
2130 4241 2373 4316 produnt
2395 4260 2409 4309 ;
2443 4250 2498 4298 et
2521 4239 2579 4296 hi
2603 4255 2839 4313 quorum
2858 4237 3165 4310 loquacitas
3181 4235 3278 4290 vix
3295 4252 3444 4291 com-

1834 4335 2097 4410 pescitur,
2138 4348 2538 4406 nonnunquam
2568 4347 2638 4388 ex
2682 4330 2799 4386 sola
2839 4325 3209 4385 amaritudine
3257 4325 3446 4381 intimi

1837 4425 2086 4484 rancoris
2113 4423 2522 4480 obmutescunt.
2546 4421 2674 4490 Qui,
2699 4434 2796 4492 per
2817 4417 3067 4475 dolorem
3093 4415 3295 4472 mentis
3325 4431 3447 4488 pro-

1759 4531 1809 4590 D
1837 4514 2088 4576 cacitatis
2115 4530 2227 4571 sua
2273 4511 2443 4568 verba
2475 4509 2884 4578 subtrahentes,
2934 4523 3062 4565 cum
3107 4507 3248 4563 male
3295 4504 3450 4578 loqui

1841 4607 2073 4674 soleant,
2107 4603 2262 4677 pejus
2283 4610 2485 4672 tacent,
2518 4601 2650 4676 quia
2668 4615 2796 4658 cum
2816 4606 3106 4673 peccantes
3136 4595 3349 4669 aliquid
3381 4593 3451 4650 de

1841 4699 2182 4757 correctione
2210 4695 2466 4763 audiunt,
2496 4693 2847 4766 indignantes
2877 4691 3044 4747 etiam
3077 4685 3450 4760 responsionis

1845 4789 2013 4846 verba
2052 4786 2416 4860 suspendunt.
2459 4784 2599 4842 Cum
2646 4783 2734 4840 his
2763 4781 2986 4856 quando
3020 4795 3206 4853 aspere
3245 4777 3448 4848 agitur,

1845 4900 1986 4956 sape
2014 4883 2084 4940 ad
2111 4883 2348 4956 querela
2376 4895 2566 4935 vocem
2615 4877 2684 4934 de
2711 4875 2817 4934 hac
2845 4877 2963 4948 ipsa
2991 4872 3283 4946 asperitate
3312 4885 3451 4941 pro—

1846 4975 2060 5030 siliunt.
2094 4971 2234 5029 Cum
2283 4987 2412 5026 vero
2441 4986 2535 5026 eos
2581 4965 2832 5038 magistri
2873 4964 2960 5020 sui
3005 4959 3203 5018 blande
3232 4973 3454 5030 prave-

1846 5065 2030 5131 niunt,
2065 5062 2133 5118 de
2178 5061 2282 5118 hac
2330 5061 2446 5132 ipsa
2491 5057 2804 5114 humilitate
2849 5071 2960 5126 qua
3005 5049 3275 5125 praeventi
3324 5057 3456 5105 sunt

1849 5153 2069 5228 gravius
2097 5150 2477 5221 indignantur,
2525 5154 2580 5203 et
2611 5152 2768 5202 tanto
2814 5157 3007 5200 eorum
3057 5153 3212 5194 mens
3241 5137 3456 5194 vastius

1921 5415 1942 5447 ‘
1973 5407 2232 5476 Vindoc.,
2269 5405 2534 5462 transibit.

1920 5487 1941 5519 ⁵
1974 5483 2171 5538 Pratel.
2200 5474 2254 5536 et
2282 5478 2450 5545 Utic.,
2480 5481 2786 5532 enumerata
2814 5481 2861 5530 et
2889 5475 3054 5530 mala.
3087 5474 3193 5531 Ubi
3221 5481 3268 5531 et
3287 5475 3460 5532 addi-

1849 5563 1966 5612 tum
1999 5553 2254 5610 nonnihil
2286 5549 2470 5623 gratia
2499 5547 2732 5623 dictioni
2755 5547 2989 5623 confert.

1921 5630 1942 5663 ⁶
1966 5626 2135 5682 Addit
2155 5619 2362 5688 Germ”
2380 5621 2716 5676 considerant
2735 5626 2857 5691 post
2873 5619 3236 5676 traderentur.
3260 5621 3454 5680 Norm.

1848 5709 1903 5758 et
1931 5699 2192 5766 Vindoc.,
2225 5695 2370 5751 tradi
2394 5699 2739 5748 mererentur.

1921 5774 1941 5808 τ
1969 5771 2032 5828 In
2062 5770 2202 5844 pler.
2224 5769 2380 5836 Mss.,
2417 5766 2707 5822 vesaniam.

3147 5863 3212 5920 24
