3936 6382
534 279 635 337 747

1722 281 1972 338 SANCTI
2009 282 2348 340 GBEGORII
2383 283 2612 341 MAGNI

3748 286 3850 344 748

531 405 867 472 accenditur,
891 412 1096 476 quanto
1121 406 1521 462 consideratius
1541 409 1556 444 ¹
1577 407 1796 464 inﬁrma
1815 408 2118 478 iudicatur.
2156 413 2207 470 A
2228 413 2531 482 phanorum
2558 419 2606 467 et
2620 412 2842 483 jurliciis
2869 413 3152 468 viduarum
3180 413 3352 486 (Psal.
3386 431 3568 484 vau,
3600 414 3688 487 5).
3723 417 3850 474 Au-

527 495 595 552 Hi
623 494 908 562 nimirum,
941 493 1069 566 quia
1098 493 1494 565 humilitatem,
1516 513 1637 570 quas
1657 497 1926 556 virtutum
1955 507 2128 555 mater

526 591 625 652 est,
659 583 934 652 nesciunt,
975 599 1137 640 usum
1185 584 1387 642 laboris
1434 586 1521 642 sui
1555 587 1576 620 ²
1608 587 1864 658 perdunt,
1911 589 2126 646 etiamsi

525 690 632 746 qua
656 671 800 728 bona
819 681 1088 754 suntquae
1110 674 1325 746 operari
1350 673 1666 742 videantur,
1706 677 1835 748 quia
1856 679 2126 748 surgentis

522 770 748 827 fabricae
781 769 970 826 1140
1014 771 1238 828 robusta
1277 772 1551 830 celsitudo
1594 789 1704 828 non
1751 773 1958 846 ﬂgitur,
2007 789 2127 850 quas

524 877 869 933 nequaquam
899 877 996 932 per
1022 860 1368 918 fundamenti
1388 859 1775 918 fortitudinem
1793 863 1850 918 in
1872 873 2026 936 petra
2043 881 2127 920 so-

525 948 754 1006 lidatur.
787 949 903 1004 Soli
926 965 1056 1020 ergo
1085 947 1259 1005 ruinae
1277 949 1475 1006 crescit
1495 948 1644 1022 quod
1673 949 1968 1021 aediﬁcant,
1999 955 2129 1026 quia

522 1046 650 1094 ante
679 1039 878 1094 molem
901 1037 1126 1094 fabricat
1155 1037 1493 1096 humilitatis
1512 1039 1838 1098 fundamina
1866 1058 1975 1100 non
2006 1057 2128 1116 pro-

523 1134 739 1185 curant.
771 1127 918 1195 Quos
947 1125 1084 1183 bene
1114 1127 1184 1183 ab
1214 1127 1429 1186 intimis
1450 1128 1757 1200 prodimus,
1785 1133 1834 1187 si
1863 1131 2049 1206 paucis
2068 1133 2125 1189 in

522 1216 893 1272 exterioribus
917 1215 1290 1276 ostendamus.

593 1331 682 1389 52.
735 1333 916 1404 Imago
959 1333 1190 1402 superbi.
1232 1357 1304 1376 -ι-
1339 1331 1567 1394 Cunctis
1611 1349 1848 1410 namque
1894 1334 2128 1408 superba

520 1422 668 1496 apud
695 1439 750 1478 se
781 1424 1117 1495 cogitatione
1136 1423 1481 1482 tumentibus
1511 1425 1654 1482 inest
1675 1425 1882 1483 clamor
1899 1425 1954 1480 in
1979 1421 2126 1480 locu-

520 1513 692 1580 tione,
723 1511 1035 1568 amaritudo
1065 1511 1123 1568 in
1141 1509 1382 1583 silentio,
1405 1513 1698 1571 dissolutio
1732 1511 1789 1570 in
1819 1511 2123 1581 hilaritate,

519 1602 676 1658 furor
695 1601 753 1657 in
769 1603 1018 1674 tristitia,
1051 1606 1072 1640 ³
1102 1603 1426 1662 inhonestas
1446 1607 1504 1662 in
1527 1604 1765 1674 actione,
1791 1603 2046 1660 honestas
2069 1603 2127 1658 in

519 1690 782 1762 imagine,
812 1691 1016 1748 erectio
1046 1693 1104 1748 in
1138 1694 1377 1760 incessu,
1429 1709 1628 1752 rancor
1655 1694 1713 1750 in
1744 1693 2122 1764 responsione.

2234 497 2390 556 diant
2403 501 2492 555 isti
2511 501 2605 574 qui
2621 509 2810 557 contra
2822 502 3224 558 contumaciam
3237 501 3596 559 subditorum
3615 504 3846 563 dicitur:

2238 591 2342 657 Qui
2369 592 2565 645 resistit
2601 592 2868 661 potestati,
2909 591 3009 646 Dei
3053 592 3382 647 ordinationi
3427 593 3638 648 resistit
3671 593 3846 666 (Rom.

2235 692 2360 747 xm,
2377 677 2458 750 2).
2479 676 2723 735 Audiant
2743 680 2909 736 simul
2928 697 3118 737 omnes
3149 699 3168 737 :
3199 682 3337 738 Deus
3357 685 3605 755 superbis
3627 682 3851 755 resistit,

2234 767 2523 823 humilibus
2565 776 2738 823 autem
2785 770 2881 824 dat
2919 771 3149 840 gratiam
3191 769 3324 841 (Jac.
3356 788 3437 840 ιν,
3482 771 3568 844 6).
3600 771 3855 828 Audiant

2234 872 2427 913 omnes
2460 873 2472 913 :
2507 859 2818 914 Immundas
2845 865 2919 912 est
2943 860 3089 930 apud
3128 859 3293 915 Deum
3321 860 3494 916 omnis
3518 863 3619 934 qui
3648 865 3854 919 exultat

2234 965 2327 1006 cor
2353 965 2508 1005 suum
2548 949 2734 1021 (Prov.
2768 963 2887 1017 xvr,
2917 950 2971 1018 5,
2994 951 3161 1020 juxta
3211 957 3336 1008 text.
3383 952 3548 1010 Hebr.
3577 959 3630 1009 et
3655 954 3851 1027 LXX).

2236 1040 2482 1096 Audiam
2508 1055 2697 1096 omnes
2721 1057 2732 1094 :
2761 1041 2781 1074 ⁸
2807 1040 2945 1106 Quid
2969 1041 3228 1110 superbis,
3259 1047 3404 1097 terra
3424 1049 3472 1097 et
3490 1041 3629 1098 cinis
3656 1043 3850 1114 (Eccli.

2237 1143 2296 1199 χ,
2324 1130 2382 1201 9)
2433 1130 2462 1186 ?
2506 1130 2711 1187 Contra
2758 1129 2922 1201 hujus
2971 1130 3251 1202 languoris
3299 1142 3508 1204 pestem
3552 1134 3853 1192 audiamus

2235 1219 2422 1276 cuncti
2453 1219 2600 1292 quod
2632 1219 2890 1290 magistra
2921 1217 3138 1274 Veritas
3187 1220 3346 1278 docet
3375 1222 3570 1279 dicens
3602 1242 3613 1279 :
3651 1223 3852 1280 Discite

2234 1326 2270 1365 α
2298 1326 2396 1376 me,
2423 1309 2546 1378 quia
2571 1309 2711 1362 mitis
2741 1325 2857 1362 sum
2885 1313 2932 1362 et
2960 1309 3175 1366 humilis
3196 1311 3350 1365 corde
3377 1313 3593 1381 (Matth.
3618 1329 3706 1381 χι,
3731 1315 3848 1385 29).

2309 1398 2448 1472 [Vet.
2481 1398 2688 1472 XXII.]
2717 1398 2805 1454 54.
2839 1400 3112 1455 Hominem
3141 1401 3423 1471 superbum
3452 1419 3560 1457 nou
3591 1421 3727 1470 esse,
3765 1405 3852 1460 do-

2235 1495 2311 1542 cet
2337 1489 2478 1544 Deus
2505 1489 2738 1543 humilis.
2774 1517 2844 1530 —
2869 1489 2954 1545 Ad
2985 1488 3092 1546 hoc
3121 1506 3359 1563 namque
3388 1493 3722 1566 unigenitus
3752 1497 3850 1550 Dei

2236 1579 2412 1633 Filius
2443 1577 2673 1633 formam
2725 1578 3064 1635 inﬁrmitatis
3108 1589 3310 1636 nostrae
3341 1584 3608 1655 suscepit,
3641 1582 3714 1640 ad
3747 1582 3852 1640 hoc

2235 1667 2556 1736 invisibilis,
2591 1683 2702 1723 non
2732 1670 2910 1724 solum
2942 1669 3201 1738 visibilis,
3234 1670 3327 1727 sed
3358 1673 3524 1729 etiam
3553 1669 3852 1747 despectus

519 1759 731 1834 Horum
767 1759 926 1836 mens
955 1797 1169 1854 semper
1197 1789 1279 1838 est
1306 1759 1376 1838 ad
1413 1783 1733 1856 irrogandas
1760 1759 2130 1839 contumelias
2155 1780 2201 1844 Β
2235 1760 2509 1832 appara“:
2539 1759 2608 1856 a_d
2639 1759 2744 1856 1³00
2772 1761 3232 1856 comumeliamm
3265 1761 3585 1856 ludibria,"
3618 1763 3851 1856 irrlSiO‘

518 1863 726 1937 valida,
749 1865 818 1923 ad
839 1868 1150 1926 tolerandas
1169 1871 1391 1926 inﬁrma
1414 1890 1427 1939 ;
1461 1873 1529 1928 ad
1550 1872 1921 1928 obediendum
1945 1873 2121 1944 pigra,

519 1953 588 2010 ad
616 1951 960 2012 lacessendos
989 1973 1120 2012 vero
1150 1957 1288 2014 alios
1318 1958 1663 2031 importuna;
1704 1958 1772 2014 ad
1801 1975 1863 2014 ea
1891 1977 2012 2033 quae
2043 1959 2120 2014 fa-

519 2059 643 2100 cere
672 2049 726 2098 et
754 2042 916 2099 debet
944 2050 998 2099 et
1027 2045 1287 2118 praevalet
1331 2045 1548 2118 ignava,
1595 2047 1665 2104 ad
1696 2064 1760 2103 ea
1788 2055 1969 2104 autem
2003 2065 2124 2121 quae

521 2129 698 2188 facere
740 2148 854 2186 non
895 2130 1057 2188 debet
1086 2151 1187 2192 nec
1226 2137 1486 2208 praevalet
1516 2139 1536 2171 ⁴
1569 2145 1777 2208 parata.
1811 2135 1940 2193 llazc
1970 2139 2026 2192 in
2059 2156 2122 2194 eo

519 2221 666 2295 quod
683 2229 876 2293 sponte
903 2239 1013 2279 non
1045 2225 1252 2296 appetit
1274 2226 1428 2282 nulla
1443 2226 1828 2282 exhortatione
1858 2226 2120 2296 ﬂectitur,

516 2308 586 2366 ad
611 2309 717 2366 hoc
754 2318 935 2368 autem
961 2313 1108 2386 quod
1139 2314 1369 2370 latenter
1398 2313 1670 2370 desiderat
1706 2317 1901 2387 quierit
1933 2325 1992 2371 ut
2021 2331 2125 2372 (ιυ-

517 2406 692 2470 gatur,
726 2401 854 2474 quia
883 2401 1016 2458 dum
1068 2403 1265 2458 metuit
1307 2421 1375 2458 ex
1405 2404 1676 2459 desiderio
1707 2423 1806 2460 suo
1840 2406 2121 2475 vilescere,

515 2497 667 2562 optat
690 2490 802 2546 vim
830 2491 889 2546 in
929 2493 1044 2564 ipsa
1074 2509 1171 2549 sua
1195 2494 1478 2550 voluntate
1509 2495 1760 2550 tolerare.

587 2606 730 2680 [νει.
752 2606 930 2682 ΧΧΙ.]
961 2609 1051 2665 53.
1088 2610 1412 2665 Exhortatio
1431 2611 1503 2666 ad
1523 2611 1890 2666 humilitatem.
1923 2614 2120 2683 —-lgi-

518 2701 612 2751 tur
645 2697 776 2768 quia
815 2696 1090 2753 humanos
1130 2699 1346 2756 animos
1399 2699 1561 2755 aliter
1601 2699 1805 2755 tentari
1842 2716 1911 2754 ex
1959 2701 2122 2756 rebus

517 2785 852 2854 carnalibus,
904 2793 1066 2859 atque
1103 2787 1266 2843 aliter
1319 2804 1390 2843 ex
1431 2788 1818 2859 spiritualibus
1848 2789 2119 2858 diximus,

519 2875 748 2932 audiant
777 2875 860 2932 illi
894 2893 908 2932 :
944 2875 1124 2932 Omnis
1151 2893 1276 2932 caro
1303 2876 1507 2947 fenum,
1537 2883 1584 2933 et
1609 2879 1788 2949 gloria
1833 2878 1945 2947 ejus
1989 2879 2123 2934 sicut

515 2968 615 3037 ﬂos
638 2966 749 3038 feni
782 2967 938 3040 (Isai.
960 2983 1053 3032 XL,
1068 2967 1150 3040 6).
1173 2966 1420 3024 Audiant
1435 2974 1490 3022 et
1518 2967 1632 3036 isti,
1655 2967 1803 3041 quod
1827 2970 1848 3004 ⁵
1880 2967 2122 3040 quibus—

510 3053 640 3112 dam
673 3063 796 3126 post
824 3056 1092 3112 miracula
1117 3055 1325 3112 dicitur
1349 3074 1362 3112 ἐ
1387 3057 1570 3114 Nescio
1600 3074 1692 3112 vos
1722 3058 1858 3112 unde
1885 3057 2020 3125 sitis,
2039 3057 2121 3113 di-

2235 1867 2368 1908 num
2395 1852 2707 1924 opprobria,
2731 1853 3156 1926 passionumque
3183 1861 3457 1910 tormenta
3476 1853 3766 1924 toleravit,
3790 1866 3851 1912 ut

2232 1942 2529 2014 superbum
2558 1959 2667 1998 non
2695 1957 2811 1998 esse
2843 1942 3125 1998 hominem
3159 1941 3378 2000 doceret
3407 1943 3645 2000 humilis
3678 1945 3846 2002 Deus.

2234 2032 2449 2099 Quanta
2493 2048 2622 2103 ergo
2665 2029 2999 2087 humilitatis
3043 2034 3220 2090 virtus
3264 2041 3365 2102 est,
3409 2042 3638 2108 propter
3679 2051 3850 2109 quam

2234 2123 2406 2177 solam
2441 2122 2706 2194 veraciter
2736 2121 3067 2178 edocendam
3101 2123 3148 2180 is
3176 2123 3273 2196 qui
3305 2126 3422 2180 sine
3474 2126 3850 2181 aestimatione.

2239 2217 2422 2272 1141
2460 2227 2686 2283 magnus
2716 2221 2817 2280 est,
2867 2228 3037 2284 usque
3085 2212 3152 2268 ad
3200 2215 3509 2286 passionem
3554 2217 3740 2273 factus
3769 2225 3849 2274 est

2234 2325 2436 2381 parvus
2459 2310 2484 2366 ‘l
2505 2311 2645 2377 Quia
2665 2311 2812 2365 enim
2835 2311 3103 2383 originem
3126 2314 3170 2346 ¹⁰
3192 2311 3495 2385 perditioni
3517 2321 3726 2370 nostra:
3745 2333 3849 2371 su-

2233 2399 2421 2470 perbia
2451 2399 2686 2472 praebuit
2714 2397 2940 2467 diaboli,
2975 2401 3407 2458 instrumentum
3440 2403 3849 2476 redemptionis

2232 2501 2431 2548 nostrae
2450 2493 2674 2550 inventa
2685 2501 2768 2550 est
2785 2493 3070 2550 humilitas
3087 2495 3207 2551 Dei.
3227 2496 3413 2552 Hostis
3430 2496 3636 2571 quippe
3659 2507 3848 2554 noster

2234 2599 2462 2654 magnus
2492 2584 2634 2638 inter
2665 2584 2852 2638 omnia
2899 2584 3175 2654 conditus,
3227 2585 3407 2642 videri
3457 2604 3625 2660 super
3655 2588 3851 2643 omnia

2233 2671 2412 2726 voluit
2439 2671 2635 2728 elatus.
2669 2673 3004 2746 Redemptor
3033 2683 3218 2730 autem
3251 2684 3440 2732 noster
3467 2694 3705 2749 magnus
3734 2695 3851 2733 ma-

2225 2762 2368 2816 nens
2397 2763 2439 2794 “
2473 2775 2635 2834 super
2665 2763 2875 2832 omnia,
2921 2761 3041 2818 ﬁeri
3075 2764 3222 2820 inter
3251 2765 3438 2822 omnia
3467 2765 3738 2840 dignatus
3768 2776 3853 2824 est

2232 2865 2455 2922 parvus.

2301 2940 2390 2996 55.
2426 2941 2566 3008 Quid
2597 2942 2785 2997 mortis
2813 2949 3002 2998 auctor
3029 2943 3230 3012 doceat,
3267 2945 3398 3016 quid
3427 2943 3547 3003 vitae
3575 2945 3848 3004 conditor.

2229 3061 2299 3072 —
2327 3029 2432 3087 Sed
2466 3032 2663 3088 melius
2691 3040 2745 3088 et
2765 3033 3020 3091 elationis
3049 3053 3267 3092 causam
3291 3035 3624 3110 detegimus,
3642 3047 3700 3094 et
3721 3038 3850 3094 fun-

511 3118 697 3200 πεάίιξ
725 3162 759 3199 α
787 3161 886 3214 me,
919 3146 942 3181 θ
968 3162 1144 3201 omnes
1189 3145 1428 3216 operari,
1454 3145 1755 3216 iniquitatis
1808 3146 1960 3218 (Luc.
1993 3118 2121 3214 im,
2155 3153 2200 3216 Ο
2229 3118 2485 3176 damenta
2501 3120 2836 3177 humilitatis
2855 3125 3154 3195 aperimus,
3177 3125 3223 3180 si
3244 3127 3400 3182 brevi
3421 3144 3850 3185 commemora-

511 3233 628 3306 27).
661 3235 906 3290 Audiant
927 3234 1012 3291 illi
1045 3251 1058 3291 :
1093 3235 1314 3290 Divitiw
1341 3235 1388 3288 si
1413 3237 1656 3307 aﬂuant,
1677 3236 1838 3292 nolite
1852 3253 1944 3292 cor
1956 3253 2118 3308 appo-

510 3339 634 3376 nere
658 3323 841 3392 (Psal.
864 3338 978 3391 Lxr,
1006 3320 1068 3377 11
1075 3323 1124 3394 ).
1142 3321 1391 3378 Audiant
1411 3322 1504 3379 isti
1520 3323 1651 3395 quia
1671 3323 1836 3380 fatuas
1850 3325 2112 3396 virgines,

511 3425 635 3483 quas
663 3426 791 3466 cum
819 3410 1012 3466 vacuis
1029 3409 1266 3467 vasculis
1289 3411 1545 3478 veniunt,
1565 3411 1636 3468 ab
1658 3412 1890 3469 internis
1908 3413 2118 3485 nuptiis

511 3500 886 3558 excluduntur
916 3501 1130 3573 (Matth.
1166 3517 1304 3572 xxv,
1339 3503 1456 3573 12).
1511 3503 1772 3573 Rursum,
1803 3505 1934 3578 quia
1954 3506 2118 3562 aliter

510 3590 711 3645 tentari
786 3591 1060 3663 przelatos,
1123 3599 1286 3664 atque
1348 3591 1509 3650 aliter
1574 3593 1828 3650 subditos
1901 3595 2115 3668 praefati

507 3695 718 3750 sumus,
775 3679 1003 3736 audiant
1055 3679 1144 3738 illi
1197 3681 1346 3754 quod
1397 3697 1495 3754 per
1546 3683 1841 3756 quemdam
1888 3685 2115 3757 sapien-

505 3776 619 3826 tem
647 3769 852 3827 dicitur
884 3788 895 3826 :
928 3771 1126 3827 Ducem
1163 3776 1209 3828 te
1249 3773 1631 3829 constituerunt
1677 3777 1705 3832 t’
1753 3775 1866 3831 noti
1905 3777 2112 3847 extolli,

506 3861 593 3916 sed
617 3865 721 3914 esto
752 3859 808 3914 in
843 3858 955 3915 illis
997 3859 1154 3931 quasi
1181 3877 1319 3916 unus
1363 3878 1429 3916 ea:
1474 3862 1548 3916 eis
1581 3863 1774 3936 (Eccli.
1806 3880 1993 3934 χχχιι,
2032 3867 2111 3938 1).

506 3947 754 4006 Audiant
779 3948 873 4004 isti
907 3965 920 4005 :
969 3950 1177 4006 Obedite
1219 3952 1524 4023 praepositis
1578 3954 1782 4023 vestris,
1829 3962 1879 4010 et
1921 3954 2113 4024 subjoi—

508 4045 608 4094 cete
626 4039 700 4095 eis
725 4057 748 4106 ,'
776 4039 880 4112 ipsi
899 4039 1037 4094 enim
1052 4041 1380 4113 pervigilant
1396 4042 1551 4114 quasi
1571 4043 1829 4099 rationem
1847 4045 2114 4102 reddituri

499 4147 604 4202 pro
633 4131 910 4186 animabus
949 4133 1134 4188 vestris
1165 4133 1354 4205 (Hebr.
1402 4148 1531 4202 χιιι,
1580 4135 1694 4206 17).
1729 4135 1975 4193 Audiant
2002 4137 2110 4208 illi,

506 4235 634 4275 cum
655 4217 721 4273 de
739 4226 962 4291 accepta
986 4227 1252 4292 potestate
1273 4221 1604 4294 gloriantur,
1631 4223 1737 4279 hoc
1757 4226 1903 4296 quod
1923 4225 2111 4283 Abra-

507 4307 594 4363 hae
624 4323 757 4363 voce
778 4309 994 4364 ardenti
1021 4309 1189 4366 diviti
1217 4310 1428 4368 dicitur
1469 4330 1484 4369 ς
1536 4313 1813 4382 Memento,
1845 4315 1950 4388 (ili,
1979 4318 2108 4388 quia

506 4397 749 4469 recepisti
772 4398 908 4454 bona
936 4399 994 4453 in
1013 4401 1121 4454 vita
1145 4405 1236 4455 ιω
1253 4401 1413 4472 (Luc.
1439 4419 1559 4472 xvr,
1581 4404 1698 4476 25).
1719 4405 1964 4464 Audiam
1991 4408 2104 4476 isti,

505 4501 634 4542 cum
664 4494 858 4542 contra
886 4494 1125 4545 rectores
1152 4503 1282 4548 suos
1307 4489 1368 4547 in
1383 4493 1632 4564 querelas
1648 4495 1964 4565 prosiliunt,
1997 4497 2107 4556 hoc

506 4576 657 4652 quod
685 4579 1055 4636 murmuranti
1087 4581 1292 4653 populo
1311 4582 1487 4655 Moysi
1500 4591 1558 4640 et
1585 4585 1770 4642 Aaron
1786 4587 2014 4645 vocibus
2027 4605 2107 4645 re-

503 4667 808 4740 spondetur
840 4684 852 4723 :
883 4669 987 4728 Nec
1009 4676 1196 4726 contra
1222 4688 1318 4728 nos
1347 4680 1424 4728 est
1452 4691 1701 4730 murmur
1730 4682 1983 4745 vestrum,
2015 4679 2105 4734 sed

502 4766 689 4817 contra
703 4761 1008 4818 Dominum.
1031 4762 1142 4820 Nos
1159 4763 1298 4818 enim
1313 4763 1442 4835 quid
1457 4781 1639 4821 sumus
1658 4767 1861 4840 (Exod.
1881 4784 1979 4824 χνι
1986 4769 2063 4841 ,8)
2082 4770 2108 4826 1?

499 4849 749 4910 Audiam
767 4849 853 4906 illi
872 4868 885 4907 ;
913 4852 1291 4910 Turbabuntur
1304 4855 1362 4909 in
1377 4861 1644 4927 conspectu
1659 4855 1776 4926 ejus
1799 4859 1817 4892 ⁷
1832 4858 2008 4928 patris
2021 4876 2106 4913 or-

575 5054 594 5090 ί
624 5053 856 5122 Turon.,
889 5051 1154 5122 Vindoc.,
1182 5051 1381 5123 Laud.,
1406 5053 1700 5124 inﬁrmari.

571 5125 594 5160 ²
626 5124 889 5196 Vindan,
913 5125 1196 5196 produnt.
1277 5195 1282 5196 γ
1444 5175 1451 5182 .

571 5195 593 5230 ³
625 5195 824 5265 Laud.,
855 5195 1150 5251 inhonestus
1180 5195 1236 5250 in
1268 5195 1511 5267 imagine,
1541 5195 1746 5254 erectio.

573 5267 593 5340 ξ
627 5267 862 5340 Υἱηάοε.
896 5270 1192 5340 θῐίΝοΠΠη
1223 5284 1426 5340 semper
1444 5275 1666 5340 parata.

538 5338 592 5416 _‘
615 5338 832 5462 themet.
863 5347 918 5395 et
942 5339 1106 5398 Corb.
1133 5338 1344 5409 Germ.,
1372 5338 1688 5413 quibusdam
1708 5341 1973 5400 miracula
1999 5343 2100 5414 fa-

538 5425 610 5462 te—n
633 5427 653 5462 ιι
691 5428 767 5464 us.

499 5424 786 5604 ἒϐἓῗξθιὲςέι
824 5499 997 5549 omnes
1026 5483 1085 5538 in
1113 5483 1351 5553 Gemet.,
1397 5486 1622 5555 Pratel.,
1671 5487 1816 5543 Utic.
1849 5492 1903 5542 et
1927 5486 2094 5544 Corb.

549 5566 684 5604 erm.

549 5566 684 5605 erm.

571 5621 590 5656 ⁷
628 5623 691 5674 1n
719 5623 989 5702 dormiet
1016 5626 1074 5681 in
1092 5628 1253 5702 βίω.
1285 5635 1398 5702 tam
1421 5637 1529 5685 vet.
1557 5643 1720 5702 quam
1744 5637 1974 5698 recenL,
1999 5649 2098 5702 pa-

503 5695 671 5746 tres...
704 5699 751 5746 et
796 5695 1020 5764 judices.
1083 5697 1254 5768 Cujus
1312 5695 1587 5756 lectionis'
1617 5701 1832 5757 nullum
1889 5695 2098 5758 funda—

498 5771 744 5821 mentum
770 5773 852 5823 est
894 5775 988 5824 aut
1029 5769 1090 5826 in
1121 5770 1356 5841 Vulgata
1402 5782 1496 5829 aut
1538 5773 1596 5828 in
1638 5779 1794 5830 textu
1839 5774 2004 5830 Hebr.
2034 5775 2096 5830 ln

2231 3212 2378 3268 tione
2407 3213 2825 3286 perstringimus
2871 3213 3006 3288 quid
3053 3217 3250 3272 mortis
3295 3225 3510 3289 auctor,
3541 3218 3684 3292 quid
3714 3221 3849 3278 vitae

2225 3301 2480 3360 conditor
2500 3303 2664 3360 dicat.
2697 3303 2796 3360 Ille
2826 3321 3062 3378 namque
3091 3307 3169 3363 ait
3202 3325 3214 3362 :
3248 3309 3315 3364 In
3343 3306 3524 3364 cretum
3555 3311 3848 3368 ascendam

2229 3394 2385 3467 (Isai.
2406 3411 2526 3462 xiv,
2560 3393 2651 3465 13)
2684 3412 2698 3461 ;
2733 3395 2835 3450 iste
2865 3405 3046 3452 autem
3067 3413 3161 3470 per
3179 3397 3515 3472 Prophetam
3537 3398 3681 3457 dicit
3707 3421 3721 3459 :
3745 3404 3844 3461 Re-

2219 3486 2365 3558 pleta
2389 3490 2462 3538 est
2484 3485 2642 3538 malis
2675 3485 2856 3539 anima
2886 3503 3019 3552 nivea,
3049 3493 3094 3542 el
3115 3488 3224 3542 vita
3255 3505 3367 3543 mea
3401 3487 3614 3560 inferno
3644 3509 3848 3565 appro-

2217 3573 2502 3647 pinquavit
2532 3573 2706 3644 (Psal.
2751 3589 2984 3644 Lxxxvr,
3007 3575 3088 3650 4).
3123 3577 3220 3633 Ille
3252 3577 3391 3635 dicit
3425 3597 3437 3634 :
3471 3581 3656 3652 Supra
3687 3591 3846 3641 astra

2223 3664 2338 3720 cadi
2372 3665 2618 3720 exaltabo
2653 3665 2844 3720 solium
2872 3683 3043 3722 meum
3073 3667 3231 3739 (Isai.
3265 3685 3390 3740 xxv,
3424 3671 3514 3743 13)
3551 3689 3567 3740 ;
3601 3673 3714 3730 iste
3743 3675 3846 3733 hu-

2224 3771 2387 3810 mano
2412 3753 2596 3827 generi
2617 3771 2648 3809 a
2666 3754 2906 3828 paradisi
2927 3755 3148 3814 sedibus
3169 3760 3401 3832 expulso
3419 3759 3561 3818 dicit
3584 3780 3599 3819 :
3639 3765 3687 3799 ¹³
3711 3767 3846 3823 Ecce

2221 3845 2370 3900 venio
2388 3847 2512 3911 cito,
2540 3851 2591 3900 et
2615 3845 2858 3900 habitabo
2886 3845 2942 3900 in
2961 3847 3130 3903 medio
3160 3849 3238 3904 tui
3265 3851 3463 3921 (Zach.
3496 3868 3562 3921 ιι,
3597 3853 3720 3927 10).
3746 3856 3845 3912 Ille

2220 3933 2359 3990 dicit
2391 3953 2402 3990 :
2437 3934 2625 3991 Sedebo
2651 3934 2706 3988 in
2723 3942 2894 3990 monte
2911 3937 3221 4006 testamenti,
3252 3938 3309 3994 in
3330 3940 3588 3998 lateribus
3609 3944 3844 4014 Aquila

2219 4040 2304 4078 ms
2335 4023 2490 4096 (Isai.
2515 4039 2634 4092 xw,
2669 4024 2757 4096 13)
2799 4041 2812 4093 ;
2845 4024 2948 4081 iste
2961 4024 3098 4084 dicit
3118 4045 3130 4084 :
3149 4029 3264 4100 Ego
3290 4046 3409 4084 sum
3427 4031 3647 4102 vermis,
3669 4041 3722 4088 et
3739 4051 3844 4089 non

2218 4114 2392 4183 homo,
2422 4115 2767 4187 opprobrium
2797 4116 3089 4186 hominum,
3118 4123 3166 4173 et
3191 4118 3412 4188 abjectio
3449 4121 3625 4192 plebis
3655 4126 3842 4195 (Psal.

2218 4223 2339 4274 χχι,
2359 4207 2435 4277 7).
2455 4207 2552 4262 ille
2567 4205 2704 4262 dicit
2723 4223 2734 4262 :
2755 4207 3048 4262 Asc-endam
3058 4223 3217 4279 super
3226 4210 3568 4266 altitudinem
3585 4216 3842 4284 nubium,

2213 4297 2406 4353 similis
2433 4315 2524 4352 ero
2553 4297 2828 4354 Attissimo
2855 4299 3020 4365 (Isai.
3071 4316 3192 4369 xxv,
3247 4300 3396 4372 lli);
3439 4303 3566 4373 iste,
3609 4324 3736 4363 cum
3787 4310 3843 4364 in

2215 4389 2396 4459 fama
2423 4388 2522 4444 Dei
2548 4395 2693 4457 esset,
2736 4406 2842 4442 non
2882 4390 3136 4460 rapinam
3178 4391 3480 4447 arbitra-tus
3523 4402 3602 4450 est
3648 4415 3765 4453 esse
3792 4416 3844 4454 se

2214 4483 2468 4551 aqualem
2487 4481 2618 4545 Deo,
2639 4481 2730 4536 sed
2748 4483 2983 4554 senietips
2991 4498 3076 4536 um
3095 4482 3412 4552 exinanivit,
3433 4485 3678 4554 formant
3699 4492 3844 4545 εειτί

2213 4571 2474 4642 accipiens
2495 4570 2722 4642 (Philip.
2745 4589 2809 4641 ιι,
2826 4572 2884 4644 6)
2922 4589 2936 4640 ;
2966 4579 3024 4628 et
3052 4589 3149 4644 per
3169 4573 3418 4630 membra
3444 4591 3549 4631 sua
3577 4577 3841 4651 loquitur

2214 4662 2406 4720 dicens
2438 4681 2450 4720 :
2482 4665 2726 4731 Domine,
2757 4666 2876 4736 quis
2904 4665 3096 4722 similis
3125 4667 3218 4723 tibi
3249 4667 3424 4740 (Psal.
3449 4685 3662 4740 xmv,
3697 4674 3792 4744 10)
3813 4674 3839 4727 ‘l

2216 4754 2314 4810 Ille
2346 4772 2441 4826 per
2467 4755 2716 4811 membra
2743 4771 2842 4811 sua
2870 4755 3138 4827 loquitur,
3159 4755 3353 4813 dicens
3389 4776 3402 4814 :
3433 4759 3626 4816 Nescio
3649 4762 3838 4818 Domi-

2215 4862 2364 4914 num,
2395 4851 2444 4900 et
2463 4847 2637 4902 Israel
2673 4847 2715 4882 ¹³
2745 4863 2852 4902 non
2878 4846 3144 4902 dimittant
3162 4848 3369 4919 (Exod.
3400 4865 3461 4919 v,
3491 4849 3578 4922 2).
3611 4852 3726 4909 Iste
3743 4869 3839 4925 per

2215 5053 2476 5122 Vindoc.,
2507 5055 2734 5124 Pratel.,
2767 5053 2934 5122 Utic.,
2959 5056 3204 5126 patris...
3226 5054 3452 5125 judicis.

2287 5129 2307 5160 ⁸
2335 5127 2569 5200 _V"indoc.
2603 5135 2656 5182 et
2683 5128 2793 5184 duo
2821 5128 3032 5200 Germ,
3053 5127 3184 5200 quid
3203 5130 3457 5200 superbit.

2283 5197 2396 5271 9(In
2428 5199 2504 5271 pl.
2536 5200 2688 5268 Mss.,
2720 5199 3032 5254 illusionum
3054 5197 3280 5270 probra:

2286 5270 2332 5304 ¹ο
2350 5270 2548 5339 Laud,
2581 5273 2804 5342 Pratel.,
2834 5273 3068 5340 Gemet.,
3095 5271 3205 5326 duo
3236 5273 3420 5330 Germ.
3454 5283 3510 5330 et
3531 5283 3650 5332 vet.
3676 5277 3828 5334 Edit.

2209 5342 2378 5467 bParis.
2403 5350 2457 5397 et
2472 5344 2694 5400 Barthol
2707 5389 2744 5414 .,
2769 5344 3086 5416 perditionis
3102 5350 3299 5401 nostra:
3317 5364 3370 5402 se
3384 5348 3626 5418 praebuit
3647 5367 3831 5422 super-

2241 5429 2316 5467 ta.

2241 5429 2316 5469 ta.

2282 5489 2324 5520 “
2357 5489 2436 5561 De
2465 5486 2570 5542 hoc
2601 5487 2861 5560 loquendi
2896 5488 3060 5543 modo
3101 5489 3367 5561 Gregorio
3396 5491 3670 5550 familiari
3703 5496 3831 5550 vide

2209 5573 2390 5644 supra,
2423 5559 2462 5613 l.
2496 5574 2595 5628 xv,
2628 5559 2687 5616 ni
2718 5563 2785 5616 20
2819 5578 2832 5627 ;
2868 5561 2905 5616 l.
2943 5577 3059 5628 xvr,
3092 5574 3150 5616 ιι.
3183 5559 3253 5619 36
3285 5581 3299 5630 ;
3352 5563 3454 5618 lib.
3488 5579 3634 5635 xxx,
3667 5585 3728 5623 n.
3760 5568 3830 5623 68

2207 5639 2260 5686 α
2283 5632 2596 5759 ggh'indoc.
2639 5711 2692 5758 et
2720 5703 2943 5772 Pratel.,
2973 5721 3082 5761 ecce
3109 5707 3258 5764 venio
3287 5713 3336 5762 et
3361 5709 3566 5769 habito.

2284 5775 2328 5810 η
2357 5775 2582 5849 Pratel.,
2610 5792 2717 5832 non
2745 5777 2969 5834 dimitto.
