3936 6382
39 368 130 425 749

771 367 1148 425 MORALIUM
1188 370 1320 425 LIB.
1362 368 1597 425 XXXV.
1639 398 1710 411 -
1750 369 1818 424 IN
1866 368 2095 426 CAPUT
2134 370 2259 427 XLI
2302 372 2362 426 Β.
2404 372 2545 427 JOB.

3241 372 3349 431 750

38 480 381 565 semetipsum
412 492 549 549 dicit
574 510 584 548 :
620 494 680 550 Si
718 494 907 549 dixero
944 496 1071 564 quia
1102 513 1207 549 non
1237 497 1357 551 novi
1382 514 1517 563 eum,
1544 515 1634 552 ero
1667 496 1711 561 A
1747 497 1952 553 dicitur
1977 515 1988 553 ξ
2028 499 2377 554 Transierunt
2396 498 2452 551 in
2472 499 2863 568 dispositionem
2882 503 3075 571 cordis,
3100 504 3350 573 cogitave-

40 583 217 639 similis
246 583 394 638 vobis
421 583 655 638 mendax
674 601 694 649 ;
724 584 811 639 sed
840 584 963 638 novi
993 602 1130 650 eum,
1151 592 1198 639 et
1225 603 1511 641 sermonem
1533 586 1643 655 ejus

41 691 178 730 servo
207 672 397 743 (Joan.
450 690 571 741 VIII,
604 673 723 744 55).
765 674 863 729 Ille
893 674 1058 729 dicit:
1093 676 1209 733 Mea
1249 681 1372 729 sunt
1398 676 1644 746 ﬂumina,

42 773 82 822 et
108 782 191 837 ego
213 763 313 834 feci
340 781 399 819 ea
422 762 638 835 (Ezech.
660 781 820 833 XXIX,
850 764 906 836 9)
936 784 949 831 ;
974 763 1074 820 iste
1093 764 1231 822 dicit
1254 783 1264 820 :
1297 766 1415 821 Non
1432 783 1647 837 possunt

44 875 71 911 α
102 854 291 925 meipso
321 851 499 924 facere
524 853 815 924 quidquam
844 853 1034 925 (Joan.
1067 872 1126 923 v,
1158 854 1275 926 30),
1303 863 1357 910 et
1388 872 1606 911 rursum
1632 874 1643 911 :

45 948 196 1003 Pater
226 961 377 999 meus
398 944 457 999 in
485 962 566 999 me
592 963 832 1010 manens,
856 945 964 1017 ipse
982 944 1112 1015 facit
1139 963 1299 1018 opera
1323 946 1504 1015 (Joan.
1528 964 1648 1015 XIV,

50 1037 150 1108 10).
178 1034 276 1091 Ille
314 1050 485 1105 regna
509 1035 697 1088 omnia
721 1034 1036 1102 ostendens,
1067 1034 1206 1091 dicit
1234 1054 1243 1091 :
1280 1037 1393 1093 Tibi
1414 1038 1545 1092 dabo
1556 1056 1649 1108 po-

51 1132 264 1181 testatem
294 1126 434 1180 hanc
462 1125 760 1179 universam
788 1131 835 1179 et
862 1124 1085 1195 gloriam
1108 1125 1348 1195 illorum,
1375 1128 1501 1197 quia
1526 1127 1654 1182 mihi

53 1214 241 1270 tradita
273 1220 417 1283 sunt,
450 1220 497 1269 et
525 1215 612 1269 cui
636 1217 750 1270 volo
776 1215 842 1270 do
861 1215 957 1270 illa
982 1215 1132 1285 (Luc.
1166 1233 1241 1283 Iv,
1266 1216 1345 1287 6);
1374 1217 1471 1272 iste
1493 1217 1649 1272 dicit:

53 1305 266 1362 Calicem
298 1303 511 1376 quidem
537 1322 708 1358 meum
739 1305 937 1373 bibetis,
969 1305 1142 1359 sedere
1169 1312 1343 1360 autem
1371 1307 1441 1361 ad
1469 1307 1658 1361 dexte-

50 1418 178 1467 ram,
208 1399 288 1453 vel
317 1397 392 1453 ad
421 1398 698 1452 sinistram
726 1415 913 1466 meam,
948 1415 1048 1452 non
1067 1406 1139 1453 est
1157 1417 1323 1453 meum
1347 1400 1477 1454 dare
1494 1400 1656 1464 vobis,

54 1490 132 1545 sed
159 1488 349 1559 quibus
372 1494 633 1559 paratum
672 1492 749 1540 est
774 1506 806 1541 a
833 1488 997 1542 Patre
1024 1505 1133 1541 «ιηρο
1168 1488 1378 1556 (Matth.
1409 1506 1508 1555 xx,
1539 1489 1654 1557 23).

55 1579 140 1635 Ille
171 1577 345 1633 dicit:
380 1577 559 1632 Eritis
594 1576 727 1629 sicut
766 1576 864 1640 dii,
904 1576 1117 1631 scientes
1160 1578 1347 1630 bonum
1385 1584 1431 1631 et
1460 1580 1661 1631 malum

54 1670 254 1740 (Cenes.
282 1685 369 1735 III,
403 1668 463 1739 ὅ)
496 1686 509 1734 ;
548 1667 648 1721 iste
673 1666 809 1722 dicit
834 1684 845 1721 :
881 1669 997 1723 Non
1023 1674 1097 1722 est
1126 1675 1353 1722 vestrum
1378 1687 1525 1723 nosse
1542 1676 1663 1722 tem-

54 1778 176 1830 pora
214 1759 293 1812 vel
334 1764 597 1811 momenta
642 1774 758 1827 quae
788 1758 953 1812 Pater
978 1759 1158 1828 posuit
1196 1758 1251 1812 in
1293 1776 1391 1813 sua
1414 1765 1665 1830 potestate

1752 594 1880 641 runt
1900 593 1947 640 et
1964 587 2121 641 locuti
2141 587 2563 657 suntnequitias,
2590 588 2917 657 iniquitatem
2949 593 3002 644 in
3031 594 3228 645 excelso
3266 594 3353 648 lo—

1755 677 1863 729 cuti
1889 684 2011 729 sunt
2046 678 2226 746 (Psal.
2262 692 2438 743 Lxxn,
2485 676 2537 743 7,
2567 676 2662 745 8);
2695 676 2797 731 iste
2825 678 2892 732 ad
2923 686 3098 750 sputa,
3132 681 3197 733 ad
3230 681 3355 750 pal-

1757 782 1891 833 mas,
1925 766 1990 821 ad
2022 766 2301 836 colaphos,
2335 765 2403 821 ad
2433 766 2677 839 spineam
2709 784 2990 836 coronam,
3016 770 3084 824 ad
3115 785 3355 837 crucem,

1757 855 1826 910 ad
1864 857 2125 922 lanceam,
2158 864 2319 927 atque
2348 855 2417 910 ad
2447 864 2677 911 mortem
2709 857 2955 925 veniens,
2990 858 3234 913 membra
3262 876 3362 915 sua

1760 949 2037 1015 admonet,
2070 948 2259 1003 dicens
2282 966 2294 1003 :
2316 949 2508 1018 Siquis
2528 948 2658 1003 milii
2684 950 2975 1015 ministrat,
3007 968 3083 1004 me
3112 958 3363 1022 sequatur

1763 1041 1944 1111 (Joan.
1978 1056 2081 1104 xu,
2113 1039 2227 1109 26).

1836 1128 1975 1202 [Vet.
1998 1127 2239 1202 XXIII
2261 1127 2350 1184 56.
2374 1127 2845 1184 Euidentissimum
2866 1130 3255 1201 reprobationis
3282 1131 3367 1186 si-

1763 1236 1943 1290 gnum,
1974 1218 2261 1288 superbia;
2290 1220 2570 1285 electionis,
2601 1220 2892 1275 humilitas.
2924 1250 2995 1262 —
3027 1220 3165 1287 Quia
3200 1221 3369 1292 igitur

1765 1308 2099 1379 Redemptor
2141 1315 2326 1363 noster
2353 1308 2521 1364 corda
2559 1309 2697 1377 regit
2726 1307 3046 1377 humilium,
3078 1319 3131 1365 et
3166 1311 3370 1366 Levia-

1766 1396 1902 1452 than
1934 1397 2034 1452 iste
2066 1412 2160 1451 rex
2204 1396 2410 1452 dicitur
2448 1397 2831 1468 superborum,
2864 1407 3047 1469 aperte
3077 1398 3372 1469 cognosci-

1769 1504 1893 1542 mus
1936 1486 2082 1558 quod
2122 1485 2597 1542 evidentissimum
2638 1488 2995 1557 reproborum
3028 1489 3244 1558 signum
3285 1504 3371 1542 su-

1770 1578 1958 1650 perbia
1984 1584 2087 1643 est,
2118 1583 2173 1631 at
2199 1585 2389 1631 contra
2418 1576 2704 1633 humilitas
2735 1579 3055 1635 electorum.
3085 1580 3222 1635 Cum
3246 1594 3374 1649 ergo

1772 1684 1933 1739 quam
1966 1665 2195 1737 quisque
2226 1666 2423 1721 habeat
2450 1668 2819 1738 cognoscitur,
2853 1669 2955 1723 sub
2984 1684 3094 1740 quo
3113 1684 3235 1737 rege
3259 1666 3376 1721 mi—

1774 1757 1894 1810 litet
1941 1756 2241 1810 imenitur.
2292 1757 2675 1828 Unusquisque
2717 1759 2865 1812 enim
2895 1758 3050 1829 quasi
3086 1756 3377 1827 quemdam

57 1849 189 1915 (Act.
224 1864 262 1916 ι,
288 1847 367 1918 7).
405 1846 505 1901 Ille
537 1853 598 1900 ut
619 1848 884 1902 voluntas
912 1846 1105 1902 ditiua
1125 1846 1354 1919 despici,
1385 1855 1439 1902 et
1459 1857 1519 1902 ut
1545 1864 1662 1919 pos-
1691 1860 1738 1921 Β
1774 1845 2001 1900 titulum
2034 1852 2215 1916 portat
2245 1845 2445 1915 operis,
2479 1863 2589 1918 quo
2623 1846 2782 1900 facile
2810 1846 3061 1900 ostendat
3091 1846 3193 1900 sub
3223 1843 3383 1914 cujus

61 1935 121 1992 sit
148 1936 369 2009 propria
399 1934 642 2003 suaderi,
677 1935 815 1992 dicit
843 1954 854 1991 :
888 1936 1002 1992 Cur
1025 1938 1275 2007 pracepit
1293 1938 1431 1991 robis
1451 1939 1591 1993 Deus
1612 1944 1666 1992 ut

61 2025 500 2080 noneomederetis
524 2043 588 2080 ea:
609 2026 755 2079 omni
778 2025 922 2096 tigno
939 2026 1187 2096 paradisi
1220 2026 1427 2096 (Genes.
1453 2044 1537 2095 III,
1570 2027 1623 2099 1)
1640 2026 1668 2082 ‘t

63 2114 125 2168 Et
156 2116 314 2186 paulo
346 2121 507 2187 post:
545 2114 658 2169 Scit
686 2114 823 2168 enim
850 2115 1015 2180 Deus,
1053 2120 1242 2176 1142
1270 2117 1412 2187 quod
1438 2117 1494 2171 in
1524 2132 1669 2186 qua-

64 2230 247 2284 cunque
277 2213 361 2267 die
401 2213 731 2267 comederitis
774 2230 840 2267 ea:
886 2231 966 2278 eo,
1005 2214 1314 2285 aperientur
1342 2214 1482 2269 oculi
1515 2214 1673 2268 vestri

69 2302 240 2373 (Ibid,
265 2303 346 2374 5);
376 2302 480 2357 iste
498 2302 665 2357 dicit:
692 2303 811 2357 Non
830 2320 1011 2373 qua'ro
1034 2305 1353 2359 voluntatem
1372 2322 1560 2371 meam,
1584 2304 1673 2358 sed

72 2394 378 2447 voluntatem
395 2392 511 2461 ejus
532 2393 625 2462 qui
648 2391 791 2446 misit
812 2394 1377 2463 me(Joan.v,30).Ille
1395 2410 1488 2465 per
1505 2410 1670 2448 mem-

76 2482 162 2537 bra
178 2500 271 2538 sua
294 2483 565 2555 loquitur,
583 2483 803 2539 dicens:
830 2485 1289 2555 Nullumpratum
1309 2486 1377 2539 sit
1405 2486 1544 2556 quod
1570 2504 1676 2539 non

68 2581 389 2643 pertranseat
416 2574 640 2629 luxuria
669 2580 855 2628 nostra
878 2592 899 2638 ;
926 2591 1229 2628 coronemus
1247 2593 1339 2628 nos
1369 2576 1507 2629 rosis
1535 2582 1675 2629 ante-

74 2682 217 2732 quam
238 2682 502 2719 marcesca
512 2671 583 2730 nt,
609 2664 794 2733 ubique
814 2664 1174 2733 relinquamus
1194 2665 1341 2735 signa
1361 2665 1553 2719 ltPli‘itB
1574 2684 1679 2718 no-

75 2759 186 2807 strte
204 2756 365 2824 (Sap.
392 2754 541 2823 11,8);
563 2753 666 2807 iste
680 2752 944 2807 membris
964 2753 1078 2808 suis
1100 2754 1674 2826 pramuntiat,dicens:

75 2844 353 2897 Plorabitis
376 2850 425 2896 et
442 2842 629 2912 ﬂebitis
654 2860 763 2909 ros,
786 2844 1022 2896 mundus
1042 2850 1213 2897 autem
1229 2844 1503 2914 gaudebitt
1520 2845 1676 2899 Joan.

78 2948 180 3002 XVI,
210 2934 330 3004 20).
368 2932 469 2987 Ille
501 2930 642 2986 nihil
687 2931 837 2987 aliud
869 2941 1077 2987 mentes
1109 2932 1214 2987 sibi
1245 2932 1494 2988 subditas
1523 2933 1684 2988 docet

78 3040 223 3094 quam
260 3021 615 3079 celsitudinis
646 3022 866 3077 culmen
919 3031 1195 3095 appetere,
1226 3033 1424 3078 cuncta
1453 3023 1685 3095 asqualia

85 3115 271 3169 mentis
293 3121 507 3169 tumore
530 3113 935 3181 transcendere,
960 3114 1272 3169 societatem
1304 3115 1554 3169 omnium
1588 3114 1684 3169 bo-

1776 1935 1979 1991 serviat
2010 1942 2275 2007 potestate
2317 1935 2561 1990 rectoris.
2597 1936 2751 1991 Unde
2793 1944 2847 1991 et
2894 1952 2988 2006 per
3018 1933 3383 2005 Evangelium

1778 2024 2019 2080 dicitur:
2053 2026 2145 2079 Er
2186 2024 2448 2093 fructibus
2486 2042 2666 2079 eorum
2716 2025 3024 2095 cognoscetis
3052 2042 3135 2080 eos
3168 2024 3381 2095 (Matth.

1778 2133 1876 2183 vn,
1913 2115 2023 2183 16).
2061 2115 2138 2169 Ne
2170 2114 2340 2184 igitur
2368 2132 2468 2169 nos
2497 2116 2801 2171 Leviathan
2834 2116 2994 2171 istius
3024 2114 3268 2170 membra
3298 2114 3385 2169 vel

1782 2207 1920 2262 mira
1968 2206 2218 2262 faciendo
2266 2206 2540 2275 fallerent,
2572 2216 2821 2279 apertum
2871 2208 3087 2279 signum
3120 2208 3390 2263 Dominus

1783 2314 1891 2370 quo
1921 2296 2256 2367 deprehendi
2287 2299 2506 2352 valeant
2544 2298 2963 2365 demonstrauit,
3009 2298 3199 2354 dicens
3227 2315 3237 2351 :
3274 2297 3391 2366 Ipse

1783 2394 1855 2441 est
1878 2404 1973 2439 rea:
1993 2404 2150 2455 super
2172 2386 2442 2440 universos
2463 2388 2605 2457 ﬁlios
2621 2389 2895 2457 superbire.
2921 2388 3027 2453 Qui
3047 2387 3146 2441 etsi
3172 2383 3391 2455 quando

1784 2475 1969 2529 ﬁctam
2002 2475 2236 2544 speciem
2270 2474 2604 2530 humilitatis
2630 2484 2937 2541 assumunt,
2971 2473 3290 2542 semetipsos
3317 2479 3395 2526 ta-

1788 2580 1911 2618 men
1944 2564 2117 2618 celare
2140 2563 2194 2617 in
2218 2564 2476 2619 omnibus
2498 2581 2841 2637 nequaquam
2867 2569 3113 2634 possunt,
3142 2562 3272 2631 quia
3306 2576 3391 2614 eo-

1788 2671 1909 2710 rum
1941 2654 2195 2726 superbia
2227 2653 2323 2708 diu
2356 2655 2519 2710 latere
2551 2672 2659 2710 non
2693 2655 2990 2720 sustinens,
3031 2669 3154 2707 cum
3187 2667 3255 2705 ex
3285 2651 3395 2705 alia

1790 2746 2013 2817 tegitur,
2045 2763 2113 2801 ex
2144 2746 2250 2802 alia
2270 2747 2484 2802 actione
2517 2746 2850 2802 denudatur.
2876 2747 2979 2814 Qui
3003 2762 3133 2799 vero
3156 2743 3256 2799 sub
3273 2758 3397 2812 rege

1790 2838 2127 2894 humilitatis
2156 2840 2418 2906 militant,
2454 2856 2668 2910 semper
2696 2838 2905 2910 pavidi,
2949 2847 3109 2909 atque
3139 2853 3208 2891 ex
3243 2836 3396 2891 omni

1792 2928 1959 2982 latere
2008 2928 2412 2998 circumspecti,
2462 2928 2751 2983 emersum
2791 2927 2975 2998 jacula
3004 2926 3259 2981 elationis
3289 2941 3401 2994 pu-

1793 3023 1983 3088 gnant,
2013 3024 2068 3071 et
2114 3017 2267 3087 quasi
2308 3026 2501 3072 contra
2532 3016 2813 3071 venientes
2845 3016 2987 3069 ictus
3016 3014 3193 3069 solum
3226 3011 3400 3081 magis

1793 3106 1851 3161 in
1889 3123 1989 3160 suo
2019 3123 2244 3176 corpore
2274 3107 2495 3161 oculum
2527 3106 2869 3171 Cllb‘ltltllllllt,
2901 3104 3034 3160 dum
3059 3103 3118 3158 in
3146 3100 3399 3171 semetip—

84 3201 287 3258 minum
310 3203 421 3258 alta
444 3202 682 3257 elatione
702 3202 955 3270 transire,
981 3220 1044 3259 ac
1065 3221 1178 3258 sese
1199 3212 1252 3259 et
1273 3212 1462 3259 contra
1484 3213 1687 3275 poten-
1715 3226 1759 3288 ο
1796 3194 1871 3251 Sis
1902 3196 2279 3267 principaliter
2308 3196 2680 3251 humilitatem
2710 3202 2955 3250 tuentur.

78 3290 198 3347 tiam
210 3292 906 3364 couditoriserigere,sicut
919 3292 985 3348 de
1001 3294 1080 3349 eis
1095 3293 1217 3349 dem
1227 3310 1320 3365 per
1336 3294 1679 3349 l’salmistam

875 3574 1210 3660 LIBER
1289 3575 1975 3665 TRIGESIMUS
2065 3581 2587 3680 QUINTUS.

1513 3707 1608 3762 ET
1650 3707 1974 3767 ULTIMUS.

112 3851 156 3894 η
179 3853 297 3916 quo
323 3852 441 3915 per
468 3832 1072 3920 anacephalceosim
1097 3831 1321 3895 multa
1347 3833 1497 3920 iam
1524 3835 1706 3920 dicta
1734 3848 2151 3920 revocantur,
2185 3850 2242 3903 et
2262 3846 2670 3905 immensum
2698 3842 2814 3904 hoc
2837 3858 2998 3920 opus
3021 3839 3401 3901 demississi-

886 3933 997 3977 ma
1027 3913 1337 3976 humanae
1366 3914 1781 3993 inﬁrmitatis
1808 3913 2204 3997 con/essione
2247 3922 2607 3985 absoluitur

90 3794 111 3853 Ι

154 4048 284 4123 [νει.
313 4060 363 4109 et
390 4056 517 4111 Rec.
550 4052 627 4126 1.]
664 4055 856 4113 1143
890 4050 939 4105 1.
978 4050 1122 4117 Quid
1152 4052 1250 4106 hoc
1281 4050 1417 4105 libro
1447 4050 1515 4103 sit
1539 4066 1696 4121 prte-

97 4150 344 4205 standum.
376 4179 448 4192 —-
480 4149 625 4216 Quia
657 4150 759 4205 iste
780 4149 1011 4204 ultimus
1028 4146 1197 4218 hujus
1227 4147 1411 4218 operis
1434 4145 1571 4201 liber
1591 4153 1692 4215 est,

97 4242 161 4302 et,
203 4238 332 4295 locis
380 4239 799 4297 difﬁcilioribus
827 4238 1193 4310 pertractatis,
1239 4238 1423 4292 minus
1466 4235 1698 4292 obscura

97 4336 211 4381 sunt
237 4346 352 4401 qua:
383 4336 703 4403 supersunt,
737 4330 873 4385 libet
904 4329 1057 4385 hunc
1087 4327 1470 4399 indulgentius
1492 4326 1698 4381 remis—

100 4416 307 4490 siusque
320 4430 716 4478 transcurrere.
735 4421 903 4477 Velut
917 4437 1137 4475 emenso
1155 4419 1299 4475 enim
1321 4435 1517 4490 magno
1536 4416 1695 4485 mari,

97 4500 199 4572 jam
228 4509 376 4567 littus
404 4512 709 4578 cernimus,
749 4517 806 4565 et
843 4510 1173 4565 intentionis
1212 4516 1411 4565 nostrae
1448 4509 1570 4564 vela
1608 4508 1695 4563 de-

102 4613 366 4674 ponentes,
396 4622 512 4662 non
538 4604 731 4661 eodem
762 4620 871 4675 quo
898 4604 1054 4674 prius
1072 4603 1280 4674 impetu
1303 4600 1581 4669 ducimur,
1604 4596 1699 4656 sed

104 4699 267 4751 tamen
314 4700 498 4757 adhuc
552 4715 619 4753 ex
667 4696 1010 4768 impulsione
1058 4695 1278 4767 pristini
1327 4694 1487 4749 flatus
1532 4695 1693 4747 imus.

109 4784 120 4814 ¹
152 4785 305 4851 Quasi
332 4790 631 4848 anxietatis
674 4795 877 4845 nostra
910 4793 1109 4842 ventus
1139 4785 1359 4853 cecidit,
1393 4786 1485 4840 sed
1515 4792 1698 4839 tamen

107 4871 212 4943 ejus
238 4878 320 4934 vis
342 4879 453 4951 jam
484 4881 667 4953 seipsa
696 4876 1054 4950 tranquillior
1085 4891 1259 4947 usque
1300 4875 1367 4929 ad
1405 4875 1697 4929 stationem

112 4978 199 5017 nos
240 4966 436 5025 littoris
476 4969 737 5041 impellit.
773 4968 946 5039 Igitur
988 4973 1276 5039 postquam
1305 4964 1457 5019 ﬁdeli
1491 4963 1701 5018 famulo

109 5049 363 5111 Dominus
392 5059 699 5114 Leviathan
734 5057 912 5113 hostis
942 5056 1058 5129 ejus
1088 5070 1251 5128 quam
1283 5052 1351 5107 sit
1383 5060 1436 5108 et
1466 5052 1623 5108 fortis
1653 5060 1707 5107 et

115 5141 330 5201 callidus
358 5149 619 5217 ostendit,
648 5148 780 5204 dum
810 5148 958 5203 vires
982 5147 1133 5203 illius
1158 5141 1436 5201 subtiliter
1464 5140 1703 5198 fraudes-

115 5240 207 5294 que
238 5236 506 5306 patefecit,
556 5238 747 5294 beatus
776 5237 878 5293 Job
908 5236 978 5293 ad
1014 5242 1247 5307 utraque
1278 5231 1580 5306 respondit,
1611 5231 1707 5286 di-

122 5330 237 5375 cens
258 5339 270 5378 ἒ

480 5427 710 5485 CAPUT
738 5426 1011 5484 PRIMUM
1044 5426 1187 5500 [Rec.
1222 5426 1329 5500 11].

188 5517 310 5579 Car.
358 5544 490 5597 XLII,
522 5530 693 5587 Vens.
738 5531 792 5587 2.
834 5561 904 5572 -
945 5529 1062 5586 Scio
1105 5530 1233 5600 quia
1262 5526 1441 5583 omnia
1463 5530 1632 5597 potes,
1665 5528 1712 5576 et

124 5610 262 5666 nulla
289 5620 331 5669 te
362 5618 483 5673 latet
515 5619 779 5691 cogitatio.

126 5785 514 5910 ϐηέηιγὶηιιοθη
560 5796 784 5864 Pratel.,
831 5795 970 5852 Utic.
1022 5800 1076 5850 et
1128 5793 1239 5850 duo
1294 5795 1506 5858 Germ.,
1561 5792 1717 5863 quasi

1730 4933 1780 4992 D

1875 4056 1927 4113 2.
1959 4056 2174 4113 Diaboli
2201 4057 2405 4112 viribus
2436 4059 2534 4114 Dei
2562 4056 2959 4129 omnipotentia,
2998 4052 3413 4109 machinationi—

1806 4150 1899 4205 bus
1933 4151 2139 4223 inﬁnita
2172 4151 2443 4221 Sapientia
2477 4150 2783 4221 opponitur.
2815 4179 2885 4188 —
2915 4146 3118 4201 Contra
3148 4145 3414 4198 immanes

1806 4242 2008 4316 quippe
2038 4243 2182 4297 vires
2200 4240 2316 4314 ejus
2348 4241 2539 4296 intulit
2565 4260 2574 4295 :
2613 4239 2873 4308 διτὶοιμιὶηΔ
2906 4236 3080 4291 omnia
3104 4242 3265 4306 potes;
3287 4250 3416 4287 con-

1804 4340 1889 4387 tra
1924 4334 2167 4388 occultas
2196 4349 2325 4387 \ero
2350 4330 2782 4386 machinationes
2818 4329 2968 4383 illius
2991 4324 3312 4396 snlijunxit:
3344 4324 3420 4376 Et

1805 4425 1959 4478 nulla
1992 4429 2034 4475 te
2057 4423 2179 4477 latet
2210 4422 2470 4492 cogitatio.
2505 4420 2658 4478 Unde
2680 4428 2732 4475 et
2753 4435 2883 4473 mox
2914 4416 3014 4472 Lex
3034 4415 3219 4471 iathan
3241 4412 3418 4468 eidem

1806 4511 2124 4586 exprobrat,
2155 4511 2344 4568 dicens
2376 4531 2388 4568 :

1879 4665 2050 4723 Vens.
2079 4666 2130 4721 3.
2163 4695 2235 4707 —
2267 4666 2397 4732 Quis
2426 4670 2499 4719 est
2519 4669 2613 4719 iste
2643 4661 2736 4733 qui
2765 4662 2897 4716 celat
2925 4657 3201 4713 consili-um
3230 4656 3423 4727 absque

1807 4759 2022 4814 scientia
2045 4760 2073 4813 9

1887 4886 2109 4958 Absque
2141 4883 2373 4941 scientia
2402 4885 2547 4940 enim
2584 4880 2889 4939 Leviathan
2922 4880 3062 4936 celat
3090 4874 3419 4939 consilium;

1816 4976 1944 5048 quia
1992 4976 2249 5048 quamvis
2293 4982 2486 5029 contra
2534 4972 2912 5028 inﬁrmitatem
2961 4975 3201 5022 nostram
3233 4963 3423 5018 multis

1816 5064 2103 5120 fraudibus
2132 5064 2463 5131 occultetur,
2486 5061 2810 5133 protectoris
2826 5067 3007 5113 tamen
3040 5053 3211 5110 nostri
3235 5058 3423 5107 sancta

1817 5156 1976 5210 nobis
2008 5154 2369 5227 inspiratione
2400 5153 2693 5224 detegitur.
2731 5151 2751 5183 ²
2775 5148 2997 5219 Absque
3028 5143 3257 5200 scientia
3286 5141 3427 5197 celat

1816 5244 2133 5312 consilium,
2186 5243 2314 5316 quia
2361 5243 2491 5298 licet
2540 5247 2776 5296 tentatus
2807 5237 2993 5299 lateat,
3044 5235 3209 5287 latere
3240 5238 3427 5286 tamen

1818 5342 2181 5409 protectorem
2228 5347 2338 5386 non
2388 5337 2566 5402 potest
2612 5333 2970 5382 tentatorum.
3023 5323 3195 5393 Igitur
3241 5319 3430 5377 audita

1820 5423 2144 5479 fortitudine
2173 5429 2226 5476 et
2255 5418 2554 5475 calliditate
2581 5416 2810 5481 diaboli,
2836 5413 3020 5468 audita
3036 5411 3199 5466 etiam
3223 5417 3429 5466 creato-

1819 5518 1896 5571 ris
1928 5514 2099 5569 nostri
2133 5511 2395 5584 potentia,
2428 5527 2547 5581 qua:
2590 5515 2643 5561 et
2674 5508 2829 5561 illum
2880 5505 3127 5558 Valenter
3157 5499 3430 5571 reprimit,

1820 5614 1875 5661 et
1913 5622 2013 5660 nos
2060 5596 2686 5669 misericorditer-tegit,
2734 5610 3069 5667 quassumus,
3112 5592 3269 5648 beate
3306 5589 3429 5655 Job,

1897 5790 1918 5823 ί
1949 5788 2094 5843 Ideni
2129 5783 2289 5852 Cod,
2324 5780 2584 5848 Vindoc.,
2615 5780 2807 5850 absque
2838 5776 3119 5849 sapientia.
