3936 6392
539 381 636 437 751
1564 359 1574 369 '
1754 371 2005 429 SANCTI
2044 370 2380 429 GREGORII
2419 371 2644 428 MAGNI
3780 372 3890 434 752

535 515 597 563 ut
625 521 745 578 qua
781 503 848 558 de
893 504 1182 576 temetipso
1210 503 1378 559 sentis
1415 502 1575 560 nobis
1606 503 1834 558 minime
1863 503 2125 561 occultes.
2158 509 2209 568 Α
2239 504 2345 558 viri
2377 503 2506 560 dum
2539 503 2847 559 divinitatis
2866 503 3200 560 3sententias
3226 504 3483 572 audiunt,
3515 514 3748 577 quanto
3773 523 3887 560 ma-

535 594 825 667 Sequitur:
2245 593 2326 665 gis
2355 592 2778 666 contemplando
2826 600 3016 653 1145
3061 592 3380 664 proﬁciunt,
3413 600 3575 648 tanto
3627 595 3888 665 amplius

2245 697 2598 770 despiciendo
2623 697 2768 770 quod
2803 706 2952 764 sunt,
2985 703 3078 750 aut
3108 695 3272 763 nihil,
3305 704 3400 750 aut
3430 710 3606 767 prope
3636 695 3798 750 nihil
3832 713 3888 751 se

2245 804 2360 842 esse
2381 795 2738 859 cognoscunt.
2762 786 3104 857 Respondeat
3123 801 3249 856 ergo
3271 785 3482 840 divinis
3509 786 3888 842 sermonibus

2247 877 2437 932 beatus
2483 877 2606 945 Job,
2637 885 2692 933 et
2721 878 2996 947 sapienter
3031 874 3346 946 proficiens,
3388 875 3632 930 stultum
3667 890 3731 930 se
3766 890 3886 929 esse

2247 964 2641 1036 deprehendat,
2671 965 2878 1020 dicens:
2903 965 3220 1034 Insipienter
3256 965 3458 1017 locutus
3490 980 3640 1030 sum,
3679 971 3735 1018 et
3767 981 3888 1034 qua

1167 696 1394 754 CAPUT
1432 698 1501 752 ΙΙ.

606 796 743 852 lem.
779 823 849 836 --
879 794 1002 850 Ideo
1031 794 1340 864 insipienter
1372 795 1572 847 locutus
1601 809 1738 859 sum,
1773 799 1821 847 et
1847 809 1964 863 qua:
1992 793 2138 846 ult-ra

535 885 746 939 modum
775 883 1076 937 excederent
1101 881 1368 935 scientiam
1400 898 1584 935 meam.

605 973 657 1027 3.
691 970 958 1040 Quidquid
977 970 1029 1022 in
1065 969 1214 1022 rebus
1235 969 1446 1035 creatis,
1468 969 1576 1024 Deo
1597 976 1963 1037 comparatur,
1985 971 2141 1023 inane

534 1067 593 1136 ﬁt
609 1070 656 1118 et
670 1062 1098 1118 nihil.—0mnis
1114 1061 1354 1116 humana
1375 1061 1640 1132 sapientia
1661 1061 2001 1132 quantolibet
2017 1079 2139 1118 acu-

539 1153 688 1208 mine
703 1151 923 1224 polleat,
949 1150 1154 1206 divina
1177 1150 1462 1222 sapientia
1488 1153 1501 1184 ³
1528 1157 1859 1220 comparata,
1880 1150 2138 1222 insipien-

535 1243 612 1298 tia
638 1249 737 1297 est.
763 1241 962 1296 Omnia
987 1240 1135 1295 enim
1157 1239 1419 1308 humana,
1443 1257 1564 1312 qua
1579 1238 1749 1311 justa,
1769 1256 1889 1311 qua
1913 1241 2141 1311 pulchra

535 1339 684 1398 sunt,
700 1331 798 1386 Dei
813 1329 1046 1402 justitia
1060 1335 1114 1383 et
1130 1327 1532 1400 pulchritudini
1549 1327 2140 1398 comparata,necjusta

535 1435 636 1474 nec
665 1417 894 1490 pulchra
915 1423 1064 1485 sunt,
1086 1432 1186 1472 nec
1199 1417 1428 1471 omnino
1449 1422 1596 1471 sunt.
1624 1417 1819 1470 beatus
1841 1415 2024 1486 itaque
2040 1415 2142 1470 Job

534 1524 594 1562 ea
615 1524 736 1580 qua
757 1505 973 1562 dixerat
1003 1506 1280 1577 sapienter
1307 1521 1363 1560 se
1389 1505 1600 1561 dixisse
1622 1505 1888 1570 crederet,
1913 1504 1958 1557 si
1978 1503 2142 1558 verba

534 1595 834 1670 superioris
879 1596 1160 1668 sapientia
1202 1612 1314 1652 non
1361 1595 1596 1650 audiret.
1645 1600 1836 1655 1144
1877 1595 1939 1649 In
1985 1592 2142 1664 cujus

534 1693 941 1764 comparatione
972 1693 1203 1748 stultum
1225 1699 1306 1746 est
1332 1699 1586 1746 nostrum
1617 1709 1778 1746 omne
1799 1690 1945 1764 quod
1979 1690 2138 1760 sapit.

534 1783 608 1836 Et
633 1783 730 1854 qui
761 1783 1034 1853 sapienter
1065 1781 1288 1852 quidem
1333 1781 1550 1836 locutus
1592 1781 1912 1838 hominibus
1942 1780 2138 1847 fuerat,

537 1869 759 1924 divinas
805 1877 988 1924 tamen
1019 1869 1317 1924 sententias
1348 1869 1597 1936 audiens,
1627 1870 1927 1941 sapientius
1956 1885 2012 1924 se
2039 1885 2144 1924 co-
2177 1893 2224 1953 Β

538 1958 753 2030 gnoscit
783 1974 892 2013 non
924 1974 1041 2013 esse
1071 1958 1396 2029 sapientem.
1422 1958 1563 2014 llinc
1592 1967 1672 2014 est
1693 1959 1839 2031 quod
1867 1957 2144 2013 Abraham

537 2048 682 2103 inter
705 2047 872 2102 verba
901 2047 1182 2103 dominica
1213 2048 1292 2103 nil
1338 2065 1392 2102 se
1422 2049 1527 2103 nisi
1560 2050 1838 2120 pulverem
1873 2047 2035 2114 vidit,
2065 2046 2145 2101 di-

536 2152 699 2192 cens:
735 2137 954 2206 Loquar
981 2137 1052 2192 ad
1079 2137 1365 2192 Dominum
1394 2155 1586 2202 meum,
1613 2154 1729 2191 cum
1765 2137 1860 2190 sim
1887 2135 2066 2206 pulvis
2100 2140 2147 2188 et

535 2228 669 2281 cinis
702 2227 913 2298 (Genes.
947 2243 1109 2296 xvni,
1142 2227 1258 2299 27).
1291 2227 1432 2283 Hinc
1461 2235 1541 2282 est
1571 2226 1717 2300 quod
1747 2227 1962 2296 Moyses
1991 2223 2145 2280 omni

538 2317 929 2388 Aigyptiorum
960 2316 1227 2386 sapientia
1249 2316 1570 2384 instructus,
1594 2331 1660 2370 ex
1691 2332 1799 2388 quo
1830 2316 2144 2385 loquentem

536 2406 835 2460 Dominum
857 2404 1093 2471 audivit,
1118 2404 1192 2459 im
1201 2404 1489 2476 peditioris
1505 2410 1559 2459 et
1578 2404 1837 2458 tardioris
1861 2403 2062 2472 lingua
2089 2417 2145 2456 se

535 2511 652 2551 esse
680 2495 1064 2568 deprehendit,
1085 2495 1274 2550 dicens
1299 2512 1310 2550 ε
1349 2496 1592 2560 Obsecro,
1622 2496 1864 2561 Domine,
1895 2511 1998 2548 non
2029 2509 2145 2547 sum

535 2589 814 2657 eloquens;
839 2587 904 2640 ab
934 2587 1058 2639 hero
1077 2585 1212 2639 enim
1228 2591 1274 2638 et
1302 2585 1708 2652 nudiustertius,
1731 2601 1796 2638 ea:
1821 2601 1923 2654 quo
1945 2585 2145 2637 locutus

537 2690 587 2728 es
602 2675 674 2728 ad
689 2689 897 2728 servum
915 2679 1080 2738 tuum,
1107 2672 1452 2742 impeditioris
1475 2678 1522 2726 et
1544 2672 1798 2726 tardioris
1819 2673 2008 2742 lingua:
2029 2689 2145 2726 sum

543 2762 746 2834 (Exod.
779 2779 860 2830 1v,
905 2761 1018 2832 10).
1061 2762 1202 2816 llinc
1230 2769 1311 2816 est
1339 2761 1488 2834 quod
1516 2761 1703 2828 Isaias,
1735 2769 2023 2833 postquam
2067 2777 2146 2816 se-

537 2849 758 2904 dentem
786 2849 1086 2905 Dominum
1115 2865 1278 2920 super
1306 2849 1505 2904 solium
1539 2849 1816 2903 excelsum
1849 2855 2010 2918 atque
2039 2847 2144 2902 ele-

537 2947 725 2993 vatum
758 2937 919 3003 vidit,
949 2945 1233 3008 postquam
1258 2937 1531 3008 seraphim
1549 2936 1762 2992 duabus
1790 2936 1893 2992 alis
1923 2936 2141 3002 faciem,

534 3026 749 3082 duabus
789 3027 970 3082 velare
1004 3025 1188 3096 pedes,
1237 3033 1290 3080 et
1337 3025 1551 3082 duabus
1598 3026 1783 3080 volare
1829 3024 2140 3096 conspexit,

534 3125 823 3189 postquam
845 3116 902 3172 id
931 3116 1079 3188 quod
1103 3123 1185 3171 est
1203 3116 1458 3183 Sanctus,
1476 3117 1730 3181 Sanctus,
1763 3115 1994 3170 Sanctus
2023 3115 2144 3169 Do-

535 3207 722 3261 minus
746 3207 891 3262 Deus
913 3205 1280 3272 exercituum,
1303 3205 1536 3260 alterum
1559 3203 1628 3259 ad
1647 3205 1878 3259 alterum
1903 3203 2141 3260 clamare

535 3295 751 3351 audivit
784 3294 943 3364 (Isai.
967 3311 1046 3360 v1,
1065 3291 1146 3362 3),
1177 3293 1246 3348 ad
1261 3293 1501 3364 seipsum
1519 3293 1755 3361 rediens,
1771 3293 1879 3348 ait:
1912 3293 1995 3350 Va:
2013 3292 2142 3346 mihi

537 3384 666 3454 quia
697 3382 858 3450 tacui,
887 3383 1142 3452 quoniam
1173 3383 1256 3436 vir
1279 3385 1518 3453 pollutus
1550 3383 1702 3436 labiis
1731 3400 1818 3452 ego
1847 3399 1984 3448 sum,
2013 3389 2060 3436 et
2087 3381 2146 3436 in

537 3477 710 3532 medio
725 3476 912 3546 populi
926 3477 1139 3546 polluta
1159 3475 1298 3530 labia
1319 3475 1555 3528 habentis
1577 3492 1663 3545 ego
1680 3474 1854 3528 habito
1873 3474 2140 3545 (Ibid.,5).

537 3567 774 3637 Moxque
788 3567 961 3636 ipsam
983 3565 1343 3636 pollutionem
1364 3563 1512 3620 unde
1533 3571 1861 3636 cognoverat
1881 3563 2140 3632 subdens,

535 3657 613 3712 ait
639 3674 650 3712 :
701 3659 774 3712 Et
815 3672 986 3726 regem
1020 3655 1306 3710 Dominum
1333 3655 1655 3709 exercitu-um
1685 3655 1794 3708 vidi
1821 3656 1986 3709 oculis
2019 3655 2144 3710 meis

539 3747 753 3819 (Ibid).
787 3747 930 3801 Hinc
973 3746 1138 3800 etiam
1168 3745 1432 3801 Jeremias
1461 3746 1652 3801 divina
1695 3744 1861 3800 verba
1889 3745 2140 3812 audiens,

535 3837 702 3892 verba
732 3854 788 3892 se
827 3852 939 3892 non
982 3835 1182 3891 habere
1212 3836 1493 3906 cognovit,
1525 3835 1716 3890 dicens
1742 3852 1753 3888 :
1799 3835 1990 3902 A,a,a,
2021 3837 2142 3891 Do-

532 3928 671 3983 mine
689 3929 850 3994 Deus,
875 3944 979 3981 ecce
998 3927 1168 3980 nescio
1188 3927 1354 3997 loqui,
1377 3926 1501 3996 quia
1519 3942 1658 3996 puer
1677 3941 1764 3996 ego
1787 3941 1901 3978 sum
1925 3926 2138 3995 (Jerem.

533 4033 575 4085 ι,
625 4017 705 4086 6).
741 4013 880 4088 [Vet.
926 4012 1034 4087 ΙΙ.]
1081 4013 1223 4070 Hinc
1251 4013 1506 4070 Ezechiel
1553 4014 1782 4085 loquens
1812 4012 1879 4068 de
1909 4021 2142 4085 quatuor

531 4104 887 4172 animalibus,
905 4104 1042 4161 dicit
1065 4121 1076 4158 :
1105 4105 1235 4160 Cum
1251 4105 1399 4174 ﬁeret
1421 4121 1520 4157 vox
1541 4121 1708 4174 supra
1729 4104 2140 4174 ﬁrmamentum,

533 4194 674 4262 quod
699 4200 816 4247 erat
853 4210 1018 4263 supra
1047 4199 1205 4263 caput
1231 4209 1435 4258 eorum,
1465 4193 1676 4247 stabant
1704 4199 1750 4247 et
1777 4194 2143 4248 submittebant

533 4283 653 4336 alas
679 4299 803 4335 suas
833 4282 1048 4351 (Ezech.
1081 4298 1122 4347 ι,
1145 4283 1260 4350 25).
1289 4279 1434 4346 Quid
1459 4281 1605 4335 enim
1628 4295 1724 4352 per
1753 4282 1994 4337 volatum
2026 4282 2140 4337 ani-

536 4371 788 4438 malium,
820 4370 926 4424 nisi
957 4370 1416 4440 evangelistarum
1447 4377 1608 4442 atque
1639 4370 1928 4426 doctorum
1962 4373 2136 4427 subli-

536 4459 700 4514 mitas
719 4459 1038 4530 designatur
1066 4460 1090 4513 ἶ)
1115 4458 1212 4512 Vel
1232 4456 1365 4529 quid
1387 4467 1516 4513 sunt
1536 4459 1633 4512 ala
1664 4459 2010 4528 animalium,
2032 4460 2137 4516 nisi

534 4562 850 4610 sanctorum
882 4551 1372 4623 contemplationes
1399 4567 1490 4606 eos
1518 4551 1585 4606 ad
1623 4553 1865 4608 coelestia
1897 4555 1916 4586 ³
1946 4553 2139 4609 suble-

2252 1057 2395 1109 ultra
2428 1056 2640 1110 modum
2670 1055 2969 1109 excederent
2997 1054 3264 1108 scientiam
3298 1069 3484 1108 meam.
3533 1052 3690 1108 Ecce
3722 1061 3885 1108 tanto

2249 1164 2305 1202 se
2346 1148 2583 1219 amplius
2633 1147 2930 1218 redarguit,
2979 1154 3184 1217 quanto
3236 1143 3475 1216 amplius
3523 1145 3788 1216 proficit,
3835 1154 3884 1198 et

2249 1237 2535 1294 scientiam
2563 1254 2716 1292 suam
2747 1238 2892 1291 ultra
2926 1235 3151 1291 modum
3182 1235 3479 1290 excessisse
3514 1251 3574 1290 se
3605 1232 3881 1300 credidit,

2250 1327 2378 1399 quia
2411 1328 2465 1381 in
2489 1326 2670 1382 verbis
2687 1325 2906 1380 Domini
2927 1325 3050 1395 plus
3070 1341 3232 1396 quam
3263 1323 3643 1380 astimaverat
3664 1330 3882 1378 secreta

2250 1416 2368 1487 ejus
2398 1415 2677 1486 sapientia
2710 1411 2952 1484 agnovit.
2988 1414 3282 1486 Sequitur:

2698 1540 2924 1596 CAPUT
2965 1541 3038 1594 1n
3079 1537 3222 1611 [Rec.
3265 1538 3403 1612 111].

2323 1667 2492 1723 V'Ens.
2525 1665 2577 1720 4.
2608 1695 2677 1706 --
2705 1661 2874 1730 Audi,
2901 1669 2950 1718 et
2975 1681 3062 1734 ego
3088 1665 3320 1733 loquar;
3352 1663 3698 1733 interrogabo
3733 1669 3804 1727 te,
3835 1671 3881 1718 et

2249 1757 2503 1828 responde
2533 1756 2682 1810 mihi.

2325 1855 2376 1910 4.
2410 1855 2548 1922 Quid
2569 1860 2636 1907 sit
2654 1854 2912 1907 hominem
2934 1852 3260 1922 interrogare
3279 1852 3473 1916 Deum;
3495 1853 3692 1922 quidve
3713 1855 3874 1906 Deum

2256 1945 2454 2000 homini
2475 1941 3092 2014 respondere—Audire
3113 1949 3362 1996 nostrum
3383 1951 3464 1997 est
3481 1960 3619 1997 sono
3640 1943 3876 1997 aliunde.

2257 2034 2500 2090 venienti
2529 2050 2714 2088 aurem
2746 2033 2855 2087 alio
2899 2032 3130 2103 positam
3161 2032 3532 2087 commodare.
3569 2037 3644 2087 At
3677 2042 3877 2088 contra

2256 2127 2389 2193 Deo,
2416 2124 2507 2180 cui
2538 2124 2616 2178 nil
2646 2131 2801 2178 extra
2830 2131 2932 2190 est,
2962 2124 3151 2178 audire
3181 2123 3398 2196 proprie
3422 2131 3503 2177 est
3533 2123 3639 2178 sub
3665 2131 3875 2178 semet-

2256 2215 2374 2286 ipso
2404 2214 2682 2285 surgentia
2708 2212 2981 2268 desideria
3021 2220 3208 2268 nostra
3237 2213 3534 2284 percipere.
3569 2213 3661 2268 Ad
3691 2214 3873 2269 Deum

2255 2323 2404 2378 ergo,
2428 2307 2523 2380 qui
2543 2315 2598 2362 et
2617 2305 2916 2361 tacentium
2935 2304 3099 2360 corda
3111 2304 3411 2375 cognoscit,
3437 2305 3592 2376 loqui
3609 2312 3873 2359 nostrum

2254 2408 2334 2454 est
2365 2415 2476 2453 non
2506 2397 2734 2453 vocibus
2779 2395 3015 2468 gutturis
3049 2394 3102 2449 id
3132 2393 3277 2466 quod
3308 2394 3578 2449 sentimus
3607 2395 3868 2465 prodere,

2255 2489 2346 2544 sed
2371 2487 2637 2560 promptis
2656 2487 2724 2542 ad
2748 2486 2905 2540 illum
2924 2484 3212 2540 desideriis
3242 2483 3476 2539 inhiare.
3501 2485 3573 2538 Et
3589 2485 3726 2556 quia
3749 2484 3871 2538 ideo

2255 2578 2484 2650 quisque
2527 2577 2847 2646 interrogat,
2885 2582 2946 2629 ut
2981 2573 3191 2630 discere
3232 2573 3411 2628 valeat
3443 2573 3594 2646 quod
3623 2575 3868 2645 ignorat,

2256 2665 2471 2720 homini
2499 2666 2673 2720 Deum
2705 2665 3040 2734 interrogare
3068 2673 3149 2719 est
3180 2662 3238 2717 in
3278 2669 3580 2733 conspectu
3608 2661 3734 2734 ejus
3764 2679 3870 2717 ne-

2253 2755 2516 2811 scientem
2561 2769 2616 2808 se
2645 2769 2991 2823 cognoscere.
3037 2751 3383 2822 Respondere
3411 2758 3596 2806 autem
3627 2752 3758 2819 Dei,
3792 2761 3868 2807 est

2253 2861 2378 2901 eum
2411 2845 2506 2916 qui
2535 2861 2590 2899 se
2621 2843 2910 2899 humiliter
2928 2843 3262 2898 nescientem
3279 2843 3604 2914 cognoverit
3628 2843 3869 2898 occultis

2255 2933 2712 3004 inspirationibus
2742 2931 2980 2987 erudire.
3016 2932 3110 2987 Ait
3139 2947 3267 3003 ergo
3295 2932 3487 2988 beatus
3515 2932 3620 2988 Job
3645 2950 3657 2987 :
3695 2934 3866 2998 Audi,

2253 3030 2301 3076 et
2327 3041 2414 3095 ego
2445 3025 2655 3094 loquar.
2687 3024 2768 3077 Ac
2783 3021 2829 3076 si
2860 3021 3066 3076 diceret
3092 3039 3102 3076 :
3138 3021 3568 3078 Misericorditer
3589 3021 3866 3078 desideria

2254 3129 2374 3168 mea
2403 3114 2638 3185 percipe,
2671 3119 2734 3166 ut
2759 3110 2891 3166 dum
2927 3110 3044 3167 hac
3077 3117 3173 3166 tua
3207 3111 3380 3183 pietas
3409 3112 3728 3184 percipiens
3760 3113 3866 3168 ad-

2251 3200 2428 3273 juvat,
2459 3201 2528 3257 ad
2573 3211 2626 3258 te
2655 3200 3050 3272 multipliciora
3091 3208 3444 3273 consurgant.
3478 3201 3631 3257 Bona
3661 3203 3864 3276 quippe

2254 3300 2383 3347 vota
2402 3293 2614 3365 quoties
2629 3293 2882 3347 ell‘ectum
2898 3289 3864 3364 percipiunt,multiplicantur.Unde

2251 3384 2386 3439 alias
2427 3384 2689 3456 scriptum
2721 3391 2833 3438 est:
2868 3385 2981 3452 Ego
3011 3384 3260 3449 clamavi,
3291 3383 3546 3453 quoniam
3593 3384 3865 3438 exaudiui

2251 3491 2331 3528 me
2354 3475 2526 3544 (Psal.
2546 3490 2664 3540 xvi,
2699 3475 2732 3528 6
2737 3485 2778 3544 ).
2806 3474 2925 3528 Non
2947 3473 3095 3529 enim
3111 3474 3222 3528 ait:
3251 3473 3394 3540 Quia
3411 3474 3674 3542 clamavi,
3699 3490 3864 3530 exau-

2251 3563 2383 3619 disti
2413 3580 2531 3629 me;
2579 3563 2673 3617 sed
2719 3563 2963 3631 clamavi,
3012 3564 3266 3634 quoniam
3293 3563 3564 3618 exaudisti
3607 3582 3708 3619 me.
3760 3565 3862 3632 Qui

2251 3652 2396 3708 enim
2441 3655 2668 3724 loquens
2713 3653 3006 3708 exauditus
3034 3651 3234 3721 fuerat,
3266 3655 3411 3709 votis
3440 3652 3862 3725 proﬁcientibus

2251 3742 2542 3798 exauditus
2563 3743 2832 3798 clamabat
2856 3761 2868 3797 :
2900 3744 3243 3814 Inter-rogabo
3271 3749 3335 3811 te,
3357 3751 3405 3798 et
3434 3745 3693 3815 responde
3713 3748 3858 3800 mihi.

2248 3834 2330 3888 Ac
2359 3835 2403 3887 si
2438 3832 2646 3889 diceret
2674 3850 2684 3888 :
2718 3833 3061 3890 Nescientem
3092 3850 3178 3888 me
3207 3851 3276 3889 ex
3307 3841 3415 3890 tua
3447 3835 3700 3890 scientia
3738 3854 3857 3892 con-

2251 3923 2606 3994 templatione
2619 3940 2906 3995 cognosco.
2925 3924 3291 3995 Interroganti
3305 3924 3476 3996 igitur
3496 3927 3794 3998 responde,
3810 3927 3858 3982 id

2249 4021 2330 4068 est
2349 4013 2641 4068 stultitiam
2655 4014 2930 4084 propriam
2955 4013 3244 4070 humiliter
3261 4026 3691 4085 cognoscentem
3707 4017 3858 4074 doce.

2250 4106 2390 4172 Quia
2417 4104 2566 4159 enim
2597 4104 2957 4176 interrogaret
2981 4106 3094 4177 ipse
3111 4123 3180 4160 ex
3201 4105 3476 4161 desiderio
3498 4106 3859 4178 humilitatis,

2249 4205 2302 4250 et
2329 4197 2501 4250 Deum
2537 4194 2642 4249 sibi
2673 4195 2998 4267 respondere
3028 4202 3296 4269 quaereret
3324 4211 3395 4251 ex
3431 4199 3760 4269 magisterio
3787 4217 3860 4258 as-

2249 4285 2560 4357 pirationis,
2592 4285 2775 4341 verbis
2805 4287 3160 4358 sequentibus
3192 4287 3528 4344 declaratur.
3559 4289 3857 4361 Interroga-

2249 4383 2434 4429 turum
2467 4377 2668 4447 quippe
2711 4391 2767 4430 se
2807 4375 3110 4446 perhibuit,
3148 4376 3242 4431 sed
3276 4376 3418 4432 nihil
3463 4377 3858 4450 interrogando

2249 4463 2551 4536 subjungit.
2583 4467 2720 4520 Nam
2752 4465 2867 4519 sola
2895 4464 2962 4520 de
2994 4482 3049 4520 se
3086 4465 3322 4520 humilia
3352 4468 3624 4537 sentiens,
3659 4480 3714 4526 et
3744 4488 3856 4542 qua

2253 4556 2680 4611 misericorditer
2709 4573 2739 4610 a
2767 4555 3007 4612 Domino
3035 4557 3340 4630 perceperit
3365 4575 3694 4630 agnoscens,
3728 4579 3857 4634 pro-

533 4651 726 4700 vantes
748 4644 775 4699 Ὺ
818 4642 924 4698 Sed
952 4657 1077 4697 cum
1104 4617 1171 4697 iit
1201 4658 1310 4697 vox
1337 4658 1500 4712 supra
1528 4642 1960 4710 ﬁrmamentum,
1991 4641 2138 4714 quod
2168 4617 2216 4674 D
2252 4645 2402 4700 tinus
2429 4645 2650 4701 subdit:

533 4751 697 4808 super
725 4743 891 4806 caput
917 4749 1103 4788 eorum
1135 4739 1237 4800 est,
1278 4739 1482 4787 stantes
1511 4731 1844 4787 submittunt
1859 4733 1971 4786 alas
1991 4748 2135 4800 suas,

530 4825 662 4899 quia
699 4841 824 4880 cum
855 4823 1124 4878 internam
1169 4837 1359 4877 vocem
1407 4837 1656 4892 supernae
1701 4820 1981 4891 sapientia
2031 4838 2140 4876 au-

529 4913 712 4982 diunt,
745 4915 898 4987 quasi
928 4914 1145 4969 volatus
1165 4911 1248 4967 sui
1271 4911 1384 4967 alas
1405 4910 1709 4981 deponunt,
1731 4910 1859 4982 quia
1882 4909 2138 4966 videlicet

530 5007 705 5080 ipsam
736 5006 984 5064 veritatis
1030 5004 1382 5060 altitudinem
1427 5002 1614 5057 minus
1666 5017 1722 5057 se
1773 5003 2136 5075 contemplari

528 5113 684 5169 posse
725 5103 1081 5169 cognoscunt.
1128 5093 1216 5150 Ad
1245 5109 1434 5148 vocem
1479 5108 1606 5162 ergo
1653 5090 1885 5164 desuper
1914 5093 2135 5148 venien-

527 5194 641 5244 tem
673 5187 784 5244 alas
813 5187 1086 5260 deponere
1115 5192 1198 5240 est
1225 5183 1441 5255 cognita
1466 5198 1707 5255 superna
1731 5185 1992 5255 potentia,
2026 5184 2135 5238 vir-

530 5282 674 5331 tutes
719 5278 969 5349 proprias
999 5274 1294 5330 humiliare
1324 5279 1379 5328 et
1405 5271 1844 5328 consideratione
1873 5273 2134 5330 creatoris

529 5363 611 5419 nil
650 5364 716 5420 de
748 5382 804 5422 se
850 5366 1003 5423 aliud
1041 5382 1203 5439 quam
1235 5363 1446 5437 abjecta
1474 5363 1697 5419 sentire.
1735 5364 1922 5420 Sancti
1951 5365 2134 5436 itaque

607 5595 623 5627 ¹
648 5595 710 5648 In
739 5593 889 5648 Edit.
921 5595 1086 5650 Basil.
1117 5594 1275 5662 15M,
1308 5594 1499 5661 Gilot.,
1534 5593 1737 5660 Vatic.,
1766 5593 1966 5664 legitur
1983 5611 2134 5648 com-

526 5672 726 5732 parata
756 5681 843 5717 nec
865 5668 1091 5734 pulchra
1121 5683 1208 5718 nec
1227 5667 1398 5734 justa,
1424 5667 1510 5719 sed
1541 5667 1845 5736 insipientia
1873 5673 1965 5732 est,
1988 5665 2135 5737 quod

535 5737 720 5792 nullus
747 5752 814 5790 ex
846 5737 1048 5791 nostris
1079 5737 1210 5792 Cod.
1246 5754 1373 5791 mss.
1411 5737 1592 5791 habet.

605 5808 626 5839 ²
659 5806 892 5863 Vindoc.
919 5815 980 5863 et
1010 5810 1222 5875 Nona,
1251 5809 1606 5863 subtimantes.

2712 4735 2940 4792 CAPUT
2969 4736 3046 4794 IV
3077 4737 3220 4811 [Rea
3253 4735 3380 4811 IV].

2320 4825 2488 4882 Vnus.
2517 4827 2571 4884 5.
2603 4857 2674 4868 —
2692 4827 3062 4903 Audituauris
3086 4829 3271 4882 audivi
3289 4835 3355 4894 te,
3376 4845 3520 4883 nunc
3549 4837 3732 4885 autem
3751 4849 3856 4886 ocu-

2249 4917 2331 4972 lus
2361 4935 2502 4970 meus
2530 4917 2667 4971 videt
2697 4925 2760 4972 te.

2315 5007 2369 5063 5.
2405 5008 2668 5073 Quantum
2717 5007 2813 5062 Job
2850 5025 2948 5079 per
2987 5008 3198 5079 ﬂagella
3248 5009 3302 5062 in
3330 5009 3431 5064 Dei
3469 5017 3520 5065 et
3568 5012 3658 5065 sui
3694 5012 3854 5082 cogni-

2247 5096 2382 5152 tione
2405 5095 2708 5168 profecerit.
2732 5127 2803 5137 —
2819 5097 2916 5153 His
2936 5098 3202 5153 nimirum
3224 5098 3409 5155 verbis
3437 5109 3627 5170 aperte
3657 5101 3858 5156 indicat

2246 5188 2375 5260 quia
2402 5197 2608 5260 quanto
2624 5188 2776 5243 visus
2803 5189 3050 5260 superior
3079 5198 3159 5243 est
3178 5188 3394 5258 auditu,
3415 5197 3575 5246 tanto
3589 5191 3776 5247 differt
3797 5191 3856 5246 ab

2245 5295 2310 5334 eo
2339 5277 2486 5351 quod
2512 5277 2665 5348 prius
2694 5278 2932 5346 exstitit,
2961 5285 3015 5334 et
3052 5278 3158 5333 hoc
3187 5279 3337 5352 quod
3365 5281 3734 5352 postmodum
3770 5297 3856 5352 per

2245 5369 2458 5441 ﬂagella
2490 5369 2740 5442 profecit.
2774 5371 2845 5426 Et
2873 5369 3002 5443 quia
3033 5370 3251 5426 interno
3279 5372 3444 5430 oculo
3474 5374 3731 5430 veritatis
3766 5374 3854 5428 lu-

2316 5593 2336 5624 ³
2362 5590 2560 5656 Laud.,
2590 5591 2926 5660 dquerm.,
2948 5593 3163 5660 Norm.,
3193 5592 3438 5652 Vindoc.
3473 5605 3527 5652 et
3556 5598 3630 5653 al.
3664 5614 3695 5653 a
3723 5599 3848 5654 Gus-

2243 5663 2526 5737 sanvillao
2551 5663 2674 5716 lecti
2704 5663 2781 5716 ita
2815 5664 3038 5734 habent,
3069 5667 3328 5737 quamvis
3357 5667 3417 5722 in
3449 5670 3634 5726 Editis
3666 5678 3773 5725 vet.
3804 5679 3850 5724 et

2244 5740 2447 5788 recent.
2483 5735 2688 5804 legatur
2715 5752 2937 5792 arcana.
