3936 6378
106 372 204 430 753

888 380 1263 438 MORALIUM
1306 383 1437 440 LIB.
1483 385 1719 443 XXXV.
1759 417 1830 429 —
1867 389 1939 446 IN
1976 390 2206 448 CAPUT
2242 394 2391 449 XLII
2432 397 2493 452 Β.
2535 398 2676 455 JOB.

3323 406 3427 470 754

100 504 449 610 rnenrmagis
476 516 859 579 conspexerat,
893 506 1262 566 humanitatis
1297 527 1410 568 suae
1453 515 1706 571 tenebras
1732 517 1784 576 A
1818 519 2149 574 sententiam
2176 522 2196 555 ³
2218 525 2611 593 spectationem
2640 529 2841 585 mentis
2862 543 3060 592 nostrae
3081 545 3423 610 convertere,

96 589 415 662 dijudicans
447 596 573 666 plus
603 596 845 653 videbat.
880 598 1035 655 Unde
1062 609 1115 657 et
1144 600 1395 672 sequitur
1425 619 1436 656 :

592 684 822 742 CAPUT
855 687 903 743 V
946 687 1089 760 [Rea
1136 688 1219 762 V].

162 772 338 827 Vnus.
375 774 431 829 6.
469 805 540 817 —
574 776 778 833 Idcirco
798 776 908 849 ipse
938 795 1016 833 me
1043 780 1385 850 reprehendo.

160 861 214 916 6.
250 862 471 929 Quanto
499 882 552 920 se
583 866 803 937 quisque
832 869 1001 940 magis
1030 868 1187 936 videt,
1220 870 1320 924 sibi
1338 871 1505 942 magis
1524 870 1708 942 displi-

94 964 180 1011 cet.
212 986 284 998 —
304 956 533 1025 Quanto
563 960 713 1014 enim
736 959 968 1034 quisque
1010 978 1068 1018 se
1121 964 1307 1019 minus
1355 966 1526 1034 videt,
1550 974 1707 1022 tanto

95 1045 195 1101 sibi
225 1047 421 1103 minus
435 1048 726 1120 displicet;
754 1059 806 1106 et
828 1058 1037 1123 quanto
1061 1052 1289 1124 majoris
1309 1056 1495 1126 gratiae
1519 1058 1705 1114 lumen

96 1136 348 1209 percipit,
383 1145 545 1195 tanto
574 1141 813 1212 amplius
849 1143 1338 1213 reprehensibilem
1372 1163 1428 1203 se
1457 1164 1573 1203 esse
1601 1165 1705 1205 co-

93 1227 322 1298 gnoscit.
357 1225 502 1285 Cum
534 1227 681 1285 enim
714 1230 1048 1288 intrinsecus
1077 1234 1399 1291 sublevatur
1420 1253 1517 1309 per
1541 1253 1705 1293 omne

93 1314 234 1388 quod
264 1325 373 1384 est,
407 1316 481 1374 ad
518 1336 634 1374 eam
672 1336 836 1392 quam
867 1338 1031 1393 super
1059 1339 1114 1377 se
1144 1324 1415 1395 conspicit
1459 1326 1701 1398 regulam

92 1423 392 1477 congruere
427 1407 650 1464 nititur.
680 1410 749 1464 Et
787 1410 917 1481 quia
947 1410 1130 1467 adhuc
1147 1411 1391 1469 humana
1411 1415 1706 1471 infirmitas

94 1495 377 1567 praepedit,
399 1498 582 1553 cernit
598 1498 726 1569 quia
754 1499 802 1553 ei
834 1514 902 1552 ex
934 1515 1045 1554 non
1066 1501 1297 1556 minima
1318 1512 1470 1573 parte
1497 1504 1705 1559 dissen-

91 1586 185 1651 tit;
220 1592 523 1659 totumque
554 1603 623 1641 ex
643 1603 699 1641 se
736 1587 818 1641 illi
845 1604 1137 1644 onerosum
1162 1601 1262 1659 est,
1297 1593 1443 1664 quod
1474 1594 1703 1649 internae

92 1676 283 1747 regulae
316 1675 664 1731 conveniens
695 1692 806 1731 non
856 1684 957 1733 est.
994 1678 1169 1745 Quam
1219 1683 1462 1751 regulam
1511 1683 1703 1738 beatus

88 1764 183 1820 Job
212 1774 341 1835 post
385 1764 607 1836 ﬂagella
651 1765 947 1837 proficiens
982 1770 1220 1840 amplius
1257 1772 1268 1803 ¹
1304 1772 1558 1843 suscipit,
1590 1781 1643 1828 et
1672 1791 1703 1829 a

1820 608 1978 680 eique
2006 608 2191 664 dicere
2226 627 2238 665 :
2272 612 2432 679 Ecce,
2463 614 2720 681 Domine,
2751 625 3010 694 utrasque
3040 626 3097 680 in
3124 608 3423 700 conspectu

1819 702 1917 753 tuo
1946 696 2335 754 disserentium
2367 709 2547 771 partes
2576 704 2915 776 audivimus,
2945 720 2999 767 et
3054 714 3155 770 Job
3199 696 3420 787 quidem

1820 784 1878 840 in
1909 785 2014 843 hoc
2034 789 2333 845 certamine
2351 788 2578 848 virtutis
2593 810 2705 850 sua;
2722 795 2865 852 facta
2884 801 3187 871 revolvere,
3210 784 3264 860 et
3283 810 3422 863 ami-

1818 890 1911 965 cos
1932 873 2051 945 ejus
2066 887 2259 933 contra
2274 895 2399 935 eum
2422 884 2785 954 cognovimus
2801 894 2910 943 tua":
2925 887 3158 961 justitiae
3193 895 3421 965 gloriam

1818 961 2119 1020 defensare.
2145 966 2296 1021 Inter
2322 968 2440 1026 haec
2461 980 2643 1027 autem
2665 974 2800 1046 quid
2821 986 3005 1033 nostra
3039 961 3423 1040 mensvsentlat

1816 1054 2085 1123 agnoscis.
2118 1056 2304 1129 Neque
2334 1059 2482 1113 enim
2514 1077 2808 1132 possumus
2836 1083 3026 1122 eorum
3056 1087 3156 1126 nos
3176 1071 3323 1128 dicta
3344 1090 3423 1129 re-

1816 1141 2175 1214 prehendere,
2209 1163 2348 1220 quos
2372 1147 2684 1208 defensioni
2711 1160 2820 1209 tum
2840 1160 3225 1228 cognoscimus
3240 1161 3419 1218 deser-

1814 1230 1952 1285 vire.
1989 1233 2010 1266 ⁴
2041 1231 2145 1287 Sed
2166 1248 2291 1291 ecce
2318 1236 2583 1293 assistunt
2612 1247 2812 1311 partes,
2852 1254 3172 1317 exspectant
3191 1258 3423 1305 senten-

1814 1318 1946 1373 tiam
1973 1338 1986 1386 ;
2020 1321 2207 1393 profer
2233 1340 2382 1395 ergo,
2414 1327 2671 1396 Domine,
2688 1344 2758 1384 ex
2780 1330 3055 1390 invisibili
3091 1338 3279 1408 regula
3295 1338 3420 1394 sub-

1814 1408 2137 1467 tilissimum
2194 1422 2301 1469 tuae
2359 1415 2712 1475 discretionis
2759 1437 3014 1491 examen,
3071 1435 3124 1481 et
3179 1429 3302 1498 quis
3359 1429 3418 1484 in

1814 1504 2167 1558 contentione
2183 1504 2284 1559 ista
2304 1506 2376 1561 sit
2396 1508 2600 1563 rectius
2617 1510 2832 1566 locutus
2848 1514 3094 1569 ostende.
3116 1516 3377 1588 Sequitur
3401 1535 3415 1573 :

1888 1591 2057 1647 Vens.
2077 1594 2105 1647 7
2114 1596 2362 1666 .—Postq
2371 1614 2490 1651 nam
2501 1605 2674 1653 autem
2688 1601 2889 1655 locutus
2901 1610 2974 1657 est
2985 1605 3244 1660 Dominus
3260 1606 3418 1662 verba

1814 1679 1920 1733 lucc
1946 1681 2018 1735 ad
2047 1682 2319 1750 Job,di.eit
2346 1686 2416 1739 ad
2440 1688 2675 1757 Eliphaz
2710 1691 3059 1746 Themanitem
3093 1711 3104 1748 :
3139 1695 3324 1750 Iratus
3344 1703 3419 1750 est

1812 1767 1974 1837 furor
2007 1788 2148 1825 meus
2178 1774 2233 1826 in
2265 1780 2330 1841 te,
2361 1781 2409 1828 et
2438 1776 2493 1828 in
2513 1777 2644 1830 duos
2659 1778 2857 1832 amicos
2881 1787 3017 1845 tuos,
3039 1783 3291 1850 quoniam
3312 1801 3418 1838 non

89 1865 381 1937 semetipso
397 1866 459 1921 ίη
483 1884 678 1939 magna
695 1868 1179 1941 suiredargutione
1199 1870 1476 1940 dissentit,
1510 1870 1544 1924 1
1561 1870 1700 1928 143
1729 1879 1775 1939 B
1811 1858 1931 1911 estis
1962 1860 2121 1914 locuti
2146 1877 2326 1915 coram
2353 1880 2433 1916 me
2453 1871 2670 1932 rectum,
2690 1866 2825 1921 sicut
2851 1884 3033 1923 servus
3062 1887 3205 1924 meus
3224 1872 3340 1926 Job.

88 1954 270 2011 dicens
323 1973 335 2011 :
392 1956 603 2012 Idcirco
634 1958 742 2029 ipse
771 1976 849 2013 me
880 1949 1219 2030 reprehendo.
1253 1960 1358 2016 Sed
1390 1962 1519 2033 quia
1549 1962 1703 2017 nulla

90 2054 165 2100 est
192 2046 448 2117 cognitio
482 2046 948 2118 reprehensionis,
990 2048 1039 2103 si
1069 2065 1179 2103 non
1202 2059 1502 2122 sequantur
1532 2052 1700 2106 etiam

89 2133 326 2191 lamenta
345 2135 739 2207 paenitudinis,
760 2144 904 2191 recte
927 2145 1048 2208 post
1066 2137 1550 2209 reprehensionem
1573 2137 1699 2194 sub-

90 2222 236 2279 ditur
270 2242 281 2279 ε

724 2314 954 2372 CAPUT
990 2316 1085 2373 VI.

156 2404 294 2460 lem.
322 2434 398 2445 —
427 2404 503 2460 Et
531 2421 627 2475 ago
648 2406 1012 2475 paenitentiam
1038 2406 1097 2460 in
1124 2407 1318 2477 favilla
1346 2415 1395 2463 et
1429 2409 1623 2465 cinere.

156 2493 205 2548 7.
247 2494 400 2551 Vana
431 2500 509 2549 est
534 2494 707 2548 nostri
726 2496 952 2565 cognitio
982 2513 1141 2566 quam
1158 2514 1266 2552 non
1281 2499 1521 2568 sequitur
1530 2498 1697 2570 paeni-

91 2583 263 2638 tentia.
300 2585 367 2638 In
398 2584 573 2638 cilicio
603 2589 652 2636 et
678 2583 849 2637 cinere
864 2584 1181 2653 paenitentia:
1207 2585 1336 2654 quid
1363 2587 1696 2641 consideran-

89 2672 226 2726 dum.
245 2674 398 2729 —In
418 2672 612 2727 favilla
633 2674 835 2728 etenim
861 2682 915 2728 et
934 2674 1119 2729 cinere
1138 2675 1522 2746 paenitentiam
1540 2693 1697 2748 agere

88 2770 161 2816 est
187 2763 572 2833 contemplata
602 2778 819 2817 summa
846 2764 1107 2829 essentia,
1138 2763 1218 2818 nil
1249 2765 1402 2820 aliud
1424 2782 1589 2836 quam
1620 2765 1696 2821 fa-

88 2851 273 2907 villam
307 2868 366 2906 se
398 2851 753 2924 cineremque
797 2869 1145 2923 cognoscere.
1181 2853 1337 2911 Unde
1378 2864 1432 2910 et
1479 2853 1698 2909 civitati

88 2941 328 3013 reprobae
357 2942 417 2996 in
451 2941 756 3013 Evangelio
779 2943 1050 2998 Dominus
1071 2943 1210 2999 dicit
1242 2961 1253 2999 :
1288 2946 1349 3000 Si
1372 2944 1429 2997 in
1476 2945 1613 3014 Tyro
1652 2950 1699 2998 et

90 3035 276 3089 Sidone
304 3033 469 3105 facta
492 3032 717 3104 fuissent
746 3035 965 3089 virtutes
993 3052 1110 3105 quae
1128 3034 1284 3104 factce
1303 3043 1427 3089 sunt
1448 3035 1503 3088 in
1529 3036 1696 3101 vobis,

88 3123 209 3177 olim
252 3125 313 3179 in
360 3123 534 3178 cilicio
563 3130 609 3178 et
636 3124 808 3179 cinere
839 3125 1200 3195 paenitentiam
1229 3126 1451 3195 egissent
1481 3125 1694 3197 (Matth.

1880 1948 1934 2003 9.
1968 1948 2067 2002 Ille
2086 1950 2403 2017 absolvitur,
2420 1953 2837 2008 condemnentur
2866 1956 2970 2011 illi.
3007 1956 3120 2012 Cur
3137 1959 3286 2014 ?—O
3310 1961 3416 2015 Do-

1810 2037 1982 2105 mine,
2008 2036 2209 2108 judicii
2244 2041 2324 2095 tui
2372 2043 2648 2098 sententia
2684 2042 2893 2101 indicat
2935 2056 3201 2118 quantum
3234 2064 3265 2102 a
3295 2049 3416 2104 luce

1807 2134 1917 2181 tuae
1975 2129 2328 2185 rectitudinis
2367 2133 2584 2187 caecitas
2628 2142 2813 2189 nostra
2856 2134 3153 2193 discordat.
3189 2138 3330 2194 Ecce
3360 2144 3415 2194 te

1801 2213 1990 2287 judice
2006 2215 2229 2272 beatum
2259 2217 2363 2273 Job
2394 2220 2660 2276 victorem
2692 2238 2807 2277 esse
2827 2224 3229 2295 cognoscimus,
3249 2240 3413 2297 quem

1806 2303 1865 2358 in
1896 2313 1947 2359 te
1980 2322 2229 2376 peccasse
2258 2309 2534 2380 loquendo
2564 2311 2939 2368 credebamus.
2974 2313 3047 2368 Te
3070 2312 3259 2385 judice
3307 2313 3416 2369 ad-

1806 2392 1942 2449 dicti
1975 2404 2124 2464 sunt,
2155 2398 2250 2469 qui
2278 2397 2426 2453 beati
2449 2399 2552 2454 Job
2574 2416 2629 2455 se
2662 2402 2861 2456 merita
2888 2403 3278 2459 transcendere
3313 2419 3412 2475 pro

1806 2492 1858 2538 te
1888 2486 2165 2557 loquendo
2192 2486 2566 2544 crediderunt.
2602 2489 2743 2557 Quia
2774 2492 2944 2561 igitur
2972 2508 3041 2546 ex
3070 2492 3265 2547 divina
3290 2508 3412 2547 sen-

1809 2574 1980 2629 tentia
2010 2575 2145 2646 quid
2176 2575 2242 2630 de
2272 2576 2523 2647 partibus
2541 2579 2875 2635 aestimemus
2893 2583 3242 2653 agnovimus,
3260 2597 3411 2638 nunc

1805 2662 2052 2735 ejusdem
2084 2666 2371 2721 sententiae
2414 2668 2580 2739 paulo
2610 2668 2872 2725 subtilius
2900 2670 3068 2726 verba
3094 2687 3406 2743 pensemus.

1806 2754 2095 2821 Quomodo
2142 2756 2290 2810 enim
2321 2759 2574 2829 superius
2603 2759 2796 2816 beatus
2824 2761 2927 2816 Job
2966 2761 3407 2833 reprehenditur,

1807 2841 1854 2896 si
1885 2842 1942 2897 in
1972 2845 2384 2914 comparatione
2411 2845 2530 2917 ejus
2557 2848 2912 2905 rectitudinis
2940 2851 3104 2905 amici
3134 2850 3287 2906 illius
3314 2867 3410 2906 ne-

1805 2956 2077 3014 quaquam
2120 2940 2311 2996 1147
2341 2958 2524 2998 coram
2554 2945 2794 2999 Domino
2830 2946 3003 3002 locuti
3046 2955 3259 3002 rectum
3291 2963 3410 3001 me—

1806 3039 2094 3087 morantur
2106 3033 2131 3088 ‘t
2152 3036 2241 3088 An
2257 3032 2438 3091 adhuc
2461 3033 2557 3089 illa
2571 3033 2638 3089 de
2656 3050 2720 3089 eo
2735 3036 3009 3091 sententia
3026 3036 3405 3105 conﬁrmatur,

1805 3137 1912 3193 qua
1932 3123 2162 3195 antiquo
2183 3122 2555 3179 hostidicitur
2588 3142 2600 3179 :
2642 3124 2833 3182 Vidisti
2861 3142 3067 3179 servum
3097 3142 3268 3180 meum
3286 3125 3406 3194 Job,

90 3229 164 3280 x1,
194 3213 311 3284 21).
338 3214 401 3269 In
429 3212 617 3270 cilicio
638 3214 841 3285 quippe
854 3214 1118 3285 asperitas
1137 3215 1157 3248 ³
1177 3223 1232 3270 et
1262 3214 1488 3285 punctio
1510 3231 1695 3285 pecca-
1730 3245 1775 3305 Ο
1804 3213 1943 3305 quod
1972 3214 2176 3305 non-sit
2220 3214 2267 3267 ei
2295 3214 2498 3305 similis
2530 3231 2689 3305 super
2736 3220 2933 3305 terram
2970 3216 3090 3305 (Job
3120 3233 3159 3283 ι,
3192 3216 3275 3305 8).
3302 3214 3409 3271 Sed

89 3312 287 3371 torum,
310 3303 369 3358 in
385 3304 573 3359 cinere
589 3311 771 3359 autem
791 3304 977 3375 pulvis
992 3304 1304 3359 ostenditur
1322 3311 1689 3359 mortuorum.

90 3393 155 3446 Et
184 3393 393 3449 idcirco
436 3402 738 3465 utrumque
778 3392 885 3449 hoc
922 3392 1176 3449 adhiberi
1210 3392 1279 3448 ad
1312 3394 1692 3465 paenitentiam

90 3483 242 3548 solet,
272 3491 338 3539 ut
376 3485 437 3539 in
470 3483 772 3554 punctione
809 3483 981 3538 cilicii
1010 3499 1406 3555 cognoscamus
1435 3483 1569 3555 quid
1598 3499 1695 3555 per

90 3571 299 3643 culpam
332 3571 594 3639 fecimus,
631 3580 685 3627 et
716 3572 772 3626 in
802 3572 997 3627 favilla
1040 3572 1243 3627 cineris
1292 3573 1694 3645 perpendamus

90 3659 216 3731 quid
245 3676 345 3733 per
368 3659 653 3733 judicium
696 3660 824 3717 facti
859 3677 1069 3718 sumus.
1105 3661 1536 3719 Considerentur
1566 3678 1695 3733 ergo

90 3749 144 3803 in
173 3751 357 3808 cilicio
380 3752 686 3825 pungentia
706 3752 1257 3818 vitia,consideretur
1290 3752 1347 3806 in
1381 3753 1565 3810 cinere
1600 3768 1696 3824 per

91 3840 276 3897 mortis
306 3843 641 3898 sententiam
675 3840 1013 3914 subsequens
1028 3841 1179 3912 justa
1212 3858 1373 3913 pcena
1403 3842 1691 3897 vitiorum.

91 3926 223 3993 Quia
252 3931 403 3986 enim
435 3939 564 4003 post
591 3938 875 4002 peccatum
912 3932 1094 3986 carnis
1124 3931 1475 3987 contumeliae
1503 3946 1696 3986 surre—

91 4030 303 4088 xerunt,
322 4021 513 4077 videat
534 4021 701 4077 homo
733 4023 790 4076 in
822 4022 1115 4094 asperitate
1136 4022 1307 4078 cilicii
1325 4022 1695 4094 superbiendo

92 4109 217 4179 quid
254 4111 411 4176 fecit,
447 4111 632 4167 videat
661 4113 718 4167 in
750 4113 934 4169 cinere
965 4130 1252 4186 usquequo
1280 4114 1556 4185 peccando
1578 4130 1696 4186 per-

93 4199 259 4255 venit.
290 4201 485 4257 Potest
515 4217 733 4274 quoque
762 4202 949 4258 cilicio
976 4203 1095 4275 ipsa
1124 4220 1220 4275 per
1258 4203 1694 4259 recordationem

92 4295 245 4360 atque
274 4292 669 4363 paenitentiam
701 4291 957 4347 dolorum
989 4295 1216 4365 punctio
1245 4293 1697 4365 designari.Nam

93 4374 192 4434 hoc
215 4382 363 4453 quod
391 4382 475 4437 ait
504 4380 695 4437 beatus
726 4382 829 4438 Job
861 4399 871 4437 :
908 4384 1025 4455 Ipse
1062 4401 1142 4438 me
1172 4384 1515 4454 reprehendo,
1541 4385 1697 4456 quasi

93 4468 321 4537 quodam
351 4472 543 4529 cilicio
573 4472 861 4543 pungitur,
890 4472 1022 4527 dum
1056 4473 1113 4528 in
1147 4481 1331 4531 mente
1362 4491 1462 4530 sua
1491 4473 1699 4545 asperis

94 4556 540 4631 redargutionum
557 4560 800 4615 stimulis
828 4562 1187 4618 confricatur.
1220 4563 1282 4617 In
1304 4564 1487 4620 cinere
1514 4571 1695 4618 autem

94 4646 201 4716 agit
227 4651 636 4721 pmnitentiam,
664 4649 795 4721 quia
835 4666 905 4705 ex
947 4652 1128 4721 primo
1168 4660 1391 4723 peccato
1432 4652 1566 4724 quid
1599 4668 1696 4722 per

91 4733 294 4804 justum
317 4740 601 4813 judicium
622 4741 799 4796 factus
828 4741 900 4796 sit
928 4741 1158 4796 solerter
1185 4742 1445 4810 attendit,
1468 4741 1687 4799 dicens:

96 4824 203 4895 Ago
226 4832 592 4900 ptenitentiam
619 4831 677 4885 in
704 4829 900 4901 favilla
920 4837 967 4883 et
996 4830 1184 4885 cinere.
1218 4832 1298 4887 Ac
1328 4832 1374 4895 si
1407 4839 1591 4903 aperte
1612 4830 1692 4886 di-

98 4921 179 4968 cat
201 4933 211 4971 :
230 4917 306 4973 De
333 4921 490 4976 nullo
519 4920 762 4976 auctoris
792 4919 900 4974 mei
932 4917 1080 4974 dono
1100 4919 1382 4990 superbio,
1400 4920 1533 4992 quia
1548 4937 1694 4975 sum-

97 5010 216 5072 ptus
240 5024 307 5063 ex
337 5011 587 5081 pulvere,
603 5026 699 5083 per
730 5010 896 5066 illatae
927 5010 1123 5065 mortis
1139 5011 1468 5065 sententiam
1491 5009 1559 5066 ad
1577 5011 1694 5083 pul-

100 5106 275 5152 verem
312 5116 400 5157 me
425 5102 605 5157 redire
625 5117 915 5173 cognosco.

166 5181 299 5255 [Vet.
332 5189 471 5263 111.]
504 5190 557 5246 8.
590 5191 690 5246 Dei
718 5192 781 5245 de
805 5192 903 5246 Job
923 5190 1179 5246 etamicis
1195 5188 1603 5259 ejusjudieium.
1626 5220 1697 5231 —

99 5270 313 5331 Auditis
341 5278 511 5351 igitur
533 5280 749 5337 cunctis
761 5282 1113 5337 sermonibus
1127 5280 1253 5350 Job,
1268 5279 1507 5352 cognitis
1523 5279 1690 5335 etiam

73 5366 541 5435 .responsionibus
592 5370 919 5439 amicorum,
967 5369 1103 5426 libet
1138 5369 1209 5427 ad
1246 5369 1453 5427 interni
1486 5367 1695 5441 judicis

170 5585 194 5666 ξ
219 5584 448 5666 Targa,
483 5591 692 5666 Laud,
716 5591 828 5648 duo
847 5591 1073 5666 Germ.,
1103 5593 1339 5666 inspicit.

173 5655 194 5688 ³
221 5658 302 5713 Ita
312 5655 535 5736 gemet.
561 5672 614 5719 et
642 5655 782 5736 pler.
814 5665 1034 5732 Norm.,
1053 5655 1388 5723 cum-Laud.
1433 5673 1489 5722 et
1527 5664 1698 5722 duob.

102 5722 281 5808 Genua.
311 5731 494 5808 E_ditis
524 5722 964 5808 habéntibus,et
991 5722 1340 5808 compunctio.

169 5798 189 5831 ³
215 5800 477 5881 Vindoc.,
533 5807 758 5878 Pratel.,
816 5798 986 5877 Utic.,
1044 5798 1433 5881 inspectionem.
1493 5808 1704 5877 Germ.,

103 5876 547 5939 exspectationem.

1726 4606 1775 4665 D

1804 3301 1939 3373 quid
1969 3309 2051 3356 est
2081 3301 2204 3369 hoc,
2225 3301 2374 3374 quod
2404 3311 2458 3357 et
2485 3301 2741 3358 laudatur
2770 3303 2942 3372 hosti,
2963 3311 3018 3359 et
3048 3304 3105 3359 in
3126 3304 3306 3375 seipso
3324 3319 3403 3359 re-

1804 3392 2167 3464 prehenditur
2204 3412 2215 3449 :
2250 3394 2307 3448 in
2334 3394 2515 3466 seipso
2540 3403 2723 3450 autem
2755 3394 3199 3466 reprehenditur,
3230 3404 3285 3451 et
3316 3403 3410 3451 ta-

1804 3496 1929 3535 men
1946 3481 2139 3536 amicis
2161 3482 2517 3554 loquentibus
2532 3483 2859 3550 antefertur,
2882 3484 2991 3541 nisi
3012 3484 3161 3557 quod
3188 3495 3410 3541 sanctus

1805 3569 1892 3625 vir
1920 3577 2148 3625 cunctos
2171 3571 2495 3626 meritorum
2535 3589 2761 3628 suorum
2801 3574 3008 3629 virtute
3039 3575 3405 3642 transcendit;

1803 3659 1898 3714 sed
1928 3675 1992 3714 eo
2024 3660 2140 3731 ipso
2170 3660 2318 3733 quod
2345 3660 2514 3717 homo
2543 3661 2670 3730 fuit,
2702 3670 2828 3717 ante
2856 3664 2956 3718 Dei
2976 3665 3165 3720 oculos
3183 3665 3301 3719 sine
3314 3680 3411 3719 re-

1805 3748 2177 3821 prehensione
2200 3766 2316 3806 esse
2347 3765 2458 3805 non
2490 3750 2711 3822 potuit?
2741 3752 2803 3806 In
2832 3759 3022 3809 sancto
3066 3752 3268 3825 quippe
3298 3753 3411 3807 ho-

1806 3842 1956 3896 mine
1978 3843 2036 3896 in
2068 3842 2171 3897 hac
2202 3842 2427 3898 interim
2451 3842 2567 3897 vita
2586 3851 2986 3913 commorante,
3004 3843 3183 3897 divini
3202 3844 3409 3897 exami-

1806 3932 1894 3987 nis
1924 3930 2111 4002 regula
2138 3930 2304 3987 habet
2331 3931 2513 3987 adhuc
2543 3932 2690 4004 quod
2729 3931 2963 4002 judicet,
3008 3932 3261 4004 quamvis
3292 3930 3407 4002 jam

1806 4037 1875 4076 ex
1904 4022 2309 4091 comparstione
2339 4029 2662 4077 ceterorum
2692 4021 2986 4076 hominum
3016 4021 3213 4076 habeat
3262 4020 3409 4093 quod

1806 4108 2008 4165 laudet.
2044 4110 2242 4165 Beatus
2273 4109 2442 4180 igitur
2470 4108 2572 4164 Job
2625 4125 2724 4181 pro
2758 4110 2920 4181 culpa
2962 4126 3017 4164 se
3056 4108 3311 4177 credidit,
3358 4117 3409 4164 et

1808 4214 1919 4253 non
1952 4214 2049 4269 pro
2077 4196 2270 4268 gratia,
2305 4197 2596 4269 ﬂagellari;
2632 4198 2864 4254 resecari
2914 4197 2971 4253 in
3015 4215 3069 4253 se
3114 4198 3411 4254 aestimavit

1808 4287 1966 4355 vitia,
1998 4302 2109 4341 non
2140 4296 2323 4341 autem
2352 4286 2766 4359 meritaaugeri.
2789 4288 2860 4343 Et
2886 4288 2942 4342 in
2966 4304 3029 4343 eo
3060 4286 3412 4359 reprehendi-

1808 4383 1919 4444 tur,
1952 4375 2101 4449 quod
2131 4376 2500 4432 intentionem
2529 4376 2733 4449 ﬂagelli
2762 4377 2933 4433 fuisse
2961 4377 3126 4434 aliam
3156 4380 3414 4450 suspica-

1808 4474 1923 4534 tur,
1953 4475 2007 4521 et
2031 4474 2217 4522 tamen
2252 4466 2447 4523 amicis
2468 4466 2854 4522 resistentibus
2873 4468 3077 4522 interni
3100 4466 3301 4538 judicii
3323 4467 3413 4523 de-

1809 4554 2063 4611 ﬁnitione
2087 4558 2345 4627 praelatus
2375 4564 2474 4611 est.
2498 4555 2636 4629 [Vet.
2663 4558 2694 4612 Ι
2702 4555 2788 4629 γ.]
2812 4556 2966 4613 Unde
2981 4565 3164 4628 aperte
3187 4555 3417 4628 colligi-

1804 4653 1896 4700 tur
1911 4653 2129 4718 quantae
2140 4644 2372 4717 justitim
2390 4646 2559 4701 fuerit
2581 4647 2637 4701 in
2653 4662 2717 4701 eo
2732 4647 2881 4719 quod
2894 4656 3087 4702 contra
3104 4648 3412 4701 amicorum

1802 4735 1971 4791 verba
2001 4735 2375 4790 innocentiam
2408 4752 2519 4789 suae
2549 4735 2887 4805 operationis
2915 4736 3173 4804 astruxit,
3206 4736 3299 4806 qui
3331 4734 3414 4787 di-

1803 4827 1936 4881 vino
1950 4824 2168 4896 judicio
2189 4825 2354 4879 etiam
2378 4823 2513 4895 ipsis
2535 4822 2783 4893 ejusdem
2800 4823 2982 4879 divini
3004 4824 3203 4895 judicii
3228 4823 3416 4877 defen-

1804 4915 2022 4981 soribus
2050 4915 2372 4970 antefertur.
2408 4915 2469 4969 In
2502 4913 2734 4968 exordio
2763 4921 2945 4968 autem
2987 4915 3007 4947 ⁵
3061 4912 3187 4967 libri
3243 4911 3410 4983 hujus

1804 5003 2133 5074 agnovimus
2162 5003 2293 5076 quia
2305 5001 2372 5057 de
2404 5001 2504 5056 illo
2534 5002 2698 5057 Satan
2727 5002 2964 5057 Domino
2993 5000 3209 5055 dixerat
3234 5018 3245 5055 :
3267 5001 3418 5055 Mitte

1802 5111 2024 5150 manum
2060 5100 2230 5163 tuam,
2262 5101 2309 5149 et
2339 5100 2489 5165 tange
2518 5110 2657 5162 eum,
2686 5100 2733 5147 et
2752 5095 2868 5147 cide
2904 5094 2951 5147 si
2978 5110 3084 5146 non
3124 5094 3181 5146 in
3226 5092 3418 5163 faciem

1807 5185 2072 5241 benedicat
2093 5184 2183 5238 tibi
2209 5182 2329 5253 (Job
2359 5200 2422 5249 ιι,
2454 5182 2537 5255 5).
2561 5182 2650 5238 Ad
2681 5198 2846 5256 quam
2883 5181 3206 5253 petitionem
3226 5179 3419 5237 beatus

1809 5276 1912 5332 Job
1936 5274 2176 5340 damnis,
2199 5272 2462 5341 orbitate,
2485 5270 2813 5328 vulneribus
2842 5278 2897 5326 et
2918 5272 2939 5306 θ
2956 5270 3253 5326 verborum
3269 5287 3422 5329 scan.

1803 5366 1945 5423 dalis
1974 5364 2125 5437 tangi
2146 5363 2513 5438 permittitur,
2534 5362 2664 5437 quia
2694 5360 2956 5419 videlicet
2976 5367 3159 5417 certus
3174 5361 3271 5434 qui
3292 5375 3420 5417 eum

1883 5593 1904 5626 ‘
1936 5590 2100 5649 Corb.
2135 5590 2347 5658 Germ.,
2376 5589 2601 5646 Ebroic.
2652 5589 2861 5663 aliique
2906 5589 3120 5656 Norm.,
3170 5587 3258 5644 sed
3317 5605 3425 5645 ecce

1812 5664 2675 5740 ass__is_t_unt,_pariterexspectant,
2707 5670 2810 5740 etc.
2884 5734 2893 5740 _
3276 5739 3283 5740 ί
3360 5730 3392 5740 η

1889 5738 1909 5771 ⁵
1941 5737 2062 5792 Non
2093 5734 2260 5806 hujus
2292 5734 2387 5790 lib.
2434 5751 2614 5803 xxxv,
2641 5734 2739 5806 sed
2794 5734 2967 5789 totius
3014 5734 3418 5796 commentarii,

1818 5806 1915 5864 ubi
1945 5808 1984 5881 l.
2017 5824 2100 5881 In,
2135 5805 2291 5881 num.
2329 5808 2395 5863 15
2420 5814 2608 5863 textus
2637 5805 2731 5862 hic
2759 5806 3089 5881 explicatur.

1893 5882 1915 5915 δ
1944 5880 2141 5947 Laud,
2178 5880 2466 5937 verberum.
