  <div class='ocr_page' id='page_1' title='image "/cluster/home/n/w/nwhite01/storage/ocr_20150623/76/umn.31951002477369g/385.png"; bbox 0 0 3956 6400; ppageno 0'>
   <div class='ocr_carea' id='block_1_1' title="bbox 515 411 620 472">
    <p class='ocr_par' dir='ltr' id='par_1_1' title="bbox 515 411 620 472">
     <span class='ocr_line' id='line_1_1' title="bbox 515 411 620 472; baseline -0.019 0"><span class='ocrx_word' id='word_1_1' title='bbox 515 411 620 472; x_wconf 79' lang='lat'><strong>755</strong></span> 
     </span>
    </p>
   </div>
   <div class='ocr_carea' id='block_1_2' title="bbox 1725 405 2616 466">
    <p class='ocr_par' dir='ltr' id='par_1_2' title="bbox 1725 405 2616 466">
     <span class='ocr_line' id='line_1_2' title="bbox 1725 405 2616 466; baseline 0.002 -3"><span class='ocrx_word' id='word_1_2' title='bbox 1725 405 1974 464; x_wconf 80' lang='lat' dir='ltr'><strong>SANCTI</strong></span> <span class='ocrx_word' id='word_1_3' title='bbox 2011 407 2351 466; x_wconf 75' lang='lat' dir='ltr'><strong>GREGORII</strong></span> <span class='ocrx_word' id='word_1_4' title='bbox 2387 409 2616 466; x_wconf 85' lang='lat' dir='ltr'><strong>MAGNI</strong></span> 
     </span>
    </p>
   </div>
   <div class='ocr_carea' id='block_1_3' title="bbox 3753 407 3863 463">
    <p class='ocr_par' dir='ltr' id='par_1_3' title="bbox 3753 407 3863 463">
     <span class='ocr_line' id='line_1_3' title="bbox 3753 407 3863 463; baseline 0.009 -1"><span class='ocrx_word' id='word_1_5' title='bbox 3753 407 3863 463; x_wconf 81' lang='lat'><strong>756</strong></span> 
     </span>
    </p>
   </div>
   <div class='ocr_carea' id='block_1_4' title="bbox 515 515 3865 607">
    <p class='ocr_par' dir='ltr' id='par_1_4' title="bbox 515 515 3865 607">
     <span class='ocr_line' id='line_1_4' title="bbox 515 515 3865 607; baseline -0.001 -14"><span class='ocrx_word' id='word_1_6' title='bbox 515 535 833 593; x_wconf 80' lang='lat' dir='ltr'><strong>laudaverat</strong></span> <span class='ocrx_word' id='word_1_7' title='bbox 845 533 1060 590; x_wconf 84' lang='lat' dir='ltr'><strong>exstitit</strong></span> <span class='ocrx_word' id='word_1_8' title='bbox 1071 534 1218 606; x_wconf 89' lang='lat' dir='ltr'><strong>quod</strong></span> <span class='ocrx_word' id='word_1_9' title='bbox 1229 515 1570 607; x_wconf 79' lang='lat' dir='ltr'><strong>nequaquam</strong></span> <span class='ocrx_word' id='word_1_10' title='bbox 1580 535 1740 604; x_wconf 97' lang='lat' dir='ltr'><strong>juxta</strong></span> <span class='ocrx_word' id='word_1_11' title='bbox 1756 535 2110 589; x_wconf 81' lang='lat' dir='ltr'><strong>assertionem</strong></span> <span class='ocrx_word' id='word_1_12' title='bbox 2142 539 2192 597; x_wconf 83' lang='grc' dir='ltr'><strong>Α</strong></span> <span class='ocrx_word' id='word_1_13' title='bbox 2225 546 2340 591; x_wconf 89' lang='lat' dir='ltr'><strong>tum</strong></span> <span class='ocrx_word' id='word_1_14' title='bbox 2364 536 2482 590; x_wconf 84' lang='lat' dir='ltr'><strong>sine</strong></span> <span class='ocrx_word' id='word_1_15' title='bbox 2501 535 2862 592; x_wconf 85' lang='lat' dir='ltr'><strong>conversione</strong></span> <span class='ocrx_word' id='word_1_16' title='bbox 2873 532 3228 606; x_wconf 88' lang='lat' dir='ltr'><strong>derelinquit.</strong></span> <span class='ocrx_word' id='word_1_17' title='bbox 3247 532 3388 600; x_wconf 84' lang='lat' dir='ltr'><strong>Quia</strong></span> <span class='ocrx_word' id='word_1_18' title='bbox 3403 533 3558 588; x_wconf 88' lang='lat' dir='ltr'><strong>enim</strong></span> <span class='ocrx_word' id='word_1_19' title='bbox 3584 532 3865 588; x_wconf 86' lang='lat' dir='ltr'><strong>internus</strong></span> 
     </span>
    </p>
   </div>
   <div class='ocr_carea' id='block_1_5' title="bbox 515 625 2118 695">
    <p class='ocr_par' dir='ltr' id='par_1_5' title="bbox 515 625 2118 695">
     <span class='ocr_line' id='line_1_5' title="bbox 515 625 2118 695; baseline -0.003 -10"><span class='ocrx_word' id='word_1_20' title='bbox 515 626 723 685; x_wconf 88' lang='lat' dir='ltr'><strong>diaboli</strong></span> <span class='ocrx_word' id='word_1_21' title='bbox 753 633 974 682; x_wconf 86' lang='lat' dir='ltr'><strong>sanctus</strong></span> <span class='ocrx_word' id='word_1_22' title='bbox 999 625 1087 681; x_wconf 88' lang='lat' dir='ltr'><strong>vir</strong></span> <span class='ocrx_word' id='word_1_23' title='bbox 1113 627 1169 681; x_wconf 91' lang='lat' dir='ltr'><strong>in</strong></span> <span class='ocrx_word' id='word_1_24' title='bbox 1207 626 1613 682; x_wconf 85' lang='lat' dir='ltr'><strong>maledictionis</strong></span> <span class='ocrx_word' id='word_1_25' title='bbox 1642 626 1860 695; x_wconf 80' lang='lat' dir='ltr'>culpam</span> <span class='ocrx_word' id='word_1_26' title='bbox 1895 625 2118 680; x_wconf 88' lang='lat' dir='ltr'><strong>labere-</strong></span> 
     </span>
    </p>
   </div>
   <div class='ocr_carea' id='block_1_6' title="bbox 513 714 2114 786">
    <p class='ocr_par' dir='ltr' id='par_1_6' title="bbox 513 714 2114 786">
     <span class='ocr_line' id='line_1_6' title="bbox 513 714 2114 786; baseline -0.002 -13"><span class='ocrx_word' id='word_1_27' title='bbox 513 727 624 774; x_wconf 88' lang='lat' dir='ltr'><strong>tur.</strong></span> <span class='ocrx_word' id='word_1_28' title='bbox 650 716 804 772; x_wconf 85' lang='lat' dir='ltr'><strong>Sicut</strong></span> <span class='ocrx_word' id='word_1_29' title='bbox 823 731 950 785; x_wconf 90' lang='lat' dir='ltr'><strong>ergo</strong></span> <span class='ocrx_word' id='word_1_30' title='bbox 967 723 1018 770; x_wconf 91' lang='lat' dir='ltr'><strong>et</strong></span> <span class='ocrx_word' id='word_1_31' title='bbox 1039 717 1051 749; x_wconf 91' lang='grc'>¹</span> <span class='ocrx_word' id='word_1_32' title='bbox 1072 717 1326 786; x_wconf 86' lang='lat' dir='ltr'><strong>superius</strong></span> <span class='ocrx_word' id='word_1_33' title='bbox 1341 715 1606 780; x_wconf 79' lang='lat' dir='ltr'><strong>diximus,</strong></span> <span class='ocrx_word' id='word_1_34' title='bbox 1632 714 1880 786; x_wconf 80' lang='lat' dir='ltr'><strong>quisquis</strong></span> <span class='ocrx_word' id='word_1_35' title='bbox 1895 714 2114 769; x_wconf 85' lang='lat' dir='ltr'><strong>beatum</strong></span> 
     </span>
    </p>
   </div>
   <div class='ocr_carea' id='block_1_7' title="bbox 515 804 2114 876">
    <p class='ocr_par' dir='ltr' id='par_1_7' title="bbox 515 804 2114 876">
     <span class='ocr_line' id='line_1_7' title="bbox 515 804 2114 876; baseline -0.004 -12"><span class='ocrx_word' id='word_1_36' title='bbox 515 807 618 864; x_wconf 88' lang='lat' dir='ltr'><strong>Job</strong></span> <span class='ocrx_word' id='word_1_37' title='bbox 648 807 706 861; x_wconf 92' lang='lat' dir='ltr'><strong>in</strong></span> <span class='ocrx_word' id='word_1_38' title='bbox 737 805 1014 862; x_wconf 89' lang='lat' dir='ltr'><strong>locutione</strong></span> <span class='ocrx_word' id='word_1_39' title='bbox 1043 823 1140 862; x_wconf 88' lang='lat' dir='ltr'><strong>sua</strong></span> <span class='ocrx_word' id='word_1_40' title='bbox 1170 807 1405 861; x_wconf 65' lang='lat' dir='ltr'><strong>instituat</strong></span> <span class='ocrx_word' id='word_1_41' title='bbox 1433 811 1555 876; x_wconf 86' lang='lat' dir='ltr'><strong>post</strong></span> <span class='ocrx_word' id='word_1_42' title='bbox 1584 804 1799 872; x_wconf 78' lang='lat' dir='ltr'><strong>ﬂagella</strong></span> <span class='ocrx_word' id='word_1_43' title='bbox 1845 821 2114 875; x_wconf 75' lang='lat' dir='ltr'><strong>peccasse,</strong></span> 
     </span>
    </p>
   </div>
   <div class='ocr_carea' id='block_1_8' title="bbox 517 893 2118 968">
    <p class='ocr_par' dir='ltr' id='par_1_8' title="bbox 517 893 2118 968">
     <span class='ocr_line' id='line_1_8' title="bbox 517 893 2118 968; baseline -0.002 -17"><span class='ocrx_word' id='word_1_44' title='bbox 517 903 699 968; x_wconf 86' lang='lat' dir='ltr'><strong>aperte</strong></span> <span class='ocrx_word' id='word_1_45' title='bbox 728 895 1026 950; x_wconf 87' lang='lat' dir='ltr'><strong>Dominum</strong></span> <span class='ocrx_word' id='word_1_46' title='bbox 1053 895 1267 965; x_wconf 88' lang='lat' dir='ltr'><strong>judicat</strong></span> <span class='ocrx_word' id='word_1_47' title='bbox 1297 896 1317 928; x_wconf 73' lang='grc'>³</span> <span class='ocrx_word' id='word_1_48' title='bbox 1349 895 1406 948; x_wconf 92' lang='lat' dir='ltr'><strong>in</strong></span> <span class='ocrx_word' id='word_1_49' title='bbox 1433 911 1529 949; x_wconf 89' lang='lat' dir='ltr'><strong>sua</strong></span> <span class='ocrx_word' id='word_1_50' title='bbox 1577 893 1876 948; x_wconf 78' lang='lat' dir='ltr'><strong>assertione</strong></span> <span class='ocrx_word' id='word_1_51' title='bbox 1925 893 2118 964; x_wconf 86' lang='lat' dir='ltr'><strong>pcrdi—</strong></span> 
     </span>
    </p>
   </div>
   <div class='ocr_carea' id='block_1_9' title="bbox 517 982 2114 1056">
    <p class='ocr_par' dir='ltr' id='par_1_9' title="bbox 517 982 2114 1056">
     <span class='ocr_line' id='line_1_9' title="bbox 517 982 2114 1056; baseline -0.003 -13"><span class='ocrx_word' id='word_1_52' title='bbox 517 988 683 1043; x_wconf 84' lang='lat' dir='ltr'><strong>disse.</strong></span> <span class='ocrx_word' id='word_1_53' title='bbox 715 987 786 1040; x_wconf 88' lang='lat' dir='ltr'><strong>Et</strong></span> <span class='ocrx_word' id='word_1_54' title='bbox 815 985 1067 1056; x_wconf 83' lang='lat' dir='ltr'><strong>quamvis</strong></span> <span class='ocrx_word' id='word_1_55' title='bbox 1112 985 1382 1039; x_wconf 87' lang='lat' dir='ltr'>Dominus</span> <span class='ocrx_word' id='word_1_56' title='bbox 1429 983 1495 1038; x_wconf 89' lang='lat' dir='ltr'><strong>ad</strong></span> <span class='ocrx_word' id='word_1_57' title='bbox 1542 982 1822 1038; x_wconf 89' lang='lat' dir='ltr'><strong>diabolum</strong></span> <span class='ocrx_word' id='word_1_58' title='bbox 1867 985 2114 1056; x_wconf 90' lang='lat' dir='ltr'><strong>loquens,</strong></span> 
     </span>
    </p>
   </div>
   <div class='ocr_carea' id='block_1_10' title="bbox 517 1073 2118 1147">
    <p class='ocr_par' dir='ltr' id='par_1_10' title="bbox 517 1073 2118 1147">
     <span class='ocr_line' id='line_1_10' title="bbox 517 1073 2118 1147; baseline -0.003 -14"><span class='ocrx_word' id='word_1_59' title='bbox 517 1078 663 1133; x_wconf 86' lang='lat' dir='ltr'><strong>bona</strong></span> <span class='ocrx_word' id='word_1_60' title='bbox 694 1075 844 1130; x_wconf 90' lang='lat' dir='ltr'><strong>illius</strong></span> <span class='ocrx_word' id='word_1_61' title='bbox 875 1074 1163 1147; x_wconf 64' lang='lat' dir='ltr'><strong>praesentia</strong></span> <span class='ocrx_word' id='word_1_62' title='bbox 1194 1073 1456 1144; x_wconf 65' lang='lat' dir='ltr'><strong>praetulit,</strong></span> <span class='ocrx_word' id='word_1_63' title='bbox 1491 1090 1601 1128; x_wconf 89' lang='lat' dir='ltr'>non</span> <span class='ocrx_word' id='word_1_64' title='bbox 1637 1082 1818 1128; x_wconf 89' lang='lat' dir='ltr'><strong>autem</strong></span> <span class='ocrx_word' id='word_1_65' title='bbox 1848 1073 1967 1144; x_wconf 90' lang='lat' dir='ltr'><strong>ejus</strong></span> <span class='ocrx_word' id='word_1_66' title='bbox 2000 1091 2118 1145; x_wconf 87' lang='lat' dir='ltr'><strong>per-</strong></span> 
     </span>
    </p>
   </div>
   <div class='ocr_carea' id='block_1_11' title="bbox 519 1162 2118 1235">
    <p class='ocr_par' dir='ltr' id='par_1_11' title="bbox 519 1162 2118 1235">
     <span class='ocr_line' id='line_1_11' title="bbox 519 1162 2118 1235; baseline -0.003 -13"><span class='ocrx_word' id='word_1_67' title='bbox 519 1163 882 1222; x_wconf 89' lang='lat' dir='ltr'><strong>severantiam</strong></span> <span class='ocrx_word' id='word_1_68' title='bbox 906 1163 1221 1235; x_wconf 79' lang='lat' dir='ltr'>spopondit,</span> <span class='ocrx_word' id='word_1_69' title='bbox 1245 1162 1530 1219; x_wconf 84' lang='lat' dir='ltr'><strong>sciendum</strong></span> <span class='ocrx_word' id='word_1_70' title='bbox 1553 1173 1735 1218; x_wconf 89' lang='lat' dir='ltr'><strong>tamen</strong></span> <span class='ocrx_word' id='word_1_71' title='bbox 1765 1171 1847 1218; x_wconf 85' lang='lat' dir='ltr'><strong>est</strong></span> <span class='ocrx_word' id='word_1_72' title='bbox 1877 1164 2005 1235; x_wconf 87' lang='lat' dir='ltr'><strong>quia</strong></span> <span class='ocrx_word' id='word_1_73' title='bbox 2027 1178 2118 1217; x_wconf 83' lang='lat' dir='ltr'><strong>ne-</strong></span> 
     </span>
    </p>
   </div>
   <div class='ocr_carea' id='block_1_12' title="bbox 522 1251 2118 1328">
    <p class='ocr_par' dir='ltr' id='par_1_12' title="bbox 522 1251 2118 1328">
     <span class='ocr_line' id='line_1_12' title="bbox 522 1251 2118 1328; baseline -0.003 -18"><span class='ocrx_word' id='word_1_74' title='bbox 522 1270 794 1328; x_wconf 88' lang='lat' dir='ltr'><strong>quaquam</strong></span> <span class='ocrx_word' id='word_1_75' title='bbox 821 1251 938 1323; x_wconf 85' lang='lat' dir='ltr'><strong>ejus</strong></span> <span class='ocrx_word' id='word_1_76' title='bbox 962 1252 1235 1325; x_wconf 70' lang='lat' dir='ltr'><strong>justitiam</strong></span> <span class='ocrx_word' id='word_1_77' title='bbox 1265 1251 1636 1324; x_wconf 89' lang='lat' dir='ltr'><strong>permittendo</strong></span> <span class='ocrx_word' id='word_1_78' title='bbox 1659 1255 1678 1286; x_wconf 85' lang='grc'><strong>³</strong></span> <span class='ocrx_word' id='word_1_79' title='bbox 1700 1253 1892 1306; x_wconf 85' lang='lat' dir='ltr'><strong>tentari</strong></span> <span class='ocrx_word' id='word_1_80' title='bbox 1923 1259 2118 1322; x_wconf 56' lang='lat' dir='ltr'><strong>prtetu-</strong></span> 
     </span>
    </p>
   </div>
   <div class='ocr_carea' id='block_1_13' title="bbox 524 1340 2118 1414">
    <p class='ocr_par' dir='ltr' id='par_1_13' title="bbox 524 1340 2118 1414">
     <span class='ocr_line' id='line_1_13' title="bbox 524 1340 2118 1414; baseline -0.005 -13"><span class='ocrx_word' id='word_1_81' title='bbox 524 1346 696 1412; x_wconf 90' lang='lat' dir='ltr'><strong>lisset,</strong></span> <span class='ocrx_word' id='word_1_82' title='bbox 725 1345 771 1399; x_wconf 91' lang='lat' dir='ltr'><strong>si</strong></span> <span class='ocrx_word' id='word_1_83' title='bbox 797 1360 924 1400; x_wconf 89' lang='lat' dir='ltr'><strong>eum</strong></span> <span class='ocrx_word' id='word_1_84' title='bbox 964 1342 1177 1414; x_wconf 87' lang='lat' dir='ltr'><strong>justum</strong></span> <span class='ocrx_word' id='word_1_85' title='bbox 1225 1342 1283 1396; x_wconf 93' lang='lat' dir='ltr'><strong>in</strong></span> <span class='ocrx_word' id='word_1_86' title='bbox 1327 1340 1628 1396; x_wconf 84' lang='lat' dir='ltr'><strong>tentatione</strong></span> <span class='ocrx_word' id='word_1_87' title='bbox 1671 1341 1960 1412; x_wconf 81' lang='lat' dir='ltr'><strong>persistere</strong></span> <span class='ocrx_word' id='word_1_88' title='bbox 2008 1357 2118 1394; x_wconf 90' lang='lat' dir='ltr'><strong>non</strong></span> 
     </span>
    </p>
   </div>
   <div class='ocr_carea' id='block_1_14' title="bbox 522 1430 2120 1508">
    <p class='ocr_par' dir='ltr' id='par_1_14' title="bbox 522 1430 2120 1508">
     <span class='ocr_line' id='line_1_14' title="bbox 522 1430 2120 1508; baseline -0.002 -18"><span class='ocrx_word' id='word_1_89' title='bbox 522 1453 678 1508; x_wconf 88' lang='lat' dir='ltr'><strong>posse</strong></span> <span class='ocrx_word' id='word_1_90' title='bbox 709 1434 1052 1506; x_wconf 59' lang='lat' dir='ltr'><strong>praevideret.</strong></span> <span class='ocrx_word' id='word_1_91' title='bbox 1085 1433 1360 1488; x_wconf 89' lang='lat' dir='ltr'><strong>Permisso</strong></span> <span class='ocrx_word' id='word_1_92' title='bbox 1386 1431 1569 1504; x_wconf 88' lang='lat' dir='ltr'><strong>itaque</strong></span> <span class='ocrx_word' id='word_1_93' title='bbox 1599 1432 1870 1486; x_wconf 84' lang='lat' dir='ltr'><strong>divinitus</strong></span> <span class='ocrx_word' id='word_1_94' title='bbox 1903 1433 1955 1486; x_wconf 91' lang='lat' dir='ltr'><strong>in</strong></span> <span class='ocrx_word' id='word_1_95' title='bbox 2002 1430 2120 1502; x_wconf 87' lang='lat' dir='ltr'><strong>ejus</strong></span> 
     </span>
    </p>
   </div>
   <div class='ocr_carea' id='block_1_15' title="bbox 523 1521 2120 1594">
    <p class='ocr_par' dir='ltr' id='par_1_15' title="bbox 523 1521 2120 1594">
     <span class='ocr_line' id='line_1_15' title="bbox 523 1521 2120 1594; baseline -0.003 -14"><span class='ocrx_word' id='word_1_96' title='bbox 523 1525 824 1581; x_wconf 88' lang='lat' dir='ltr'><strong>tentatione</strong></span> <span class='ocrx_word' id='word_1_97' title='bbox 854 1523 1095 1589; x_wconf 86' lang='lat' dir='ltr'>diabolo,</span> <span class='ocrx_word' id='word_1_98' title='bbox 1119 1521 1370 1594; x_wconf 88' lang='lat' dir='ltr'><strong>quisquis</strong></span> <span class='ocrx_word' id='word_1_99' title='bbox 1391 1537 1514 1576; x_wconf 90' lang='lat' dir='ltr'><strong>eum</strong></span> <span class='ocrx_word' id='word_1_100' title='bbox 1539 1522 1595 1576; x_wconf 93' lang='lat' dir='ltr'><strong>in</strong></span> <span class='ocrx_word' id='word_1_101' title='bbox 1614 1521 1916 1576; x_wconf 90' lang='lat' dir='ltr'><strong>tentatione</strong></span> <span class='ocrx_word' id='word_1_102' title='bbox 1931 1537 2120 1576; x_wconf 87' lang='lat' dir='ltr'><strong>succu-</strong></span> 
     </span>
    </p>
   </div>
   <div class='ocr_carea' id='block_1_16' title="bbox 522 1611 2118 1682">
    <p class='ocr_par' dir='ltr' id='par_1_16' title="bbox 522 1611 2118 1682">
     <span class='ocr_line' id='line_1_16' title="bbox 522 1611 2118 1682; baseline -0.003 -12"><span class='ocrx_word' id='word_1_103' title='bbox 522 1613 708 1670; x_wconf 91' lang='lat' dir='ltr'><strong>buisse</strong></span> <span class='ocrx_word' id='word_1_104' title='bbox 736 1613 1036 1680; x_wconf 80' lang='lat' dir='ltr'><strong>existimat,</strong></span> <span class='ocrx_word' id='word_1_105' title='bbox 1071 1611 1436 1682; x_wconf 79' lang='lat' dir='ltr'><strong>ignorantiam</strong></span> <span class='ocrx_word' id='word_1_106' title='bbox 1466 1611 1837 1682; x_wconf 77' lang='lat' dir='ltr'><strong>permittentis</strong></span> <span class='ocrx_word' id='word_1_107' title='bbox 1879 1618 2118 1665; x_wconf 85' lang='lat' dir='ltr'><strong>accusat.</strong></span> 
     </span>
    </p>
   </div>
   <div class='ocr_carea' id='block_1_17' title="bbox 597 1700 2124 1772">
    <p class='ocr_par' dir='ltr' id='par_1_17' title="bbox 597 1700 2124 1772">
     <span class='ocr_line' id='line_1_17' title="bbox 597 1700 2124 1772; baseline -0.005 -12"><span class='ocrx_word' id='word_1_108' title='bbox 597 1705 683 1760; x_wconf 85' lang='grc'><strong>10.</strong></span> <span class='ocrx_word' id='word_1_109' title='bbox 703 1703 830 1758; x_wconf 83' lang='lat' dir='ltr'><strong>Alia</strong></span> <span class='ocrx_word' id='word_1_110' title='bbox 847 1703 966 1770; x_wconf 89' lang='lat' dir='ltr'><strong>De-i,</strong></span> <span class='ocrx_word' id='word_1_111' title='bbox 987 1703 1099 1756; x_wconf 86' lang='lat' dir='ltr'><strong>alia</strong></span> <span class='ocrx_word' id='word_1_112' title='bbox 1117 1703 1386 1756; x_wconf 81' lang='lat' dir='ltr'><strong>hominum</strong></span> <span class='ocrx_word' id='word_1_113' title='bbox 1397 1701 1627 1770; x_wconf 85' lang='lat' dir='ltr'><strong>judicia.</strong></span> <span class='ocrx_word' id='word_1_114' title='bbox 1647 1731 1718 1744; x_wconf 92' lang='lat'><strong>—-</strong></span> <span class='ocrx_word' id='word_1_115' title='bbox 1741 1700 2124 1772; x_wconf 84' lang='lat' dir='ltr'><strong>Approbemus</strong></span> 
     </span>
    </p>
   </div>
   <div class='ocr_carea' id='block_1_18' title="bbox 525 1791 2125 1865">
    <p class='ocr_par' dir='ltr' id='par_1_18' title="bbox 525 1791 2125 1865">
     <span class='ocr_line' id='line_1_18' title="bbox 525 1791 2125 1865; baseline -0.003 -15"><span class='ocrx_word' id='word_1_116' title='bbox 525 1795 697 1865; x_wconf 78' lang='lat' dir='ltr'><strong>igitur</strong></span> <span class='ocrx_word' id='word_1_117' title='bbox 724 1794 783 1848; x_wconf 91' lang='lat' dir='ltr'><strong>in</strong></span> <span class='ocrx_word' id='word_1_118' title='bbox 813 1792 977 1848; x_wconf 89' lang='lat' dir='ltr'><strong>dictis</strong></span> <span class='ocrx_word' id='word_1_119' title='bbox 1007 1792 1122 1846; x_wconf 85' lang='lat' dir='ltr'><strong>suis</strong></span> <span class='ocrx_word' id='word_1_120' title='bbox 1151 1791 1419 1845; x_wconf 85' lang='lat' dir='ltr'><strong>veraciter</strong></span> <span class='ocrx_word' id='word_1_121' title='bbox 1451 1791 1572 1859; x_wconf 88' lang='lat' dir='ltr'><strong>Job,</strong></span> <span class='ocrx_word' id='word_1_122' title='bbox 1605 1807 1674 1845; x_wconf 88' lang='lat' dir='ltr'><strong>ne</strong></span> <span class='ocrx_word' id='word_1_123' title='bbox 1703 1793 1877 1845; x_wconf 92' lang='lat' dir='ltr'><strong>Deum</strong></span> <span class='ocrx_word' id='word_1_124' title='bbox 1919 1791 1978 1845; x_wconf 91' lang='lat' dir='ltr'><strong>in</strong></span> <span class='ocrx_word' id='word_1_125' title='bbox 2028 1806 2125 1846; x_wconf 90' lang='lat' dir='ltr'><strong>sua</strong></span> 
     </span>
    </p>
   </div>
   <div class='ocr_carea' id='block_1_19' title="bbox 2225 621 3866 696">
    <p class='ocr_par' dir='ltr' id='par_1_19' title="bbox 2225 621 3866 696">
     <span class='ocr_line' id='line_1_19' title="bbox 2225 621 3866 696; baseline -0.001 -15"><span class='ocrx_word' id='word_1_126' title='bbox 2225 634 2305 681; x_wconf 89' lang='lat' dir='ltr'><strong>est</strong></span> <span class='ocrx_word' id='word_1_127' title='bbox 2335 626 2602 692; x_wconf 88' lang='lat' dir='ltr'><strong>medicus,</strong></span> <span class='ocrx_word' id='word_1_128' title='bbox 2635 625 2813 696; x_wconf 87' lang='lat' dir='ltr'><strong>primo</strong></span> <span class='ocrx_word' id='word_1_129' title='bbox 2844 621 3192 694; x_wconf 90' lang='lat' dir='ltr'><strong>putredinem</strong></span> <span class='ocrx_word' id='word_1_130' title='bbox 3215 622 3466 677; x_wconf 84' lang='lat' dir='ltr'><strong>vulneris</strong></span> <span class='ocrx_word' id='word_1_131' title='bbox 3493 623 3791 690; x_wconf 89' lang='lat' dir='ltr'><strong>innotuit,</strong></span> <span class='ocrx_word' id='word_1_132' title='bbox 3809 631 3866 679; x_wconf 82' lang='lat' dir='ltr'><strong>et</strong></span> 
     </span>
    </p>
   </div>
   <div class='ocr_carea' id='block_1_20' title="bbox 2226 709 3866 786">
    <p class='ocr_par' dir='ltr' id='par_1_20' title="bbox 2226 709 3866 786">
     <span class='ocr_line' id='line_1_20' title="bbox 2226 709 3866 786; baseline -0.001 -19"><span class='ocrx_word' id='word_1_133' title='bbox 2226 723 2348 786; x_wconf 89' lang='lat' dir='ltr'><strong>post</strong></span> <span class='ocrx_word' id='word_1_134' title='bbox 2379 714 2621 768; x_wconf 90' lang='lat' dir='ltr'><strong>remedia</strong></span> <span class='ocrx_word' id='word_1_135' title='bbox 2649 710 3044 782; x_wconf 72' lang='lat' dir='ltr'><strong>consequendze</strong></span> <span class='ocrx_word' id='word_1_136' title='bbox 3075 709 3270 764; x_wconf 91' lang='lat' dir='ltr'><strong>salutis</strong></span> <span class='ocrx_word' id='word_1_137' title='bbox 3319 709 3621 766; x_wconf 89' lang='lat' dir='ltr'><strong>indicavit.</strong></span> <span class='ocrx_word' id='word_1_138' title='bbox 3655 713 3678 744; x_wconf 74' lang='grc' dir='ltr'><strong>δ</strong></span> <span class='ocrx_word' id='word_1_139' title='bbox 3701 711 3866 782; x_wconf 72' lang='lat' dir='ltr'><strong>Saepe</strong></span> 
     </span>
    </p>
   </div>
   <div class='ocr_carea' id='block_1_21' title="bbox 2226 801 3862 875">
    <p class='ocr_par' dir='ltr' id='par_1_21' title="bbox 2226 801 3862 875">
     <span class='ocr_line' id='line_1_21' title="bbox 2226 801 3862 875; baseline -0.001 -16"><span class='ocrx_word' id='word_1_140' title='bbox 2226 814 2405 859; x_wconf 68' lang='lat' dir='ltr'><strong>autem</strong></span> <span class='ocrx_word' id='word_1_141' title='bbox 2417 804 2530 875; x_wconf 90' lang='lat' dir='ltr'><strong>jam</strong></span> <span class='ocrx_word' id='word_1_142' title='bbox 2545 804 2792 858; x_wconf 83' lang='lat' dir='ltr'><strong>diximus</strong></span> <span class='ocrx_word' id='word_1_143' title='bbox 2805 803 2950 875; x_wconf 87' lang='lat' dir='ltr'><strong>quod</strong></span> <span class='ocrx_word' id='word_1_144' title='bbox 2962 801 3284 858; x_wconf 77' lang='lat' dir='ltr'><strong>amicibeati</strong></span> <span class='ocrx_word' id='word_1_145' title='bbox 3314 801 3416 857; x_wconf 86' lang='lat' dir='ltr'><strong>Job</strong></span> <span class='ocrx_word' id='word_1_146' title='bbox 3439 801 3862 858; x_wconf 73' lang='lat' dir='ltr'><strong>haereticorum</strong></span> 
     </span>
    </p>
   </div>
   <div class='ocr_carea' id='block_1_22' title="bbox 2227 892 3867 968">
    <p class='ocr_par' dir='ltr' id='par_1_22' title="bbox 2227 892 3867 968">
     <span class='ocr_line' id='line_1_22' title="bbox 2227 892 3867 968; baseline -0.004 -17"><span class='ocrx_word' id='word_1_147' title='bbox 2227 898 2460 968; x_wconf 82' lang='lat' dir='ltr'><strong>speciem</strong></span> <span class='ocrx_word' id='word_1_148' title='bbox 2497 903 2732 963; x_wconf 87' lang='lat' dir='ltr'><strong>teneant,</strong></span> <span class='ocrx_word' id='word_1_149' title='bbox 2767 895 2860 968; x_wconf 90' lang='lat' dir='ltr'><strong>qui</strong></span> <span class='ocrx_word' id='word_1_150' title='bbox 2892 897 3065 950; x_wconf 88' lang='lat' dir='ltr'><strong>Deum</strong></span> <span class='ocrx_word' id='word_1_151' title='bbox 3097 893 3228 948; x_wconf 91' lang='lat' dir='ltr'><strong>dum</strong></span> <span class='ocrx_word' id='word_1_152' title='bbox 3252 893 3549 948; x_wconf 86' lang='lat' dir='ltr'><strong>defendere</strong></span> <span class='ocrx_word' id='word_1_153' title='bbox 3582 892 3867 947; x_wconf 86' lang='lat' dir='ltr'><strong>nituntur</strong></span> 
     </span>
    </p>
   </div>
   <div class='ocr_carea' id='block_1_23' title="bbox 2228 981 3861 1058">
    <p class='ocr_par' dir='ltr' id='par_1_23' title="bbox 2228 981 3861 1058">
     <span class='ocr_line' id='line_1_23' title="bbox 2228 981 3861 1058; baseline -0.002 -18"><span class='ocrx_word' id='word_1_154' title='bbox 2228 986 2535 1053; x_wconf 80' lang='lat' dir='ltr'><strong>oll&#39;endunt,</strong></span> <span class='ocrx_word' id='word_1_155' title='bbox 2567 987 2826 1058; x_wconf 86' lang='lat' dir='ltr'><strong>quoniam</strong></span> <span class='ocrx_word' id='word_1_156' title='bbox 2862 986 2914 1039; x_wconf 92' lang='lat' dir='ltr'><strong>in</strong></span> <span class='ocrx_word' id='word_1_157' title='bbox 2947 985 3110 1039; x_wconf 88' lang='lat' dir='ltr'><strong>dictis</strong></span> <span class='ocrx_word' id='word_1_158' title='bbox 3141 984 3274 1039; x_wconf 88' lang='lat' dir='ltr'><strong>-suis</strong></span> <span class='ocrx_word' id='word_1_159' title='bbox 3324 981 3553 1037; x_wconf 76' lang='lat' dir='ltr'><strong>veritati</strong></span> <span class='ocrx_word' id='word_1_160' title='bbox 3601 981 3861 1036; x_wconf 87' lang='lat' dir='ltr'><strong>rebelles</strong></span> 
     </span>
    </p>
   </div>
   <div class='ocr_carea' id='block_1_24' title="bbox 2229 1071 3858 1142">
    <p class='ocr_par' dir='ltr' id='par_1_24' title="bbox 2229 1071 3858 1142">
     <span class='ocr_line' id='line_1_24' title="bbox 2229 1071 3858 1142; baseline -0.004 -13"><span class='ocrx_word' id='word_1_161' title='bbox 2229 1083 2378 1141; x_wconf 87' lang='lat' dir='ltr'><strong>sunt,</strong></span> <span class='ocrx_word' id='word_1_162' title='bbox 2411 1074 2500 1130; x_wconf 90' lang='lat' dir='ltr'><strong>cui</strong></span> <span class='ocrx_word' id='word_1_163' title='bbox 2533 1073 2788 1128; x_wconf 87' lang='lat' dir='ltr'><strong>famulari</strong></span> <span class='ocrx_word' id='word_1_164' title='bbox 2813 1074 2939 1128; x_wconf 88' lang='lat' dir='ltr'><strong>sein</strong></span> <span class='ocrx_word' id='word_1_165' title='bbox 2961 1074 3096 1126; x_wconf 86' lang='lat' dir='ltr'><strong>falsa</strong></span> <span class='ocrx_word' id='word_1_166' title='bbox 3125 1071 3428 1126; x_wconf 88' lang='lat' dir='ltr'><strong>assertione</strong></span> <span class='ocrx_word' id='word_1_167' title='bbox 3453 1071 3858 1142; x_wconf 84' lang='lat' dir='ltr'><strong>suspicantur.</strong></span> 
     </span>
    </p>
   </div>
   <div class='ocr_carea' id='block_1_25' title="bbox 2228 1158 3860 1236">
    <p class='ocr_par' dir='ltr' id='par_1_25' title="bbox 2228 1158 3860 1236">
     <span class='ocr_line' id='line_1_25' title="bbox 2228 1158 3860 1236; baseline -0.004 -18"><span class='ocrx_word' id='word_1_168' title='bbox 2228 1164 2371 1232; x_wconf 85' lang='lat' dir='ltr'><strong>Quia</strong></span> <span class='ocrx_word' id='word_1_169' title='bbox 2417 1165 2588 1236; x_wconf 78' lang='lat' dir='ltr'><strong>igitur</strong></span> <span class='ocrx_word' id='word_1_170' title='bbox 2630 1164 2980 1235; x_wconf 88' lang='lat' dir='ltr'><strong>onmipotens</strong></span> <span class='ocrx_word' id='word_1_171' title='bbox 3023 1165 3170 1218; x_wconf 87' lang='lat' dir='ltr'><strong>Deus</strong></span> <span class='ocrx_word' id='word_1_172' title='bbox 3221 1177 3363 1232; x_wconf 78' lang='lat' dir='ltr'><strong>szepe</strong></span> <span class='ocrx_word' id='word_1_173' title='bbox 3420 1161 3553 1216; x_wconf 87' lang='lat' dir='ltr'><strong>illos</strong></span> <span class='ocrx_word' id='word_1_174' title='bbox 3620 1158 3860 1231; x_wconf 84' lang='lat' dir='ltr'><strong>corpori</strong></span> 
     </span>
    </p>
   </div>
   <div class='ocr_carea' id='block_1_26' title="bbox 2229 1250 3862 1324">
    <p class='ocr_par' dir='ltr' id='par_1_26' title="bbox 2229 1250 3862 1324">
     <span class='ocr_line' id='line_1_26' title="bbox 2229 1250 3862 1324; baseline -0.002 -16"><span class='ocrx_word' id='word_1_175' title='bbox 2229 1263 2427 1309; x_wconf 67' lang='lat' dir='ltr'><strong>sanctae</strong></span> <span class='ocrx_word' id='word_1_176' title='bbox 2462 1255 2719 1309; x_wconf 74' lang='lat' dir='ltr'><strong>Ecclesiae</strong></span> <span class='ocrx_word' id='word_1_177' title='bbox 2761 1269 2856 1324; x_wconf 86' lang='lat' dir='ltr'><strong>per</strong></span> <span class='ocrx_word' id='word_1_178' title='bbox 2885 1252 3256 1324; x_wconf 74' lang='lat' dir='ltr'><strong>cognitionem</strong></span> <span class='ocrx_word' id='word_1_179' title='bbox 3297 1251 3552 1306; x_wconf 85' lang='lat' dir='ltr'><strong>veritatis</strong></span> <span class='ocrx_word' id='word_1_180' title='bbox 3588 1250 3862 1305; x_wconf 82' lang='lat' dir='ltr'><strong>invisce—</strong></span> 
     </span>
    </p>
   </div>
   <div class='ocr_carea' id='block_1_27' title="bbox 2229 1340 3860 1414">
    <p class='ocr_par' dir='ltr' id='par_1_27' title="bbox 2229 1340 3860 1414">
     <span class='ocr_line' id='line_1_27' title="bbox 2229 1340 3860 1414; baseline -0.003 -16"><span class='ocrx_word' id='word_1_181' title='bbox 2229 1352 2332 1411; x_wconf 86' lang='lat' dir='ltr'><strong>rat,</strong></span> <span class='ocrx_word' id='word_1_182' title='bbox 2365 1343 2501 1398; x_wconf 87' lang='lat' dir='ltr'><strong>bene</strong></span> <span class='ocrx_word' id='word_1_183' title='bbox 2533 1344 2651 1414; x_wconf 87' lang='lat' dir='ltr'><strong>ipsa</strong></span> <span class='ocrx_word' id='word_1_184' title='bbox 2679 1359 2896 1414; x_wconf 86' lang='lat' dir='ltr'><strong>qucque</strong></span> <span class='ocrx_word' id='word_1_185' title='bbox 2943 1359 3133 1396; x_wconf 91' lang='lat' dir='ltr'><strong>eorum</strong></span> <span class='ocrx_word' id='word_1_186' title='bbox 3179 1340 3490 1408; x_wconf 88' lang='lat' dir='ltr'><strong>conversio,</strong></span> <span class='ocrx_word' id='word_1_187' title='bbox 3531 1356 3664 1412; x_wconf 61' lang='lat' dir='ltr'><strong>quas</strong></span> <span class='ocrx_word' id='word_1_188' title='bbox 3710 1355 3860 1408; x_wconf 69' lang='lat' dir='ltr'><strong>saepe</strong></span> 
     </span>
    </p>
   </div>
   <div class='ocr_carea' id='block_1_28' title="bbox 2230 1430 3859 1503">
    <p class='ocr_par' dir='ltr' id='par_1_28' title="bbox 2230 1430 3859 1503">
     <span class='ocr_line' id='line_1_28' title="bbox 2230 1430 3859 1503; baseline -0.001 -17"><span class='ocrx_word' id='word_1_189' title='bbox 2230 1433 2663 1488; x_wconf 87' lang='lat' dir='ltr'><strong>misericorditer</strong></span> <span class='ocrx_word' id='word_1_190' title='bbox 2692 1433 2892 1502; x_wconf 81' lang='lat' dir='ltr'><strong>agitur,</strong></span> <span class='ocrx_word' id='word_1_191' title='bbox 2925 1448 3021 1502; x_wconf 83' lang='lat' dir='ltr'><strong>per</strong></span> <span class='ocrx_word' id='word_1_192' title='bbox 3049 1431 3192 1487; x_wconf 89' lang='lat' dir='ltr'><strong>hanc</strong></span> <span class='ocrx_word' id='word_1_193' title='bbox 3220 1431 3441 1486; x_wconf 89' lang='lat' dir='ltr'><strong>veniam</strong></span> <span class='ocrx_word' id='word_1_194' title='bbox 3477 1447 3649 1503; x_wconf 86' lang='lat' dir='ltr'><strong>quam</strong></span> <span class='ocrx_word' id='word_1_195' title='bbox 3681 1430 3859 1485; x_wconf 86' lang='lat' dir='ltr'><strong>amici</strong></span> 
     </span>
    </p>
   </div>
   <div class='ocr_carea' id='block_1_29' title="bbox 2231 1522 3074 1594">
    <p class='ocr_par' dir='ltr' id='par_1_29' title="bbox 2231 1522 3074 1594">
     <span class='ocr_line' id='line_1_29' title="bbox 2231 1522 3074 1594; baseline -0.002 -16"><span class='ocrx_word' id='word_1_196' title='bbox 2231 1524 2332 1578; x_wconf 82' lang='lat' dir='ltr'><strong>Job</strong></span> <span class='ocrx_word' id='word_1_197' title='bbox 2353 1523 2664 1594; x_wconf 88' lang='lat' dir='ltr'><strong>percipiunt</strong></span> <span class='ocrx_word' id='word_1_198' title='bbox 2695 1522 3074 1592; x_wconf 78' lang='lat' dir='ltr'><strong>designantur.</strong></span> 
     </span>
    </p>
   </div>
   <div class='ocr_carea' id='block_1_30' title="bbox 2305 1609 3864 1683">
    <p class='ocr_par' dir='ltr' id='par_1_30' title="bbox 2305 1609 3864 1683">
     <span class='ocr_line' id='line_1_30' title="bbox 2305 1609 3864 1683; baseline -0.004 -15"><span class='ocrx_word' id='word_1_199' title='bbox 2305 1613 2390 1668; x_wconf 78' lang='lat' dir='ltr'><strong>l2.</strong></span> <span class='ocrx_word' id='word_1_200' title='bbox 2423 1613 2670 1667; x_wconf 79' lang='lat' dir='ltr'><strong>eretici</strong></span> <span class='ocrx_word' id='word_1_201' title='bbox 2694 1629 2793 1683; x_wconf 81' lang='lat' dir='ltr'><strong>per</strong></span> <span class='ocrx_word' id='word_1_202' title='bbox 2838 1612 3158 1682; x_wconf 81' lang='lat' dir='ltr'><strong>sacrificium</strong></span> <span class='ocrx_word' id='word_1_203' title='bbox 3200 1629 3234 1665; x_wconf 79' lang='grc' dir='ltr'><strong>τι</strong></span> <span class='ocrx_word' id='word_1_204' title='bbox 3281 1627 3334 1665; x_wconf 86' lang='lat' dir='ltr'><strong>se</strong></span> <span class='ocrx_word' id='word_1_205' title='bbox 3384 1610 3642 1678; x_wconf 89' lang='lat' dir='ltr'><strong>oblatum,</strong></span> <span class='ocrx_word' id='word_1_206' title='bbox 3677 1609 3864 1664; x_wconf 85' lang='lat' dir='ltr'><strong>Deum</strong></span> 
     </span>
    </p>
   </div>
   <div class='ocr_carea' id='block_1_31' title="bbox 2231 1704 3862 1778">
    <p class='ocr_par' dir='ltr' id='par_1_31' title="bbox 2231 1704 3862 1778">
     <span class='ocr_line' id='line_1_31' title="bbox 2231 1704 3862 1778; baseline -0.001 -18"><span class='ocrx_word' id='word_1_207' title='bbox 2231 1709 2446 1778; x_wconf 82' lang='lat' dir='ltr'><strong>placare</strong></span> <span class='ocrx_word' id='word_1_208' title='bbox 2475 1712 2751 1776; x_wconf 78' lang='lat' dir='ltr'><strong>nequ-eunt.</strong></span> <span class='ocrx_word' id='word_1_209' title='bbox 2785 1705 3139 1761; x_wconf 67' lang='lat' dir='ltr'><strong>Reconciliar-i</strong></span> <span class='ocrx_word' id='word_1_210' title='bbox 3177 1721 3283 1758; x_wconf 82' lang='lat' dir='ltr'><strong>non</strong></span> <span class='ocrx_word' id='word_1_211' title='bbox 3323 1711 3551 1775; x_wconf 87' lang='lat' dir='ltr'><strong>possunt</strong></span> <span class='ocrx_word' id='word_1_212' title='bbox 3591 1704 3709 1758; x_wconf 78' lang='lat' dir='ltr'><strong>nisi</strong></span> <span class='ocrx_word' id='word_1_213' title='bbox 3757 1723 3862 1776; x_wconf 80' lang='lat' dir='ltr'><strong>per</strong></span> 
     </span>
    </p>
   </div>
   <div class='ocr_carea' id='block_1_32' title="bbox 2233 1785 3859 1866">
    <p class='ocr_par' dir='ltr' id='par_1_32' title="bbox 2233 1785 3859 1866">
     <span class='ocr_line' id='line_1_32' title="bbox 2233 1785 3859 1866; baseline -0.002 -15"><span class='ocrx_word' id='word_1_214' title='bbox 2233 1796 2543 1851; x_wconf 70' lang='lat' dir='ltr'><strong>Ecclesium.</strong></span> <span class='ocrx_word' id='word_1_215' title='bbox 2566 1825 2636 1836; x_wconf 91' lang='lat'><strong><em>—</em></strong></span> <span class='ocrx_word' id='word_1_216' title='bbox 2663 1794 2977 1850; x_wconf 81' lang='lat' dir='ltr'><strong>Notandum</strong></span> <span class='ocrx_word' id='word_1_217' title='bbox 3008 1809 3141 1850; x_wconf 88' lang='lat' dir='ltr'><strong>vero</strong></span> <span class='ocrx_word' id='word_1_218' title='bbox 3188 1810 3519 1865; x_wconf 80' lang='lat' dir='ltr'><strong>magnopere</strong></span> <span class='ocrx_word' id='word_1_219' title='bbox 3563 1785 3666 1849; x_wconf 40' lang='lat' dir='ltr'><strong>est‘</strong></span> <span class='ocrx_word' id='word_1_220' title='bbox 3701 1793 3859 1866; x_wconf 86' lang='lat' dir='ltr'><strong>quod</strong></span> 
     </span>
    </p>
   </div>
   <div class='ocr_carea' id='block_1_33' title="bbox 525 1879 3862 1960">
    <p class='ocr_par' dir='ltr' id='par_1_33' title="bbox 525 1879 3862 1960">
     <span class='ocr_line' id='line_1_33' title="bbox 525 1879 3862 1960; baseline 0.001 -26"><span class='ocrx_word' id='word_1_221' title='bbox 525 1880 877 1952; x_wconf 85' lang='lat' dir='ltr'><strong>providentia</strong></span> <span class='ocrx_word' id='word_1_222' title='bbox 892 1881 1144 1951; x_wconf 87' lang='lat' dir='ltr'><strong>nequiter</strong></span> <span class='ocrx_word' id='word_1_223' title='bbox 1166 1895 1501 1934; x_wconf 85' lang='lat' dir='ltr'><strong>accusemus.</strong></span> <span class='ocrx_word' id='word_1_224' title='bbox 1518 1881 1589 1934; x_wconf 90' lang='lat' dir='ltr'><strong>Et</strong></span> <span class='ocrx_word' id='word_1_225' title='bbox 1610 1879 1832 1951; x_wconf 89' lang='lat' dir='ltr'><strong>quidem</strong></span> <span class='ocrx_word' id='word_1_226' title='bbox 1854 1887 2121 1951; x_wconf 88' lang='lat' dir='ltr'><strong>quantum</strong></span> <span class='ocrx_word' id='word_1_227' title='bbox 2153 1901 2199 1960; x_wconf 83' lang='lat' dir='ltr'><strong>B</strong></span> <span class='ocrx_word' id='word_1_228' title='bbox 2233 1885 2612 1943; x_wconf 73' lang='lat' dir='ltr'><strong>conversionis</strong></span> <span class='ocrx_word' id='word_1_229' title='bbox 2632 1901 2742 1939; x_wconf 71' lang='lat' dir='ltr'><strong>suae</strong></span> <span class='ocrx_word' id='word_1_230' title='bbox 2762 1884 3094 1940; x_wconf 85' lang='lat' dir='ltr'><strong>sacriﬁcium</strong></span> <span class='ocrx_word' id='word_1_231' title='bbox 3113 1884 3352 1940; x_wconf 90' lang='lat' dir='ltr'><strong>Domino</strong></span> <span class='ocrx_word' id='word_1_232' title='bbox 3381 1900 3495 1939; x_wconf 90' lang='lat' dir='ltr'><strong>non</strong></span> <span class='ocrx_word' id='word_1_233' title='bbox 3525 1900 3622 1956; x_wconf 86' lang='lat' dir='ltr'><strong>per</strong></span> <span class='ocrx_word' id='word_1_234' title='bbox 3653 1900 3738 1952; x_wconf 89' lang='lat' dir='ltr'><strong>se,</strong></span> <span class='ocrx_word' id='word_1_235' title='bbox 3760 1884 3862 1938; x_wconf 89' lang='lat' dir='ltr'><strong>sed</strong></span> 
     </span>
    </p>
   </div>
   <div class='ocr_carea' id='block_1_34' title="bbox 526 1969 2127 2040">
    <p class='ocr_par' dir='ltr' id='par_1_34' title="bbox 526 1969 2127 2040">
     <span class='ocr_line' id='line_1_34' title="bbox 526 1969 2127 2040; baseline 0 -14"><span class='ocrx_word' id='word_1_236' title='bbox 526 1971 596 2026; x_wconf 84' lang='lat' dir='ltr'><strong>ad</strong></span> <span class='ocrx_word' id='word_1_237' title='bbox 626 1971 869 2025; x_wconf 88' lang='lat' dir='ltr'><strong>humana</strong></span> <span class='ocrx_word' id='word_1_238' title='bbox 892 1969 1123 2040; x_wconf 90' lang='lat' dir='ltr'><strong>judicia,</strong></span> <span class='ocrx_word' id='word_1_239' title='bbox 1155 1970 1212 2026; x_wconf 92' lang='lat' dir='ltr'><strong>in</strong></span> <span class='ocrx_word' id='word_1_240' title='bbox 1243 1969 1426 2025; x_wconf 90' lang='lat' dir='ltr'><strong>verbis</strong></span> <span class='ocrx_word' id='word_1_241' title='bbox 1471 1970 1584 2024; x_wconf 88' lang='lat' dir='ltr'><strong>suis</strong></span> <span class='ocrx_word' id='word_1_242' title='bbox 1611 1970 1773 2025; x_wconf 86' lang='lat' dir='ltr'><strong>amici</strong></span> <span class='ocrx_word' id='word_1_243' title='bbox 1805 1969 1921 2040; x_wconf 88' lang='lat' dir='ltr'><strong>ejus</strong></span> <span class='ocrx_word' id='word_1_244' title='bbox 1952 1972 2127 2026; x_wconf 88' lang='lat' dir='ltr'><strong>multa</strong></span> 
     </span>
    </p>
   </div>
   <div class='ocr_carea' id='block_1_35' title="bbox 527 2059 2125 2126">
    <p class='ocr_par' dir='ltr' id='par_1_35' title="bbox 527 2059 2125 2126">
     <span class='ocr_line' id='line_1_35' title="bbox 527 2059 2125 2126; baseline -0.003 -8"><span class='ocrx_word' id='word_1_245' title='bbox 527 2063 626 2118; x_wconf 86' lang='lat' dir='ltr'><strong>illo</strong></span> <span class='ocrx_word' id='word_1_246' title='bbox 652 2061 855 2117; x_wconf 88' lang='lat' dir='ltr'><strong>rectius</strong></span> <span class='ocrx_word' id='word_1_247' title='bbox 885 2060 1089 2116; x_wconf 83' lang='lat' dir='ltr'><strong>dixisse</strong></span> <span class='ocrx_word' id='word_1_248' title='bbox 1109 2059 1493 2126; x_wconf 84' lang='lat' dir='ltr'><strong>crederentur;</strong></span> <span class='ocrx_word' id='word_1_249' title='bbox 1527 2059 1621 2115; x_wconf 87' lang='lat' dir='ltr'><strong>sed</strong></span> <span class='ocrx_word' id='word_1_250' title='bbox 1646 2059 1848 2115; x_wconf 86' lang='lat' dir='ltr'><strong>veritas</strong></span> <span class='ocrx_word' id='word_1_251' title='bbox 1869 2059 2031 2114; x_wconf 89' lang='lat' dir='ltr'><strong>aliam</strong></span> <span class='ocrx_word' id='word_1_252' title='bbox 2057 2077 2125 2114; x_wconf 89' lang='lat' dir='ltr'><strong>ex</strong></span> 
     </span>
    </p>
   </div>
   <div class='ocr_carea' id='block_1_36' title="bbox 528 2150 2128 2222">
    <p class='ocr_par' dir='ltr' id='par_1_36' title="bbox 528 2150 2128 2222">
     <span class='ocr_line' id='line_1_36' title="bbox 528 2150 2128 2222; baseline -0.001 -14"><span class='ocrx_word' id='word_1_253' title='bbox 528 2153 747 2208; x_wconf 89' lang='lat' dir='ltr'><strong>occulto</strong></span> <span class='ocrx_word' id='word_1_254' title='bbox 774 2151 1017 2222; x_wconf 85' lang='lat' dir='ltr'><strong>regulam</strong></span> <span class='ocrx_word' id='word_1_255' title='bbox 1049 2150 1349 2221; x_wconf 88' lang='lat' dir='ltr'><strong>proferens,</strong></span> <span class='ocrx_word' id='word_1_256' title='bbox 1377 2150 1456 2204; x_wconf 91' lang='lat' dir='ltr'><strong>ait</strong></span> <span class='ocrx_word' id='word_1_257' title='bbox 1485 2167 1496 2206; x_wconf 91' lang='lat'>:</span> <span class='ocrx_word' id='word_1_258' title='bbox 1527 2151 1648 2207; x_wconf 85' lang='lat' dir='ltr'><strong>Non</strong></span> <span class='ocrx_word' id='word_1_259' title='bbox 1686 2153 1805 2204; x_wconf 85' lang='lat' dir='ltr'><strong>estis</strong></span> <span class='ocrx_word' id='word_1_260' title='bbox 1837 2152 1996 2206; x_wconf 79' lang='lat' dir='ltr'><strong>locuti</strong></span> <span class='ocrx_word' id='word_1_261' title='bbox 2031 2168 2128 2206; x_wconf 78' lang='lat' dir='ltr'><strong>co-</strong></span> 
     </span>
    </p>
   </div>
   <div class='ocr_carea' id='block_1_37' title="bbox 528 2241 2124 2310">
    <p class='ocr_par' dir='ltr' id='par_1_37' title="bbox 528 2241 2124 2310">
     <span class='ocr_line' id='line_1_37' title="bbox 528 2241 2124 2310; baseline 0.001 -14"><span class='ocrx_word' id='word_1_262' title='bbox 528 2259 649 2296; x_wconf 87' lang='lat' dir='ltr'><strong>ram</strong></span> <span class='ocrx_word' id='word_1_263' title='bbox 679 2260 758 2295; x_wconf 86' lang='lat' dir='ltr'><strong>me</strong></span> <span class='ocrx_word' id='word_1_264' title='bbox 775 2248 994 2308; x_wconf 88' lang='lat' dir='ltr'><strong>rectum,</strong></span> <span class='ocrx_word' id='word_1_265' title='bbox 1012 2242 1148 2296; x_wconf 82' lang='lat' dir='ltr'><strong>sicut</strong></span> <span class='ocrx_word' id='word_1_266' title='bbox 1174 2257 1354 2295; x_wconf 78' lang='lat' dir='ltr'><strong>servus</strong></span> <span class='ocrx_word' id='word_1_267' title='bbox 1379 2258 1520 2296; x_wconf 84' lang='lat' dir='ltr'><strong>meus</strong></span> <span class='ocrx_word' id='word_1_268' title='bbox 1540 2242 1655 2296; x_wconf 83' lang='lat' dir='ltr'><strong>Job.</strong></span> <span class='ocrx_word' id='word_1_269' title='bbox 1681 2241 1875 2297; x_wconf 86' lang='lat' dir='ltr'><strong>Coram</strong></span> <span class='ocrx_word' id='word_1_270' title='bbox 1902 2259 2008 2310; x_wconf 89' lang='lat' dir='ltr'><strong>me,</strong></span> <span class='ocrx_word' id='word_1_271' title='bbox 2028 2243 2124 2310; x_wconf 86' lang='lat' dir='ltr'><strong>ait,</strong></span> 
     </span>
    </p>
   </div>
   <div class='ocr_carea' id='block_1_38' title="bbox 531 2329 2127 2403">
    <p class='ocr_par' dir='ltr' id='par_1_38' title="bbox 531 2329 2127 2403">
     <span class='ocr_line' id='line_1_38' title="bbox 531 2329 2127 2403; baseline 0.001 -19"><span class='ocrx_word' id='word_1_272' title='bbox 531 2331 588 2386; x_wconf 88' lang='lat' dir='ltr'><strong>id</strong></span> <span class='ocrx_word' id='word_1_273' title='bbox 617 2339 699 2386; x_wconf 88' lang='lat' dir='ltr'><strong>est</strong></span> <span class='ocrx_word' id='word_1_274' title='bbox 727 2333 897 2397; x_wconf 89' lang='lat' dir='ltr'><strong>intus,</strong></span> <span class='ocrx_word' id='word_1_275' title='bbox 930 2329 1024 2384; x_wconf 92' lang='lat' dir='ltr'><strong>ubi</strong></span> <span class='ocrx_word' id='word_1_276' title='bbox 1055 2347 1195 2402; x_wconf 72' lang='lat' dir='ltr'><strong>srepe</strong></span> <span class='ocrx_word' id='word_1_277' title='bbox 1234 2333 1534 2386; x_wconf 90' lang='lat' dir='ltr'><strong>multorum</strong></span> <span class='ocrx_word' id='word_1_278' title='bbox 1574 2331 1688 2386; x_wconf 91' lang='lat' dir='ltr'><strong>vita</strong></span> <span class='ocrx_word' id='word_1_279' title='bbox 1713 2331 2127 2403; x_wconf 84' lang='lat' dir='ltr'><strong>displicet,quae</strong></span> 
     </span>
    </p>
   </div>
   <div class='ocr_carea' id='block_1_39' title="bbox 529 2419 2127 2492">
    <p class='ocr_par' dir='ltr' id='par_1_39' title="bbox 529 2419 2127 2492">
     <span class='ocr_line' id='line_1_39' title="bbox 529 2419 2127 2492; baseline 0.001 -17"><span class='ocrx_word' id='word_1_280' title='bbox 529 2421 693 2476; x_wconf 88' lang='lat' dir='ltr'><strong>etiam</strong></span> <span class='ocrx_word' id='word_1_281' title='bbox 738 2420 873 2474; x_wconf 87' lang='lat' dir='ltr'><strong>foris</strong></span> <span class='ocrx_word' id='word_1_282' title='bbox 909 2419 1228 2475; x_wconf 89' lang='lat' dir='ltr'><strong>hominibus</strong></span> <span class='ocrx_word' id='word_1_283' title='bbox 1271 2421 1466 2492; x_wconf 89' lang='lat' dir='ltr'><strong>placet.</strong></span> <span class='ocrx_word' id='word_1_284' title='bbox 1505 2420 1654 2475; x_wconf 89' lang='lat' dir='ltr'><strong>Unde</strong></span> <span class='ocrx_word' id='word_1_285' title='bbox 1683 2429 1840 2476; x_wconf 89' lang='lat' dir='ltr'><strong>caute</strong></span> <span class='ocrx_word' id='word_1_286' title='bbox 1873 2421 2040 2475; x_wconf 89' lang='lat' dir='ltr'><strong>nimis</strong></span> <span class='ocrx_word' id='word_1_287' title='bbox 2069 2422 2127 2476; x_wconf 92' lang='lat' dir='ltr'><strong>in</strong></span> 
     </span>
    </p>
   </div>
   <div class='ocr_carea' id='block_1_40' title="bbox 530 2508 2129 2580">
    <p class='ocr_par' dir='ltr' id='par_1_40' title="bbox 530 2508 2129 2580">
     <span class='ocr_line' id='line_1_40' title="bbox 530 2508 2129 2580; baseline 0.002 -18"><span class='ocrx_word' id='word_1_288' title='bbox 530 2509 748 2564; x_wconf 89' lang='lat' dir='ltr'><strong>laudem</strong></span> <span class='ocrx_word' id='word_1_289' title='bbox 772 2511 793 2544; x_wconf 61' lang='grc' dir='ltr'>ι</span> <span class='ocrx_word' id='word_1_290' title='bbox 808 2508 1086 2580; x_wconf 88' lang='lat' dir='ltr'><strong>justorum</strong></span> <span class='ocrx_word' id='word_1_291' title='bbox 1110 2508 1406 2580; x_wconf 86' lang='lat' dir='ltr'><strong>conjugum</strong></span> <span class='ocrx_word' id='word_1_292' title='bbox 1430 2509 1638 2565; x_wconf 86' lang='lat' dir='ltr'><strong>dictum</strong></span> <span class='ocrx_word' id='word_1_293' title='bbox 1663 2517 1744 2566; x_wconf 85' lang='lat' dir='ltr'><strong>est</strong></span> <span class='ocrx_word' id='word_1_294' title='bbox 1769 2528 1780 2565; x_wconf 91' lang='lat'><em>:</em></span> <span class='ocrx_word' id='word_1_295' title='bbox 1805 2512 1983 2565; x_wconf 83' lang='lat' dir='ltr'><strong>Erant</strong></span> <span class='ocrx_word' id='word_1_296' title='bbox 1990 2510 2018 2577; x_wconf 88' lang='lat' dir='ltr'><strong>j</strong></span> <span class='ocrx_word' id='word_1_297' title='bbox 2028 2511 2129 2565; x_wconf 84' lang='lat' dir='ltr'><strong>usti</strong></span> 
     </span>
    </p>
   </div>
   <div class='ocr_carea' id='block_1_41' title="bbox 529 2599 2129 2669">
    <p class='ocr_par' dir='ltr' id='par_1_41' title="bbox 529 2599 2129 2669">
     <span class='ocr_line' id='line_1_41' title="bbox 529 2599 2129 2669; baseline 0.001 -15"><span class='ocrx_word' id='word_1_298' title='bbox 529 2601 680 2654; x_wconf 87' lang='lat' dir='ltr'><strong>ambo</strong></span> <span class='ocrx_word' id='word_1_299' title='bbox 709 2605 830 2653; x_wconf 85' lang='lat' dir='ltr'><strong>ante</strong></span> <span class='ocrx_word' id='word_1_300' title='bbox 853 2600 1020 2654; x_wconf 84' lang='lat' dir='ltr'><strong>Deum</strong></span> <span class='ocrx_word' id='word_1_301' title='bbox 1059 2599 1212 2669; x_wconf 82' lang='lat' dir='ltr'><strong>(Luc.</strong></span> <span class='ocrx_word' id='word_1_302' title='bbox 1245 2615 1286 2667; x_wconf 81' lang='grc' dir='ltr'><strong>ι,</strong></span> <span class='ocrx_word' id='word_1_303' title='bbox 1317 2599 1399 2668; x_wconf 87' lang='lat'><strong>6).</strong></span> <span class='ocrx_word' id='word_1_304' title='bbox 1432 2601 1553 2654; x_wconf 85' lang='lat' dir='ltr'><strong>Non</strong></span> <span class='ocrx_word' id='word_1_305' title='bbox 1582 2599 1732 2654; x_wconf 90' lang='lat' dir='ltr'><strong>enim</strong></span> <span class='ocrx_word' id='word_1_306' title='bbox 1779 2616 1966 2656; x_wconf 90' lang='lat' dir='ltr'><strong>secura</strong></span> <span class='ocrx_word' id='word_1_307' title='bbox 2010 2601 2129 2656; x_wconf 89' lang='lat' dir='ltr'><strong>laus</strong></span> 
     </span>
    </p>
   </div>
   <div class='ocr_carea' id='block_1_42' title="bbox 531 2688 2130 2762">
    <p class='ocr_par' dir='ltr' id='par_1_42' title="bbox 531 2688 2130 2762">
     <span class='ocr_line' id='line_1_42' title="bbox 531 2688 2130 2762; baseline 0.001 -20"><span class='ocrx_word' id='word_1_308' title='bbox 531 2696 634 2754; x_wconf 89' lang='lat' dir='ltr'><strong>est,</strong></span> <span class='ocrx_word' id='word_1_309' title='bbox 659 2688 839 2758; x_wconf 87' lang='lat' dir='ltr'><strong>justos</strong></span> <span class='ocrx_word' id='word_1_310' title='bbox 868 2698 993 2744; x_wconf 89' lang='lat' dir='ltr'><strong>ante</strong></span> <span class='ocrx_word' id='word_1_311' title='bbox 1014 2688 1269 2744; x_wconf 89' lang='lat' dir='ltr'><strong>homines</strong></span> <span class='ocrx_word' id='word_1_312' title='bbox 1297 2704 1576 2760; x_wconf 84' lang='lat' dir='ltr'><strong>apparere.</strong></span> <span class='ocrx_word' id='word_1_313' title='bbox 1623 2691 1774 2762; x_wconf 77' lang='lat' dir='ltr'><strong>Saepe</strong></span> <span class='ocrx_word' id='word_1_314' title='bbox 1819 2691 1965 2744; x_wconf 91' lang='lat' dir='ltr'><strong>enim</strong></span> <span class='ocrx_word' id='word_1_315' title='bbox 2010 2689 2130 2744; x_wconf 90' lang='lat' dir='ltr'><strong>hu-</strong></span> 
     </span>
    </p>
   </div>
   <div class='ocr_carea' id='block_1_43' title="bbox 531 2778 2126 2852">
    <p class='ocr_par' dir='ltr' id='par_1_43' title="bbox 531 2778 2126 2852">
     <span class='ocr_line' id='line_1_43' title="bbox 531 2778 2126 2852; baseline 0.001 -19"><span class='ocrx_word' id='word_1_316' title='bbox 531 2795 696 2833; x_wconf 87' lang='lat' dir='ltr'><strong>mana</strong></span> <span class='ocrx_word' id='word_1_317' title='bbox 724 2778 995 2834; x_wconf 86' lang='lat' dir='ltr'><strong>sententia</strong></span> <span class='ocrx_word' id='word_1_318' title='bbox 1022 2779 1175 2834; x_wconf 89' lang='lat' dir='ltr'><strong>velut</strong></span> <span class='ocrx_word' id='word_1_319' title='bbox 1198 2780 1254 2833; x_wconf 93' lang='lat' dir='ltr'><strong>in</strong></span> <span class='ocrx_word' id='word_1_320' title='bbox 1281 2781 1395 2834; x_wconf 90' lang='lat' dir='ltr'><strong>Deo</strong></span> <span class='ocrx_word' id='word_1_321' title='bbox 1427 2796 1680 2851; x_wconf 87' lang='lat' dir='ltr'><strong>magnum</strong></span> <span class='ocrx_word' id='word_1_322' title='bbox 1703 2781 2012 2852; x_wconf 85' lang='lat' dir='ltr'><strong>quempiam</strong></span> <span class='ocrx_word' id='word_1_323' title='bbox 2036 2796 2126 2852; x_wconf 89' lang='lat' dir='ltr'><strong>ap-</strong></span> 
     </span>
    </p>
   </div>
   <div class='ocr_carea' id='block_1_44' title="bbox 533 2869 2128 2944">
    <p class='ocr_par' dir='ltr' id='par_1_44' title="bbox 533 2869 2128 2944">
     <span class='ocr_line' id='line_1_44' title="bbox 533 2869 2128 2944; baseline 0.002 -20"><span class='ocrx_word' id='word_1_324' title='bbox 533 2870 763 2942; x_wconf 88' lang='lat' dir='ltr'><strong>probat;</strong></span> <span class='ocrx_word' id='word_1_325' title='bbox 794 2871 890 2925; x_wconf 86' lang='lat' dir='ltr'><strong>sed</strong></span> <span class='ocrx_word' id='word_1_326' title='bbox 919 2869 1069 2926; x_wconf 89' lang='lat' dir='ltr'><strong>hunc</strong></span> <span class='ocrx_word' id='word_1_327' title='bbox 1097 2870 1448 2942; x_wconf 91' lang='lat' dir='ltr'><strong>omnipotens</strong></span> <span class='ocrx_word' id='word_1_328' title='bbox 1477 2871 1643 2938; x_wconf 90' lang='lat' dir='ltr'><strong>Deus,</strong></span> <span class='ocrx_word' id='word_1_329' title='bbox 1675 2871 1766 2943; x_wconf 86' lang='lat' dir='ltr'><strong>qui</strong></span> <span class='ocrx_word' id='word_1_330' title='bbox 1803 2872 1952 2944; x_wconf 89' lang='lat' dir='ltr'><strong>quasi</strong></span> <span class='ocrx_word' id='word_1_331' title='bbox 1978 2887 2046 2926; x_wconf 84' lang='lat' dir='ltr'><strong>ex</strong></span> <span class='ocrx_word' id='word_1_332' title='bbox 2071 2888 2128 2927; x_wconf 90' lang='lat' dir='ltr'><strong>se</strong></span> 
     </span>
    </p>
   </div>
   <div class='ocr_carea' id='block_1_45' title="bbox 532 2959 2130 3032">
    <p class='ocr_par' dir='ltr' id='par_1_45' title="bbox 532 2959 2130 3032">
     <span class='ocr_line' id='line_1_45' title="bbox 532 2959 2130 3032; baseline 0.001 -18"><span class='ocrx_word' id='word_1_333' title='bbox 532 2959 884 3031; x_wconf 88' lang='lat' dir='ltr'><strong>approbatur,</strong></span> <span class='ocrx_word' id='word_1_334' title='bbox 919 2960 1156 3030; x_wconf 79' lang='lat' dir='ltr'><strong>ignorat.</strong></span> <span class='ocrx_word' id='word_1_335' title='bbox 1190 2959 1334 3016; x_wconf 83' lang='lat' dir='ltr'><strong>Hinc</strong></span> <span class='ocrx_word' id='word_1_336' title='bbox 1363 2967 1444 3014; x_wconf 87' lang='lat' dir='ltr'><strong>est</strong></span> <span class='ocrx_word' id='word_1_337' title='bbox 1474 2960 1619 3014; x_wconf 90' lang='lat' dir='ltr'><strong>enim</strong></span> <span class='ocrx_word' id='word_1_338' title='bbox 1651 2960 1798 3032; x_wconf 90' lang='lat' dir='ltr'><strong>quod</strong></span> <span class='ocrx_word' id='word_1_339' title='bbox 1841 2961 2130 3017; x_wconf 88' lang='lat' dir='ltr'><strong>Psalmista</strong></span> 
     </span>
    </p>
   </div>
   <div class='ocr_carea' id='block_1_46' title="bbox 532 3047 2130 3120">
    <p class='ocr_par' dir='ltr' id='par_1_46' title="bbox 532 3047 2130 3120">
     <span class='ocr_line' id='line_1_46' title="bbox 532 3047 2130 3120; baseline 0 -16"><span class='ocrx_word' id='word_1_340' title='bbox 532 3048 826 3120; x_wconf 84' lang='lat' dir='ltr'><strong>vigilanter</strong></span> <span class='ocrx_word' id='word_1_341' title='bbox 871 3055 1082 3117; x_wconf 87' lang='lat' dir='ltr'><strong>exorat,</strong></span> <span class='ocrx_word' id='word_1_342' title='bbox 1133 3047 1366 3104; x_wconf 89' lang='lat' dir='ltr'><strong>dicens:</strong></span> <span class='ocrx_word' id='word_1_343' title='bbox 1400 3047 1583 3119; x_wconf 79' lang='lat' dir='ltr'><strong>Dirige</strong></span> <span class='ocrx_word' id='word_1_344' title='bbox 1628 3051 1686 3103; x_wconf 78' lang='lat' dir='ltr'><strong>in</strong></span> <span class='ocrx_word' id='word_1_345' title='bbox 1731 3057 2004 3120; x_wconf 81' lang='lat' dir='ltr'><strong>conspectu</strong></span> <span class='ocrx_word' id='word_1_346' title='bbox 2043 3058 2130 3104; x_wconf 87' lang='lat' dir='ltr'><strong>tuo</strong></span> 
     </span>
    </p>
   </div>
   <div class='ocr_carea' id='block_1_47' title="bbox 530 3143 2131 3219">
    <p class='ocr_par' dir='ltr' id='par_1_47' title="bbox 530 3143 2131 3219">
     <span class='ocr_line' id='line_1_47' title="bbox 530 3143 2131 3219; baseline 0.001 -19"><span class='ocrx_word' id='word_1_347' title='bbox 530 3146 671 3200; x_wconf 77' lang='lat' dir='ltr'><strong>viam</strong></span> <span class='ocrx_word' id='word_1_348' title='bbox 700 3162 867 3201; x_wconf 86' lang='lat' dir='ltr'><strong>meam</strong></span> <span class='ocrx_word' id='word_1_349' title='bbox 898 3146 1072 3216; x_wconf 81' lang='lat' dir='ltr'><strong>(Psal.</strong></span> <span class='ocrx_word' id='word_1_350' title='bbox 1104 3163 1160 3214; x_wconf 90' lang='lat' dir='ltr'><strong>v,</strong></span> <span class='ocrx_word' id='word_1_351' title='bbox 1183 3146 1264 3217; x_wconf 88' lang='lat'><strong>9).</strong></span> <span class='ocrx_word' id='word_1_352' title='bbox 1302 3143 1493 3200; x_wconf 82' lang='lat'><strong>1148</strong></span> <span class='ocrx_word' id='word_1_353' title='bbox 1519 3145 1798 3202; x_wconf 81' lang='lat' dir='ltr'><strong>Nimirum</strong></span> <span class='ocrx_word' id='word_1_354' title='bbox 1829 3145 1959 3219; x_wconf 88' lang='lat' dir='ltr'><strong>quia</strong></span> <span class='ocrx_word' id='word_1_355' title='bbox 2004 3147 2131 3218; x_wconf 91' lang='lat' dir='ltr'><strong>ple-</strong></span> 
     </span>
    </p>
   </div>
   <div class='ocr_carea' id='block_1_48' title="bbox 2235 1972 3862 2049">
    <p class='ocr_par' dir='ltr' id='par_1_48' title="bbox 2235 1972 3862 2049">
     <span class='ocr_line' id='line_1_48' title="bbox 2235 1972 3862 2049; baseline -0.002 -18"><span class='ocrx_word' id='word_1_356' title='bbox 2235 1993 2331 2049; x_wconf 90' lang='lat' dir='ltr'><strong>per</strong></span> <span class='ocrx_word' id='word_1_357' title='bbox 2359 1977 2460 2031; x_wconf 89' lang='lat' dir='ltr'><strong>Job</strong></span> <span class='ocrx_word' id='word_1_358' title='bbox 2487 1974 2753 2046; x_wconf 88' lang='lat' dir='ltr'><strong>jubentur</strong></span> <span class='ocrx_word' id='word_1_359' title='bbox 2781 1974 2996 2030; x_wconf 70' lang='lat' dir='ltr'><strong>offerre.</strong></span> <span class='ocrx_word' id='word_1_360' title='bbox 3031 1973 3307 2029; x_wconf 80' lang='lat' dir='ltr'><strong>Nimirum</strong></span> <span class='ocrx_word' id='word_1_361' title='bbox 3329 1972 3576 2029; x_wconf 58' lang='lat' dir='ltr'><strong>haeretici</strong></span> <span class='ocrx_word' id='word_1_362' title='bbox 3607 1991 3744 2031; x_wconf 89' lang='lat' dir='ltr'><strong>cum</strong></span> <span class='ocrx_word' id='word_1_363' title='bbox 3787 1974 3862 2030; x_wconf 88' lang='lat' dir='ltr'><strong>ab</strong></span> 
     </span>
    </p>
   </div>
   <div class='ocr_carea' id='block_1_49' title="bbox 2235 2063 3863 2136">
    <p class='ocr_par' dir='ltr' id='par_1_49' title="bbox 2235 2063 3863 2136">
     <span class='ocr_line' id='line_1_49' title="bbox 2235 2063 3863 2136; baseline -0.001 -16"><span class='ocrx_word' id='word_1_364' title='bbox 2235 2082 2418 2121; x_wconf 88' lang='lat' dir='ltr'><strong>errore</strong></span> <span class='ocrx_word' id='word_1_365' title='bbox 2461 2065 2714 2132; x_wconf 89' lang='lat' dir='ltr'><strong>redeunt,</strong></span> <span class='ocrx_word' id='word_1_366' title='bbox 2760 2081 2885 2135; x_wconf 84' lang='lat' dir='ltr'><strong>erga</strong></span> <span class='ocrx_word' id='word_1_367' title='bbox 2933 2080 2990 2120; x_wconf 89' lang='lat' dir='ltr'><strong>se</strong></span> <span class='ocrx_word' id='word_1_368' title='bbox 3036 2064 3173 2120; x_wconf 89' lang='lat' dir='ltr'><strong>iram</strong></span> <span class='ocrx_word' id='word_1_369' title='bbox 3220 2063 3446 2120; x_wconf 90' lang='lat' dir='ltr'><strong>Domini</strong></span> <span class='ocrx_word' id='word_1_370' title='bbox 3487 2080 3588 2119; x_wconf 90' lang='lat' dir='ltr'><strong>suo</strong></span> <span class='ocrx_word' id='word_1_371' title='bbox 3634 2080 3740 2136; x_wconf 87' lang='lat' dir='ltr'><strong>per</strong></span> <span class='ocrx_word' id='word_1_372' title='bbox 3803 2079 3863 2119; x_wconf 86' lang='lat' dir='ltr'><strong>se</strong></span> 
     </span>
    </p>
   </div>
   <div class='ocr_carea' id='block_1_50' title="bbox 2236 2151 3860 2226">
    <p class='ocr_par' dir='ltr' id='par_1_50' title="bbox 2236 2151 3860 2226">
     <span class='ocr_line' id='line_1_50' title="bbox 2236 2151 3860 2226; baseline -0.002 -15"><span class='ocrx_word' id='word_1_373' title='bbox 2236 2156 2420 2211; x_wconf 88' lang='lat' dir='ltr'><strong>oblato</strong></span> <span class='ocrx_word' id='word_1_374' title='bbox 2449 2155 2718 2210; x_wconf 89' lang='lat' dir='ltr'><strong>sacriﬁcio</strong></span> <span class='ocrx_word' id='word_1_375' title='bbox 2747 2155 2962 2224; x_wconf 88' lang='lat' dir='ltr'><strong>placare</strong></span> <span class='ocrx_word' id='word_1_376' title='bbox 2992 2170 3336 2226; x_wconf 89' lang='lat' dir='ltr'><strong>nequaquam</strong></span> <span class='ocrx_word' id='word_1_377' title='bbox 3367 2161 3622 2225; x_wconf 89' lang='lat' dir='ltr'><strong>possunt,</strong></span> <span class='ocrx_word' id='word_1_378' title='bbox 3649 2153 3764 2208; x_wconf 89' lang='lat' dir='ltr'><strong>nisi</strong></span> <span class='ocrx_word' id='word_1_379' title='bbox 3791 2151 3860 2207; x_wconf 88' lang='lat' dir='ltr'><strong>ad</strong></span> 
     </span>
    </p>
   </div>
   <div class='ocr_carea' id='block_1_51' title="bbox 2235 2243 3860 2316">
    <p class='ocr_par' dir='ltr' id='par_1_51' title="bbox 2235 2243 3860 2316">
     <span class='ocr_line' id='line_1_51' title="bbox 2235 2243 3860 2316; baseline -0.002 -15"><span class='ocrx_word' id='word_1_380' title='bbox 2235 2245 2564 2301; x_wconf 87' lang='lat' dir='ltr'><strong>catholicam</strong></span> <span class='ocrx_word' id='word_1_381' title='bbox 2591 2245 2915 2312; x_wconf 75' lang='lat' dir='ltr'><strong>Ecclesium,</strong></span> <span class='ocrx_word' id='word_1_382' title='bbox 2947 2261 3112 2316; x_wconf 88' lang='lat' dir='ltr'><strong>quam</strong></span> <span class='ocrx_word' id='word_1_383' title='bbox 3161 2244 3353 2299; x_wconf 87' lang='lat' dir='ltr'><strong>beatus</strong></span> <span class='ocrx_word' id='word_1_384' title='bbox 3399 2243 3504 2299; x_wconf 87' lang='lat' dir='ltr'><strong>Job</strong></span> <span class='ocrx_word' id='word_1_385' title='bbox 3542 2243 3860 2314; x_wconf 84' lang='lat' dir='ltr'><strong>signiﬁcat,</strong></span> 
     </span>
    </p>
   </div>
   <div class='ocr_carea' id='block_1_52' title="bbox 2236 2332 3857 2405">
    <p class='ocr_par' dir='ltr' id='par_1_52' title="bbox 2236 2332 3857 2405">
     <span class='ocr_line' id='line_1_52' title="bbox 2236 2332 3857 2405; baseline -0.003 -13"><span class='ocrx_word' id='word_1_386' title='bbox 2236 2342 2650 2401; x_wconf 81' lang='lat' dir='ltr'><strong>convertantur,</strong></span> <span class='ocrx_word' id='word_1_387' title='bbox 2683 2342 2742 2388; x_wconf 88' lang='lat' dir='ltr'><strong>ut</strong></span> <span class='ocrx_word' id='word_1_388' title='bbox 2772 2334 3002 2388; x_wconf 86' lang='lat' dir='ltr'><strong>salutem</strong></span> <span class='ocrx_word' id='word_1_389' title='bbox 3034 2350 3189 2388; x_wconf 88' lang='lat' dir='ltr'><strong>suam</strong></span> <span class='ocrx_word' id='word_1_390' title='bbox 3236 2332 3358 2404; x_wconf 89' lang='lat' dir='ltr'><strong>ejus</strong></span> <span class='ocrx_word' id='word_1_391' title='bbox 3404 2333 3668 2405; x_wconf 88' lang='lat' dir='ltr'><strong>precibus</strong></span> <span class='ocrx_word' id='word_1_392' title='bbox 3711 2334 3857 2388; x_wconf 89' lang='lat' dir='ltr'><strong>obti-</strong></span> 
     </span>
    </p>
   </div>
   <div class='ocr_carea' id='block_1_53' title="bbox 2237 2421 3858 2497">
    <p class='ocr_par' dir='ltr' id='par_1_53' title="bbox 2237 2421 3858 2497">
     <span class='ocr_line' id='line_1_53' title="bbox 2237 2421 3858 2497; baseline -0.004 -15"><span class='ocrx_word' id='word_1_393' title='bbox 2237 2434 2422 2493; x_wconf 90' lang='lat' dir='ltr'><strong>neant,</strong></span> <span class='ocrx_word' id='word_1_394' title='bbox 2439 2425 2598 2497; x_wconf 91' lang='lat' dir='ltr'><strong>cujus</strong></span> <span class='ocrx_word' id='word_1_395' title='bbox 2628 2423 2790 2478; x_wconf 89' lang='lat' dir='ltr'><strong>ﬁdem</strong></span> <span class='ocrx_word' id='word_1_396' title='bbox 2826 2422 3099 2494; x_wconf 87' lang='lat' dir='ltr'><strong>pervseris</strong></span> <span class='ocrx_word' id='word_1_397' title='bbox 3131 2421 3532 2478; x_wconf 87' lang='lat' dir='ltr'><strong>assertionibus</strong></span> <span class='ocrx_word' id='word_1_398' title='bbox 3559 2424 3858 2495; x_wconf 83' lang='lat' dir='ltr'><strong>impugna-</strong></span> 
     </span>
    </p>
   </div>
   <div class='ocr_carea' id='block_1_54' title="bbox 2235 2521 3859 2592">
    <p class='ocr_par' dir='ltr' id='par_1_54' title="bbox 2235 2521 3859 2592">
     <span class='ocr_line' id='line_1_54' title="bbox 2235 2521 3859 2592; baseline -0.004 -11"><span class='ocrx_word' id='word_1_399' title='bbox 2235 2527 2388 2582; x_wconf 89' lang='lat' dir='ltr'><strong>bant.</strong></span> <span class='ocrx_word' id='word_1_400' title='bbox 2423 2526 2517 2580; x_wconf 85' lang='lat' dir='ltr'><strong>Ait</strong></span> <span class='ocrx_word' id='word_1_401' title='bbox 2537 2525 2684 2578; x_wconf 90' lang='lat' dir='ltr'><strong>enim</strong></span> <span class='ocrx_word' id='word_1_402' title='bbox 2715 2541 2726 2579; x_wconf 90' lang='lat'><strong>:</strong></span> <span class='ocrx_word' id='word_1_403' title='bbox 2761 2525 2780 2558; x_wconf 86' lang='grc'><strong>⁷</strong></span> <span class='ocrx_word' id='word_1_404' title='bbox 2812 2523 2910 2578; x_wconf 85' lang='lat' dir='ltr'><strong>Job</strong></span> <span class='ocrx_word' id='word_1_405' title='bbox 2938 2539 3122 2576; x_wconf 72' lang='lat' dir='ltr'><strong>servus</strong></span> <span class='ocrx_word' id='word_1_406' title='bbox 3152 2539 3296 2576; x_wconf 84' lang='lat' dir='ltr'><strong>meus</strong></span> <span class='ocrx_word' id='word_1_407' title='bbox 3323 2521 3503 2576; x_wconf 87' lang='lat' dir='ltr'><strong>orabit</strong></span> <span class='ocrx_word' id='word_1_408' title='bbox 3523 2538 3630 2592; x_wconf 87' lang='lat' dir='ltr'><strong>pro</strong></span> <span class='ocrx_word' id='word_1_409' title='bbox 3671 2523 3859 2580; x_wconf 80' lang='lat' dir='ltr'><strong>vobis;</strong></span> 
     </span>
    </p>
   </div>
   <div class='ocr_carea' id='block_1_55' title="bbox 2237 2613 3859 2688">
    <p class='ocr_par' dir='ltr' id='par_1_55' title="bbox 2237 2613 3859 2688">
     <span class='ocr_line' id='line_1_55' title="bbox 2237 2613 3859 2688; baseline -0.004 -16"><span class='ocrx_word' id='word_1_410' title='bbox 2237 2618 2426 2688; x_wconf 80' lang='lat' dir='ltr'><strong>faciem</strong></span> <span class='ocrx_word' id='word_1_411' title='bbox 2455 2617 2567 2686; x_wconf 85' lang='lat' dir='ltr'><strong>ejus</strong></span> <span class='ocrx_word' id='word_1_412' title='bbox 2596 2614 2902 2685; x_wconf 69' lang='lat' dir='ltr'><strong>suscipiam,</strong></span> <span class='ocrx_word' id='word_1_413' title='bbox 2933 2619 2994 2667; x_wconf 85' lang='lat' dir='ltr'><strong>ut</strong></span> <span class='ocrx_word' id='word_1_414' title='bbox 3019 2630 3125 2667; x_wconf 80' lang='lat' dir='ltr'><strong>non</strong></span> <span class='ocrx_word' id='word_1_415' title='bbox 3153 2613 3299 2667; x_wconf 81' lang='lat' dir='ltr'><strong>vobis</strong></span> <span class='ocrx_word' id='word_1_416' title='bbox 3326 2613 3656 2684; x_wconf 71' lang='lat' dir='ltr'><strong>imputetur8</strong></span> <span class='ocrx_word' id='word_1_417' title='bbox 3679 2613 3859 2668; x_wconf 85' lang='lat' dir='ltr'><strong>stulti-</strong></span> 
     </span>
    </p>
   </div>
   <div class='ocr_carea' id='block_1_56' title="bbox 2240 2701 3859 2777">
    <p class='ocr_par' dir='ltr' id='par_1_56' title="bbox 2240 2701 3859 2777">
     <span class='ocr_line' id='line_1_56' title="bbox 2240 2701 3859 2777; baseline -0.003 -16"><span class='ocrx_word' id='word_1_418' title='bbox 2240 2709 2332 2763; x_wconf 86' lang='lat' dir='ltr'><strong>tia.</strong></span> <span class='ocrx_word' id='word_1_419' title='bbox 2367 2709 2446 2764; x_wconf 86' lang='lat' dir='ltr'><strong>Ac</strong></span> <span class='ocrx_word' id='word_1_420' title='bbox 2477 2707 2520 2761; x_wconf 88' lang='lat' dir='ltr'><strong>si</strong></span> <span class='ocrx_word' id='word_1_421' title='bbox 2553 2713 2734 2777; x_wconf 88' lang='lat' dir='ltr'><strong>aperte</strong></span> <span class='ocrx_word' id='word_1_422' title='bbox 2766 2703 3042 2759; x_wconf 71' lang='lat' dir='ltr'><strong>luereticis</strong></span> <span class='ocrx_word' id='word_1_423' title='bbox 3085 2702 3233 2760; x_wconf 89' lang='lat' dir='ltr'><strong>dicat</strong></span> <span class='ocrx_word' id='word_1_424' title='bbox 3283 2719 3296 2759; x_wconf 92' lang='lat'><strong>:</strong></span> <span class='ocrx_word' id='word_1_425' title='bbox 3341 2701 3627 2760; x_wconf 87' lang='lat' dir='ltr'><strong>Sacriﬁcia</strong></span> <span class='ocrx_word' id='word_1_426' title='bbox 3671 2711 3859 2757; x_wconf 83' lang='lat' dir='ltr'><strong>vestra</strong></span> 
     </span>
    </p>
   </div>
   <div class='ocr_carea' id='block_1_57' title="bbox 2237 2789 3858 2866">
    <p class='ocr_par' dir='ltr' id='par_1_57' title="bbox 2237 2789 3858 2866">
     <span class='ocr_line' id='line_1_57' title="bbox 2237 2789 3858 2866; baseline -0.005 -14"><span class='ocrx_word' id='word_1_427' title='bbox 2237 2813 2346 2852; x_wconf 91' lang='lat' dir='ltr'><strong>non</strong></span> <span class='ocrx_word' id='word_1_428' title='bbox 2371 2795 2600 2866; x_wconf 83' lang='lat' dir='ltr'><strong>accipio,</strong></span> <span class='ocrx_word' id='word_1_429' title='bbox 2624 2791 2952 2864; x_wconf 87' lang='lat' dir='ltr'><strong>petitionum</strong></span> <span class='ocrx_word' id='word_1_430' title='bbox 2976 2799 3282 2847; x_wconf 87' lang='lat' dir='ltr'><strong>vestrarum</strong></span> <span class='ocrx_word' id='word_1_431' title='bbox 3315 2791 3485 2846; x_wconf 86' lang='lat' dir='ltr'><strong>verba</strong></span> <span class='ocrx_word' id='word_1_432' title='bbox 3515 2805 3628 2844; x_wconf 91' lang='lat' dir='ltr'><strong>non</strong></span> <span class='ocrx_word' id='word_1_433' title='bbox 3660 2789 3858 2856; x_wconf 89' lang='lat' dir='ltr'><strong>audio,</strong></span> 
     </span>
    </p>
   </div>
   <div class='ocr_carea' id='block_1_58' title="bbox 2238 2878 3857 2956">
    <p class='ocr_par' dir='ltr' id='par_1_58' title="bbox 2238 2878 3857 2956">
     <span class='ocr_line' id='line_1_58' title="bbox 2238 2878 3857 2956; baseline -0.004 -16"><span class='ocrx_word' id='word_1_434' title='bbox 2238 2885 2344 2940; x_wconf 90' lang='lat' dir='ltr'><strong>nisi</strong></span> <span class='ocrx_word' id='word_1_435' title='bbox 2411 2901 2509 2956; x_wconf 86' lang='lat' dir='ltr'><strong>per</strong></span> <span class='ocrx_word' id='word_1_436' title='bbox 2552 2882 2997 2938; x_wconf 81' lang='lat' dir='ltr'><strong>intercessionem</strong></span> <span class='ocrx_word' id='word_1_437' title='bbox 3050 2881 3226 2950; x_wconf 90' lang='lat' dir='ltr'><strong>illius,</strong></span> <span class='ocrx_word' id='word_1_438' title='bbox 3271 2879 3432 2952; x_wconf 88' lang='lat' dir='ltr'><strong>cujus</strong></span> <span class='ocrx_word' id='word_1_439' title='bbox 3488 2878 3857 2952; x_wconf 86' lang='lat' dir='ltr'><strong>professionis</strong></span> 
     </span>
    </p>
   </div>
   <div class='ocr_carea' id='block_1_59' title="bbox 2238 2969 3856 3044">
    <p class='ocr_par' dir='ltr' id='par_1_59' title="bbox 2238 2969 3856 3044">
     <span class='ocr_line' id='line_1_59' title="bbox 2238 2969 3856 3044; baseline -0.004 -16"><span class='ocrx_word' id='word_1_440' title='bbox 2238 2975 2405 3030; x_wconf 85' lang='lat' dir='ltr'><strong>verba</strong></span> <span class='ocrx_word' id='word_1_441' title='bbox 2425 2973 2492 3029; x_wconf 92' lang='lat' dir='ltr'><strong>de</strong></span> <span class='ocrx_word' id='word_1_442' title='bbox 2523 2990 2607 3027; x_wconf 87' lang='lat' dir='ltr'><strong>me</strong></span> <span class='ocrx_word' id='word_1_443' title='bbox 2645 2971 2862 3028; x_wconf 83' lang='lat' dir='ltr'><strong>veracia</strong></span> <span class='ocrx_word' id='word_1_444' title='bbox 2889 2987 3242 3044; x_wconf 86' lang='lat' dir='ltr'><strong>recognosco.</strong></span> <span class='ocrx_word' id='word_1_445' title='bbox 3266 2971 3336 3025; x_wconf 88' lang='lat' dir='ltr'><strong>Et</strong></span> <span class='ocrx_word' id='word_1_446' title='bbox 3357 2987 3458 3025; x_wconf 89' lang='lat' dir='ltr'><strong>vos</strong></span> <span class='ocrx_word' id='word_1_447' title='bbox 3482 2969 3714 3042; x_wconf 88' lang='lat' dir='ltr'><strong>quidem</strong></span> <span class='ocrx_word' id='word_1_448' title='bbox 3737 2975 3856 3022; x_wconf 84' lang='lat' dir='ltr'><strong>tau-</strong></span> 
     </span>
    </p>
   </div>
   <div class='ocr_carea' id='block_1_60' title="bbox 2241 3059 3859 3137">
    <p class='ocr_par' dir='ltr' id='par_1_60' title="bbox 2241 3059 3859 3137">
     <span class='ocr_line' id='line_1_60' title="bbox 2241 3059 3859 3137; baseline -0.004 -17"><span class='ocrx_word' id='word_1_449' title='bbox 2241 3082 2328 3120; x_wconf 85' lang='lat' dir='ltr'><strong>ros</strong></span> <span class='ocrx_word' id='word_1_450' title='bbox 2358 3072 2522 3137; x_wconf 89' lang='lat' dir='ltr'><strong>atque</strong></span> <span class='ocrx_word' id='word_1_451' title='bbox 2561 3063 2759 3117; x_wconf 88' lang='lat' dir='ltr'><strong>arietes</strong></span> <span class='ocrx_word' id='word_1_452' title='bbox 2789 3063 2809 3095; x_wconf 69' lang='lat'><strong>9</strong></span> <span class='ocrx_word' id='word_1_453' title='bbox 2842 3061 2910 3117; x_wconf 89' lang='lat' dir='ltr'><strong>ad</strong></span> <span class='ocrx_word' id='word_1_454' title='bbox 2947 3060 3262 3117; x_wconf 88' lang='lat' dir='ltr'><strong>exhibenda</strong></span> <span class='ocrx_word' id='word_1_455' title='bbox 3307 3059 3580 3117; x_wconf 86' lang='lat' dir='ltr'><strong>sacriﬁcia</strong></span> <span class='ocrx_word' id='word_1_456' title='bbox 3608 3074 3859 3115; x_wconf 86' lang='lat' dir='ltr'><strong>conver-</strong></span> 
     </span>
    </p>
   </div>
   <div class='ocr_carea' id='block_1_61' title="bbox 2240 3152 3853 3220">
    <p class='ocr_par' dir='ltr' id='par_1_61' title="bbox 2240 3152 3853 3220">
     <span class='ocr_line' id='line_1_61' title="bbox 2240 3152 3853 3220; baseline -0.006 -8"><span class='ocrx_word' id='word_1_457' title='bbox 2240 3155 2413 3212; x_wconf 89' lang='lat' dir='ltr'><strong>sionis</strong></span> <span class='ocrx_word' id='word_1_458' title='bbox 2444 3161 2638 3209; x_wconf 68' lang='lat' dir='ltr'><strong>vestras</strong></span> <span class='ocrx_word' id='word_1_459' title='bbox 2675 3153 2950 3220; x_wconf 88' lang='lat' dir='ltr'><strong>deducite,</strong></span> <span class='ocrx_word' id='word_1_460' title='bbox 2993 3152 3088 3208; x_wconf 91' lang='lat' dir='ltr'><strong>sed</strong></span> <span class='ocrx_word' id='word_1_461' title='bbox 3127 3168 3159 3208; x_wconf 90' lang='lat' dir='ltr'><strong>a</strong></span> <span class='ocrx_word' id='word_1_462' title='bbox 3210 3169 3297 3207; x_wconf 87' lang='lat' dir='ltr'><strong>me</strong></span> <span class='ocrx_word' id='word_1_463' title='bbox 3341 3153 3574 3207; x_wconf 85' lang='lat' dir='ltr'><strong>salutem</strong></span> <span class='ocrx_word' id='word_1_464' title='bbox 3612 3159 3853 3206; x_wconf 86' lang='lat' dir='ltr'><strong>vestram</strong></span> 
     </span>
    </p>
   </div>
   <div class='ocr_carea' id='block_1_62' title="bbox 531 3234 3852 3330">
    <p class='ocr_par' dir='ltr' id='par_1_62' title="bbox 531 3234 3852 3330">
     <span class='ocr_line' id='line_1_62' title="bbox 531 3234 3852 3330; baseline -0.002 -31"><span class='ocrx_word' id='word_1_465' title='bbox 531 3253 764 3308; x_wconf 84' lang='lat' dir='ltr'><strong>rumque</strong></span> <span class='ocrx_word' id='word_1_466' title='bbox 795 3237 853 3291; x_wconf 79' lang='lat' dir='ltr'><strong>in</strong></span> <span class='ocrx_word' id='word_1_467' title='bbox 881 3243 1180 3306; x_wconf 74' lang='lat' dir='ltr'><strong>conspectu</strong></span> <span class='ocrx_word' id='word_1_468' title='bbox 1217 3234 1511 3291; x_wconf 77' lang='lat' dir='ltr'><strong>hominum</strong></span> <span class='ocrx_word' id='word_1_469' title='bbox 1561 3243 1706 3293; x_wconf 73' lang='grc' dir='ltr'><strong>Γεϐῐὸ</strong></span> <span class='ocrx_word' id='word_1_470' title='bbox 1754 3237 1844 3292; x_wconf 75' lang='lat' dir='ltr'><strong>Via</strong></span> <span class='ocrx_word' id='word_1_471' title='bbox 1887 3236 2130 3292; x_wconf 73' lang='grc' dir='ltr'><strong>οτεάίῐιιι·</strong></span> <span class='ocrx_word' id='word_1_472' title='bbox 2163 3270 2207 3330; x_wconf 71' lang='grc' dir='ltr'><strong>ο</strong></span> <span class='ocrx_word' id='word_1_473' title='bbox 2242 3262 2338 3317; x_wconf 87' lang='lat' dir='ltr'><strong>per</strong></span> <span class='ocrx_word' id='word_1_474' title='bbox 2370 3243 2704 3300; x_wconf 88' lang='lat' dir='ltr'><strong>catholicam</strong></span> <span class='ocrx_word' id='word_1_475' title='bbox 2749 3242 3076 3310; x_wconf 87' lang='lat' dir='ltr'><strong>Ecclesiam,</strong></span> <span class='ocrx_word' id='word_1_476' title='bbox 3109 3258 3272 3314; x_wconf 89' lang='lat' dir='ltr'><strong>quam</strong></span> <span class='ocrx_word' id='word_1_477' title='bbox 3317 3239 3512 3312; x_wconf 79' lang='lat' dir='ltr'><strong>diligo,</strong></span> <span class='ocrx_word' id='word_1_478' title='bbox 3553 3240 3852 3311; x_wconf 87' lang='lat' dir='ltr'><strong>postulate.</strong></span> 
     </span>
    </p>
   </div>
   <div class='ocr_carea' id='block_1_63' title="bbox 533 3325 2132 3396">
    <p class='ocr_par' dir='ltr' id='par_1_63' title="bbox 533 3325 2132 3396">
     <span class='ocr_line' id='line_1_63' title="bbox 533 3325 2132 3396; baseline -0.001 -14"><span class='ocrx_word' id='word_1_479' title='bbox 533 3328 696 3382; x_wconf 87' lang='lat' dir='ltr'><strong>etiam</strong></span> <span class='ocrx_word' id='word_1_480' title='bbox 737 3341 858 3396; x_wconf 65' lang='lat' dir='ltr'><strong>quas</strong></span> <span class='ocrx_word' id='word_1_481' title='bbox 878 3343 910 3380; x_wconf 89' lang='lat' dir='ltr'><strong>a</strong></span> <span class='ocrx_word' id='word_1_482' title='bbox 937 3325 1187 3380; x_wconf 87' lang='lat' dir='ltr'><strong>veritatis</strong></span> <span class='ocrx_word' id='word_1_483' title='bbox 1217 3325 1414 3380; x_wconf 88' lang='lat' dir='ltr'><strong>itinere</strong></span> <span class='ocrx_word' id='word_1_484' title='bbox 1443 3326 1790 3396; x_wconf 87' lang='lat' dir='ltr'><strong>depravatur.</strong></span> <span class='ocrx_word' id='word_1_485' title='bbox 1826 3327 1896 3380; x_wconf 91' lang='lat' dir='ltr'><strong>Et</strong></span> <span class='ocrx_word' id='word_1_486' title='bbox 1924 3334 2132 3381; x_wconf 90' lang='lat' dir='ltr'><strong>notan-</strong></span> 
     </span>
    </p>
   </div>
   <div class='ocr_carea' id='block_1_64' title="bbox 533 3415 2131 3486">
    <p class='ocr_par' dir='ltr' id='par_1_64' title="bbox 533 3415 2131 3486">
     <span class='ocr_line' id='line_1_64' title="bbox 533 3415 2131 3486; baseline 0.001 -15"><span class='ocrx_word' id='word_1_487' title='bbox 533 3416 666 3471; x_wconf 89' lang='lat' dir='ltr'><strong>dum</strong></span> <span class='ocrx_word' id='word_1_488' title='bbox 697 3415 883 3486; x_wconf 69' lang='lat' dir='ltr'><strong>quodl5</strong></span> <span class='ocrx_word' id='word_1_489' title='bbox 902 3431 1012 3470; x_wconf 92' lang='lat' dir='ltr'><strong>non</strong></span> <span class='ocrx_word' id='word_1_490' title='bbox 1043 3415 1249 3470; x_wconf 88' lang='lat' dir='ltr'><strong>dicitur</strong></span> <span class='ocrx_word' id='word_1_491' title='bbox 1287 3433 1300 3470; x_wconf 87' lang='lat'><strong><em>:</em></strong></span> <span class='ocrx_word' id='word_1_492' title='bbox 1331 3416 1454 3470; x_wconf 89' lang='lat' dir='ltr'><strong>Non</strong></span> <span class='ocrx_word' id='word_1_493' title='bbox 1482 3415 1612 3470; x_wconf 87' lang='lat' dir='ltr'><strong>estis</strong></span> <span class='ocrx_word' id='word_1_494' title='bbox 1643 3417 1812 3471; x_wconf 88' lang='lat' dir='ltr'><strong>locuti</strong></span> <span class='ocrx_word' id='word_1_495' title='bbox 1837 3432 2019 3471; x_wconf 88' lang='lat' dir='ltr'><strong>coram</strong></span> <span class='ocrx_word' id='word_1_496' title='bbox 2044 3433 2131 3473; x_wconf 91' lang='lat' dir='ltr'><strong>me</strong></span> 
     </span>
    </p>
   </div>
   <div class='ocr_carea' id='block_1_65' title="bbox 535 3503 2131 3572">
    <p class='ocr_par' dir='ltr' id='par_1_65' title="bbox 535 3503 2131 3572">
     <span class='ocr_line' id='line_1_65' title="bbox 535 3503 2131 3572; baseline 0.004 -16"><span class='ocrx_word' id='word_1_497' title='bbox 535 3509 748 3558; x_wconf 89' lang='lat' dir='ltr'><strong>rectum</strong></span> <span class='ocrx_word' id='word_1_498' title='bbox 781 3503 924 3558; x_wconf 83' lang='lat' dir='ltr'><strong>sicut</strong></span> <span class='ocrx_word' id='word_1_499' title='bbox 947 3503 1070 3570; x_wconf 82' lang='lat' dir='ltr'><strong>Job,</strong></span> <span class='ocrx_word' id='word_1_500' title='bbox 1103 3503 1217 3572; x_wconf 92' lang='lat' dir='ltr'><strong>sed,</strong></span> <span class='ocrx_word' id='word_1_501' title='bbox 1249 3503 1393 3560; x_wconf 89' lang='lat' dir='ltr'><strong>sicut</strong></span> <span class='ocrx_word' id='word_1_502' title='bbox 1422 3521 1614 3560; x_wconf 90' lang='lat' dir='ltr'><strong>servus</strong></span> <span class='ocrx_word' id='word_1_503' title='bbox 1644 3521 1797 3560; x_wconf 89' lang='lat' dir='ltr'><strong>meus</strong></span> <span class='ocrx_word' id='word_1_504' title='bbox 1817 3505 1940 3572; x_wconf 85' lang='lat' dir='ltr'><strong>Job,</strong></span> <span class='ocrx_word' id='word_1_505' title='bbox 1968 3513 2030 3561; x_wconf 89' lang='lat' dir='ltr'><strong>ut</strong></span> <span class='ocrx_word' id='word_1_506' title='bbox 2049 3507 2131 3562; x_wconf 90' lang='lat' dir='ltr'><strong>vi-</strong></span> 
     </span>
    </p>
   </div>
   <div class='ocr_carea' id='block_1_66' title="bbox 535 3592 2132 3667">
    <p class='ocr_par' dir='ltr' id='par_1_66' title="bbox 535 3592 2132 3667">
     <span class='ocr_line' id='line_1_66' title="bbox 535 3592 2132 3667; baseline 0.002 -19"><span class='ocrx_word' id='word_1_507' title='bbox 535 3592 734 3649; x_wconf 88' lang='lat' dir='ltr'><strong>delicet</strong></span> <span class='ocrx_word' id='word_1_508' title='bbox 756 3592 1174 3664; x_wconf 88' lang='lat' dir='ltr'><strong>interpositione</strong></span> <span class='ocrx_word' id='word_1_509' title='bbox 1203 3593 1508 3662; x_wconf 86' lang='lat' dir='ltr'><strong>servitutis,</strong></span> <span class='ocrx_word' id='word_1_510' title='bbox 1531 3594 1662 3648; x_wconf 90' lang='lat' dir='ltr'><strong>dum</strong></span> <span class='ocrx_word' id='word_1_511' title='bbox 1693 3611 1817 3648; x_wconf 89' lang='lat' dir='ltr'><strong>eum</strong></span> <span class='ocrx_word' id='word_1_512' title='bbox 1852 3595 2006 3667; x_wconf 87' lang='lat' dir='ltr'><strong>quasi</strong></span> <span class='ocrx_word' id='word_1_513' title='bbox 2029 3594 2132 3651; x_wconf 88' lang='lat' dir='ltr'><strong>sub</strong></span> 
     </span>
    </p>
   </div>
   <div class='ocr_carea' id='block_1_67' title="bbox 535 3683 2130 3758">
    <p class='ocr_par' dir='ltr' id='par_1_67' title="bbox 535 3683 2130 3758">
     <span class='ocr_line' id='line_1_67' title="bbox 535 3683 2130 3758; baseline 0.003 -21"><span class='ocrx_word' id='word_1_514' title='bbox 535 3683 768 3756; x_wconf 85' lang='lat' dir='ltr'><strong>quadam</strong></span> <span class='ocrx_word' id='word_1_515' title='bbox 814 3683 1191 3754; x_wconf 87' lang='lat' dir='ltr'><strong>peculiaritate</strong></span> <span class='ocrx_word' id='word_1_516' title='bbox 1232 3692 1650 3751; x_wconf 82' lang='lat' dir='ltr'><strong>commemorat,</strong></span> <span class='ocrx_word' id='word_1_517' title='bbox 1679 3693 1877 3741; x_wconf 88' lang='lat' dir='ltr'><strong>cuncta</strong></span> <span class='ocrx_word' id='word_1_518' title='bbox 1920 3703 2038 3758; x_wconf 70' lang='lat' dir='ltr'><strong>qua:</strong></span> <span class='ocrx_word' id='word_1_519' title='bbox 2073 3686 2130 3741; x_wconf 92' lang='lat' dir='ltr'><strong>in</strong></span> 
     </span>
    </p>
   </div>
   <div class='ocr_carea' id='block_1_68' title="bbox 533 3771 2131 3847">
    <p class='ocr_par' dir='ltr' id='par_1_68' title="bbox 533 3771 2131 3847">
     <span class='ocr_line' id='line_1_68' title="bbox 533 3771 2131 3847; baseline 0.001 -19"><span class='ocrx_word' id='word_1_520' title='bbox 533 3772 852 3828; x_wconf 83' lang='lat' dir='ltr'><strong>defensione</strong></span> <span class='ocrx_word' id='word_1_521' title='bbox 887 3789 984 3827; x_wconf 87' lang='lat' dir='ltr'><strong>sua</strong></span> <span class='ocrx_word' id='word_1_522' title='bbox 1007 3771 1244 3839; x_wconf 86' lang='lat' dir='ltr'><strong>dixerat,</strong></span> <span class='ocrx_word' id='word_1_523' title='bbox 1269 3771 1397 3845; x_wconf 90' lang='lat' dir='ltr'><strong>quia</strong></span> <span class='ocrx_word' id='word_1_524' title='bbox 1425 3790 1535 3828; x_wconf 90' lang='lat' dir='ltr'><strong>non</strong></span> <span class='ocrx_word' id='word_1_525' title='bbox 1585 3775 1898 3830; x_wconf 88' lang='lat' dir='ltr'><strong>contumaci</strong></span> <span class='ocrx_word' id='word_1_526' title='bbox 1947 3793 2131 3847; x_wconf 87' lang='lat' dir='ltr'><strong>super-</strong></span> 
     </span>
    </p>
   </div>
   <div class='ocr_carea' id='block_1_69' title="bbox 532 3861 2129 3938">
    <p class='ocr_par' dir='ltr' id='par_1_69' title="bbox 532 3861 2129 3938">
     <span class='ocr_line' id='line_1_69' title="bbox 532 3861 2129 3938; baseline 0.002 -21"><span class='ocrx_word' id='word_1_527' title='bbox 532 3863 642 3930; x_wconf 89' lang='lat' dir='ltr'><strong>bia,</strong></span> <span class='ocrx_word' id='word_1_528' title='bbox 675 3863 767 3916; x_wconf 88' lang='lat' dir='ltr'><strong>sed</strong></span> <span class='ocrx_word' id='word_1_529' title='bbox 799 3861 997 3916; x_wconf 91' lang='lat' dir='ltr'><strong>humili</strong></span> <span class='ocrx_word' id='word_1_530' title='bbox 1032 3861 1261 3917; x_wconf 88' lang='lat' dir='ltr'><strong>veritate</strong></span> <span class='ocrx_word' id='word_1_531' title='bbox 1307 3862 1514 3918; x_wconf 88' lang='lat' dir='ltr'><strong>dixerit</strong></span> <span class='ocrx_word' id='word_1_532' title='bbox 1551 3863 1821 3920; x_wconf 84' lang='lat' dir='ltr'><strong>ostendat.</strong></span> <span class='ocrx_word' id='word_1_533' title='bbox 1857 3863 1995 3937; x_wconf 65' lang='grc' dir='ltr'><strong>[νη.</strong></span> <span class='ocrx_word' id='word_1_534' title='bbox 2043 3863 2129 3938; x_wconf 70' lang='lat' dir='ltr'><strong>V.)</strong></span> 
     </span>
    </p>
   </div>
   <div class='ocr_carea' id='block_1_70' title="bbox 534 3950 2132 4025">
    <p class='ocr_par' dir='ltr' id='par_1_70' title="bbox 534 3950 2132 4025">
     <span class='ocr_line' id='line_1_70' title="bbox 534 3950 2132 4025; baseline 0.002 -18"><span class='ocrx_word' id='word_1_535' title='bbox 534 3952 638 4007; x_wconf 92' lang='lat' dir='ltr'><strong>Sed</strong></span> <span class='ocrx_word' id='word_1_536' title='bbox 669 3951 797 4022; x_wconf 88' lang='lat' dir='ltr'><strong>quia</strong></span> <span class='ocrx_word' id='word_1_537' title='bbox 811 3950 996 4022; x_wconf 86' lang='lat' dir='ltr'><strong>justus</strong></span> <span class='ocrx_word' id='word_1_538' title='bbox 1024 3958 1104 4006; x_wconf 89' lang='lat' dir='ltr'><strong>est</strong></span> <span class='ocrx_word' id='word_1_539' title='bbox 1133 3957 1187 4006; x_wconf 89' lang='lat' dir='ltr'><strong>et</strong></span> <span class='ocrx_word' id='word_1_540' title='bbox 1227 3953 1540 4008; x_wconf 88' lang='lat' dir='ltr'><strong>misericors</strong></span> <span class='ocrx_word' id='word_1_541' title='bbox 1587 3955 1752 4019; x_wconf 89' lang='lat' dir='ltr'><strong>Deus,</strong></span> <span class='ocrx_word' id='word_1_542' title='bbox 1783 3953 1990 4010; x_wconf 89' lang='lat' dir='ltr'><strong>amicos</strong></span> <span class='ocrx_word' id='word_1_543' title='bbox 2011 3954 2132 4025; x_wconf 89' lang='lat' dir='ltr'><strong>ejus</strong></span> 
     </span>
    </p>
   </div>
   <div class='ocr_carea' id='block_1_71' title="bbox 532 4042 2126 4116">
    <p class='ocr_par' dir='ltr' id='par_1_71' title="bbox 532 4042 2126 4116">
     <span class='ocr_line' id='line_1_71' title="bbox 532 4042 2126 4116; baseline 0.001 -19"><span class='ocrx_word' id='word_1_544' title='bbox 532 4050 587 4097; x_wconf 90' lang='lat' dir='ltr'><strong>et</strong></span> <span class='ocrx_word' id='word_1_545' title='bbox 615 4059 709 4114; x_wconf 86' lang='lat' dir='ltr'><strong>per</strong></span> <span class='ocrx_word' id='word_1_546' title='bbox 735 4042 1010 4114; x_wconf 87' lang='lat' dir='ltr'><strong>justitiam</strong></span> <span class='ocrx_word' id='word_1_547' title='bbox 1041 4042 1290 4100; x_wconf 90' lang='lat' dir='ltr'><strong>districte</strong></span> <span class='ocrx_word' id='word_1_548' title='bbox 1312 4043 1612 4114; x_wconf 80' lang='lat' dir='ltr'><strong>redarguit,</strong></span> <span class='ocrx_word' id='word_1_549' title='bbox 1635 4052 1689 4099; x_wconf 89' lang='lat' dir='ltr'><strong>et</strong></span> <span class='ocrx_word' id='word_1_550' title='bbox 1707 4061 1800 4116; x_wconf 90' lang='lat' dir='ltr'><strong>per</strong></span> <span class='ocrx_word' id='word_1_551' title='bbox 1822 4046 2126 4101; x_wconf 89' lang='lat' dir='ltr'><strong>misericor-</strong></span> 
     </span>
    </p>
   </div>
   <div class='ocr_carea' id='block_1_72' title="bbox 531 4131 1756 4206">
    <p class='ocr_par' dir='ltr' id='par_1_72' title="bbox 531 4131 1756 4206">
     <span class='ocr_line' id='line_1_72' title="bbox 531 4131 1756 4206; baseline 0.002 -18"><span class='ocrx_word' id='word_1_552' title='bbox 531 4131 680 4188; x_wconf 87' lang='lat' dir='ltr'><strong>diam</strong></span> <span class='ocrx_word' id='word_1_553' title='bbox 707 4133 942 4206; x_wconf 84' lang='lat' dir='ltr'><strong>benigne</strong></span> <span class='ocrx_word' id='word_1_554' title='bbox 969 4134 1262 4190; x_wconf 87' lang='lat' dir='ltr'><strong>convertit.</strong></span> <span class='ocrx_word' id='word_1_555' title='bbox 1294 4135 1430 4189; x_wconf 88' lang='lat' dir='ltr'><strong>Nam</strong></span> <span class='ocrx_word' id='word_1_556' title='bbox 1462 4134 1711 4206; x_wconf 86' lang='lat' dir='ltr'><strong>sequitur</strong></span> <span class='ocrx_word' id='word_1_557' title='bbox 1743 4151 1756 4190; x_wconf 90' lang='lat'><strong>:</strong></span> 
     </span>
    </p>
   </div>
   <div class='ocr_carea' id='block_1_73' title="bbox 958 4221 1704 4297">
    <p class='ocr_par' dir='ltr' id='par_1_73' title="bbox 958 4221 1704 4297">
     <span class='ocr_line' id='line_1_73' title="bbox 958 4221 1704 4297; baseline 0 -19"><span class='ocrx_word' id='word_1_558' title='bbox 958 4222 1187 4279; x_wconf 83' lang='lat' dir='ltr'><strong>CAPUT</strong></span> <span class='ocrx_word' id='word_1_559' title='bbox 1215 4223 1342 4279; x_wconf 84' lang='lat' dir='ltr'><strong>VIII</strong></span> <span class='ocrx_word' id='word_1_560' title='bbox 1373 4221 1516 4295; x_wconf 66' lang='lat' dir='ltr'><strong>[Rea</strong></span> <span class='ocrx_word' id='word_1_561' title='bbox 1556 4224 1704 4297; x_wconf 73' lang='lat' dir='ltr'><strong>VII].</strong></span> 
     </span>
    </p>
   </div>
   <div class='ocr_carea' id='block_1_74' title="bbox 605 4311 2134 4385">
    <p class='ocr_par' dir='ltr' id='par_1_74' title="bbox 605 4311 2134 4385">
     <span class='ocr_line' id='line_1_74' title="bbox 605 4311 2134 4385; baseline 0.002 -18"><span class='ocrx_word' id='word_1_562' title='bbox 605 4311 777 4367; x_wconf 74' lang='lat' dir='ltr'><strong>Vens.</strong></span> <span class='ocrx_word' id='word_1_563' title='bbox 809 4311 863 4368; x_wconf 88' lang='lat'><strong>8.</strong></span> <span class='ocrx_word' id='word_1_564' title='bbox 896 4341 967 4352; x_wconf 98' lang='lat'><strong>—</strong></span> <span class='ocrx_word' id='word_1_565' title='bbox 998 4313 1198 4368; x_wconf 80' lang='lat' dir='ltr'><strong>Sumite</strong></span> <span class='ocrx_word' id='word_1_566' title='bbox 1223 4312 1368 4366; x_wconf 79' lang='lat' dir='ltr'><strong>vobis</strong></span> <span class='ocrx_word' id='word_1_567' title='bbox 1395 4318 1590 4382; x_wconf 80' lang='lat' dir='ltr'><strong>septem</strong></span> <span class='ocrx_word' id='word_1_568' title='bbox 1630 4318 1812 4366; x_wconf 85' lang='lat' dir='ltr'><strong>tau-ros</strong></span> <span class='ocrx_word' id='word_1_569' title='bbox 1851 4319 1901 4368; x_wconf 90' lang='lat' dir='ltr'><strong>et</strong></span> <span class='ocrx_word' id='word_1_570' title='bbox 1943 4321 2134 4385; x_wconf 82' lang='lat' dir='ltr'><strong>septem</strong></span> 
     </span>
    </p>
   </div>
   <div class='ocr_carea' id='block_1_75' title="bbox 533 4399 2132 4470">
    <p class='ocr_par' dir='ltr' id='par_1_75' title="bbox 533 4399 2132 4470">
     <span class='ocr_line' id='line_1_75' title="bbox 533 4399 2132 4470; baseline 0.003 -16"><span class='ocrx_word' id='word_1_571' title='bbox 533 4399 745 4468; x_wconf 78' lang='lat' dir='ltr'><strong>arietes,</strong></span> <span class='ocrx_word' id='word_1_572' title='bbox 776 4405 824 4454; x_wconf 84' lang='lat' dir='ltr'><strong>et</strong></span> <span class='ocrx_word' id='word_1_573' title='bbox 845 4400 914 4455; x_wconf 86' lang='lat' dir='ltr'><strong>ite</strong></span> <span class='ocrx_word' id='word_1_574' title='bbox 938 4400 1010 4454; x_wconf 85' lang='lat' dir='ltr'><strong>ad</strong></span> <span class='ocrx_word' id='word_1_575' title='bbox 1038 4417 1247 4454; x_wconf 80' lang='lat' dir='ltr'><strong>ser-vum</strong></span> <span class='ocrx_word' id='word_1_576' title='bbox 1274 4417 1444 4454; x_wconf 78' lang='lat' dir='ltr'><strong>meum</strong></span> <span class='ocrx_word' id='word_1_577' title='bbox 1459 4399 1576 4468; x_wconf 83' lang='lat' dir='ltr'><strong>Job,</strong></span> <span class='ocrx_word' id='word_1_578' title='bbox 1610 4407 1657 4455; x_wconf 86' lang='lat' dir='ltr'><strong>et</strong></span> <span class='ocrx_word' id='word_1_579' title='bbox 1683 4402 1864 4470; x_wconf 74' lang='lat' dir='ltr'><strong>offerte</strong></span> <span class='ocrx_word' id='word_1_580' title='bbox 1891 4403 2132 4458; x_wconf 84' lang='lat' dir='ltr'><strong>holocau-</strong></span> 
     </span>
    </p>
   </div>
   <div class='ocr_carea' id='block_1_76' title="bbox 535 4491 2134 4566">
    <p class='ocr_par' dir='ltr' id='par_1_76' title="bbox 535 4491 2134 4566">
     <span class='ocr_line' id='line_1_76' title="bbox 535 4491 2134 4566; baseline 0.003 -21"><span class='ocrx_word' id='word_1_581' title='bbox 535 4497 675 4546; x_wconf 88' lang='lat' dir='ltr'><strong>stum</strong></span> <span class='ocrx_word' id='word_1_582' title='bbox 690 4509 793 4564; x_wconf 85' lang='lat' dir='ltr'><strong>pro</strong></span> <span class='ocrx_word' id='word_1_583' title='bbox 812 4491 977 4547; x_wconf 83' lang='lat' dir='ltr'><strong>vobis.</strong></span> <span class='ocrx_word' id='word_1_584' title='bbox 996 4491 1093 4547; x_wconf 83' lang='lat' dir='ltr'><strong>Job</strong></span> <span class='ocrx_word' id='word_1_585' title='bbox 1108 4498 1282 4547; x_wconf 84' lang='lat' dir='ltr'><strong>autem</strong></span> <span class='ocrx_word' id='word_1_586' title='bbox 1301 4509 1482 4546; x_wconf 81' lang='lat' dir='ltr'><strong>servus</strong></span> <span class='ocrx_word' id='word_1_587' title='bbox 1496 4509 1640 4547; x_wconf 88' lang='lat' dir='ltr'><strong>meus</strong></span> <span class='ocrx_word' id='word_1_588' title='bbox 1660 4493 1834 4548; x_wconf 85' lang='lat' dir='ltr'><strong>orabit</strong></span> <span class='ocrx_word' id='word_1_589' title='bbox 1843 4511 1945 4566; x_wconf 85' lang='lat' dir='ltr'><strong>pro</strong></span> <span class='ocrx_word' id='word_1_590' title='bbox 1965 4496 2134 4561; x_wconf 70' lang='lat' dir='ltr'><strong>vobis;</strong></span> 
     </span>
    </p>
   </div>
   <div class='ocr_carea' id='block_1_77' title="bbox 533 4581 2128 4658">
    <p class='ocr_par' dir='ltr' id='par_1_77' title="bbox 533 4581 2128 4658">
     <span class='ocr_line' id='line_1_77' title="bbox 533 4581 2128 4658; baseline 0.004 -22"><span class='ocrx_word' id='word_1_591' title='bbox 533 4582 724 4652; x_wconf 83' lang='lat' dir='ltr'><strong>faciem</strong></span> <span class='ocrx_word' id='word_1_592' title='bbox 750 4581 864 4651; x_wconf 85' lang='lat' dir='ltr'><strong>ejus</strong></span> <span class='ocrx_word' id='word_1_593' title='bbox 889 4581 1194 4653; x_wconf 81' lang='lat' dir='ltr'><strong>suscipiam,</strong></span> <span class='ocrx_word' id='word_1_594' title='bbox 1217 4589 1275 4638; x_wconf 89' lang='lat' dir='ltr'><strong>ut</strong></span> <span class='ocrx_word' id='word_1_595' title='bbox 1292 4601 1395 4638; x_wconf 83' lang='lat' dir='ltr'><strong>non</strong></span> <span class='ocrx_word' id='word_1_596' title='bbox 1417 4585 1560 4640; x_wconf 77' lang='lat' dir='ltr'><strong>vobis</strong></span> <span class='ocrx_word' id='word_1_597' title='bbox 1585 4586 1870 4658; x_wconf 79' lang='lat' dir='ltr'><strong>imputetur</strong></span> <span class='ocrx_word' id='word_1_598' title='bbox 1880 4588 2128 4644; x_wconf 83' lang='lat' dir='ltr'><strong>stultitia.</strong></span> 
     </span>
    </p>
   </div>
   <div class='ocr_carea' id='block_1_78' title="bbox 608 4671 2138 4749">
    <p class='ocr_par' dir='ltr' id='par_1_78' title="bbox 608 4671 2138 4749">
     <span class='ocr_line' id='line_1_78' title="bbox 608 4671 2138 4749; baseline 0.004 -23"><span class='ocrx_word' id='word_1_599' title='bbox 608 4673 694 4728; x_wconf 92' lang='grc'><strong>11.</strong></span> <span class='ocrx_word' id='word_1_600' title='bbox 726 4671 870 4727; x_wconf 86' lang='lat' dir='ltr'><strong>Deus</strong></span> <span class='ocrx_word' id='word_1_601' title='bbox 898 4673 1094 4728; x_wconf 86' lang='lat' dir='ltr'><strong>amicos</strong></span> <span class='ocrx_word' id='word_1_602' title='bbox 1123 4673 1219 4729; x_wconf 84' lang='lat' dir='ltr'><strong>Job</strong></span> <span class='ocrx_word' id='word_1_603' title='bbox 1242 4691 1342 4745; x_wconf 85' lang='lat' dir='ltr'><strong>per</strong></span> <span class='ocrx_word' id='word_1_604' title='bbox 1362 4674 1634 4745; x_wconf 84' lang='lat' dir='ltr'><strong>justitiam</strong></span> <span class='ocrx_word' id='word_1_605' title='bbox 1661 4677 1956 4747; x_wconf 81' lang='lat' dir='ltr'><strong>redarguit,</strong></span> <span class='ocrx_word' id='word_1_606' title='bbox 1979 4684 2028 4732; x_wconf 84' lang='lat' dir='ltr'><strong>et</strong></span> <span class='ocrx_word' id='word_1_607' title='bbox 2039 4695 2138 4749; x_wconf 86' lang='lat' dir='ltr'><strong>per</strong></span> 
     </span>
    </p>
   </div>
   <div class='ocr_carea' id='block_1_79' title="bbox 533 4761 2134 4837">
    <p class='ocr_par' dir='ltr' id='par_1_79' title="bbox 533 4761 2134 4837">
     <span class='ocr_line' id='line_1_79' title="bbox 533 4761 2134 4837; baseline 0.004 -21"><span class='ocrx_word' id='word_1_608' title='bbox 533 4761 956 4818; x_wconf 83' lang='lat' dir='ltr'><strong>misericordiam</strong></span> <span class='ocrx_word' id='word_1_609' title='bbox 984 4763 1342 4820; x_wconf 83' lang='lat' dir='ltr'><strong>convertit.—</strong></span> <span class='ocrx_word' id='word_1_610' title='bbox 1361 4766 1504 4822; x_wconf 89' lang='lat' dir='ltr'><strong>Ecce</strong></span> <span class='ocrx_word' id='word_1_611' title='bbox 1520 4765 1707 4837; x_wconf 90' lang='lat' dir='ltr'><strong>justus</strong></span> <span class='ocrx_word' id='word_1_612' title='bbox 1738 4774 1791 4822; x_wconf 89' lang='lat' dir='ltr'><strong>et</strong></span> <span class='ocrx_word' id='word_1_613' title='bbox 1822 4767 2134 4822; x_wconf 91' lang='lat' dir='ltr'><strong>misericors</strong></span> 
     </span>
    </p>
   </div>
   <div class='ocr_carea' id='block_1_80' title="bbox 531 4854 2132 4927">
    <p class='ocr_par' dir='ltr' id='par_1_80' title="bbox 531 4854 2132 4927">
     <span class='ocr_line' id='line_1_80' title="bbox 531 4854 2132 4927; baseline 0.001 -17"><span class='ocrx_word' id='word_1_614' title='bbox 531 4855 678 4910; x_wconf 87' lang='lat' dir='ltr'><strong>Deus</strong></span> <span class='ocrx_word' id='word_1_615' title='bbox 709 4870 811 4912; x_wconf 90' lang='lat' dir='ltr'><strong>nec</strong></span> <span class='ocrx_word' id='word_1_616' title='bbox 839 4854 1030 4926; x_wconf 89' lang='lat' dir='ltr'><strong>culpas</strong></span> <span class='ocrx_word' id='word_1_617' title='bbox 1065 4855 1183 4910; x_wconf 90' lang='lat' dir='ltr'><strong>sine</strong></span> <span class='ocrx_word' id='word_1_618' title='bbox 1224 4855 1598 4927; x_wconf 89' lang='lat' dir='ltr'><strong>increpatione</strong></span> <span class='ocrx_word' id='word_1_619' title='bbox 1629 4855 1853 4924; x_wconf 86' lang='lat' dir='ltr'><strong>deserit,</strong></span> <span class='ocrx_word' id='word_1_620' title='bbox 1886 4873 1987 4912; x_wconf 88' lang='lat' dir='ltr'><strong>nec</strong></span> <span class='ocrx_word' id='word_1_621' title='bbox 2015 4873 2132 4913; x_wconf 89' lang='lat' dir='ltr'><strong>rea-</strong></span> 
     </span>
    </p>
   </div>
   <div class='ocr_carea' id='block_1_81' title="bbox 604 5047 2129 5120">
    <p class='ocr_par' dir='ltr' id='par_1_81' title="bbox 604 5047 2129 5120">
     <span class='ocr_line' id='line_1_81' title="bbox 604 5047 2129 5120; baseline -0.001 -15"><span class='ocrx_word' id='word_1_622' title='bbox 604 5051 623 5084; x_wconf 87' lang='grc'>¹</span> <span class='ocrx_word' id='word_1_623' title='bbox 657 5051 828 5120; x_wconf 67' lang='lat' dir='ltr'><strong>Saepe,</strong></span> <span class='ocrx_word' id='word_1_624' title='bbox 861 5047 1105 5104; x_wconf 85' lang='lat' dir='ltr'><strong>maxime</strong></span> <span class='ocrx_word' id='word_1_625' title='bbox 1135 5048 1372 5120; x_wconf 61' lang='lat' dir='ltr'><strong>praefat,</strong></span> <span class='ocrx_word' id='word_1_626' title='bbox 1404 5047 1582 5119; x_wconf 89' lang='lat' dir='ltr'><strong>capite</strong></span> <span class='ocrx_word' id='word_1_627' title='bbox 1611 5047 1662 5114; x_wconf 90' lang='lat'><strong>3,</strong></span> <span class='ocrx_word' id='word_1_628' title='bbox 1697 5047 1842 5103; x_wconf 85' lang='lat' dir='ltr'><strong>circa</strong></span> <span class='ocrx_word' id='word_1_629' title='bbox 1863 5048 2129 5105; x_wconf 89' lang='lat' dir='ltr'><strong>medium.</strong></span> 
     </span>
    </p>
   </div>
   <div class='ocr_carea' id='block_1_82' title="bbox 601 5119 2128 5188">
    <p class='ocr_par' dir='ltr' id='par_1_82' title="bbox 601 5119 2128 5188">
     <span class='ocr_line' id='line_1_82' title="bbox 601 5119 2128 5188; baseline 0.001 -13"><span class='ocrx_word' id='word_1_630' title='bbox 601 5123 624 5157; x_wconf 83' lang='grc'><strong><em>²</em></strong></span> <span class='ocrx_word' id='word_1_631' title='bbox 654 5119 826 5188; x_wconf 85' lang='lat' dir='ltr'><strong>Editi,</strong></span> <span class='ocrx_word' id='word_1_632' title='bbox 849 5121 905 5173; x_wconf 83' lang='lat' dir='ltr'><strong>iu</strong></span> <span class='ocrx_word' id='word_1_633' title='bbox 929 5137 1027 5173; x_wconf 85' lang='lat' dir='ltr'><strong>sua</strong></span> <span class='ocrx_word' id='word_1_634' title='bbox 1046 5119 1332 5172; x_wconf 75' lang='lat' dir='ltr'><strong>assertione</strong></span> <span class='ocrx_word' id='word_1_635' title='bbox 1347 5136 1570 5174; x_wconf 78' lang='lat' dir='ltr'><strong>errasse.</strong></span> <span class='ocrx_word' id='word_1_636' title='bbox 1595 5120 1776 5176; x_wconf 84' lang='lat' dir='ltr'><strong>Secuti</strong></span> <span class='ocrx_word' id='word_1_637' title='bbox 1795 5137 1985 5175; x_wconf 86' lang='lat' dir='ltr'><strong>sumus</strong></span> <span class='ocrx_word' id='word_1_638' title='bbox 2001 5122 2128 5177; x_wconf 86' lang='lat' dir='ltr'><strong>Mss.</strong></span> 
     </span>
    </p>
   </div>
   <div class='ocr_carea' id='block_1_83' title="bbox 529 5190 2132 5264">
    <p class='ocr_par' dir='ltr' id='par_1_83' title="bbox 529 5190 2132 5264">
     <span class='ocr_line' id='line_1_83' title="bbox 529 5190 2132 5264; baseline -0.002 -14"><span class='ocrx_word' id='word_1_639' title='bbox 529 5192 694 5250; x_wconf 87' lang='lat' dir='ltr'><strong>Corb.</strong></span> <span class='ocrx_word' id='word_1_640' title='bbox 718 5193 928 5258; x_wconf 84' lang='lat' dir='ltr'><strong>Germ.,</strong></span> <span class='ocrx_word' id='word_1_641' title='bbox 953 5191 1215 5258; x_wconf 85' lang='lat' dir='ltr'><strong>Vindoc.,</strong></span> <span class='ocrx_word' id='word_1_642' title='bbox 1239 5190 1437 5258; x_wconf 87' lang='lat' dir='ltr'><strong>Laud.,</strong></span> <span class='ocrx_word' id='word_1_643' title='bbox 1459 5193 1652 5246; x_wconf 89' lang='lat' dir='ltr'><strong>Norm.</strong></span> <span class='ocrx_word' id='word_1_644' title='bbox 1691 5193 1752 5247; x_wconf 88' lang='lat' dir='ltr'><strong>In</strong></span> <span class='ocrx_word' id='word_1_645' title='bbox 1775 5193 1988 5261; x_wconf 87' lang='lat' dir='ltr'><strong>Germ.,</strong></span> <span class='ocrx_word' id='word_1_646' title='bbox 2005 5210 2132 5264; x_wconf 86' lang='lat' dir='ltr'><strong>pro-</strong></span> 
     </span>
    </p>
   </div>
   <div class='ocr_carea' id='block_1_84' title="bbox 531 5266 1206 5320">
    <p class='ocr_par' dir='ltr' id='par_1_84' title="bbox 531 5266 1206 5320">
     <span class='ocr_line' id='line_1_84' title="bbox 531 5266 1206 5320; baseline -0.003 -1"><span class='ocrx_word' id='word_1_647' title='bbox 531 5266 745 5320; x_wconf 76' lang='lat' dir='ltr'><strong>didisse.</strong></span> <span class='ocrx_word' id='word_1_648' title='bbox 1199 5268 1206 5275; x_wconf 87' lang='grc'><strong>’</strong></span> 
     </span>
    </p>
   </div>
   <div class='ocr_carea' id='block_1_85' title="bbox 606 5333 2128 5406">
    <p class='ocr_par' dir='ltr' id='par_1_85' title="bbox 606 5333 2128 5406">
     <span class='ocr_line' id='line_1_85' title="bbox 606 5333 2128 5406; baseline -0.001 -15"><span class='ocrx_word' id='word_1_649' title='bbox 606 5339 626 5370; x_wconf 79' lang='grc'><strong>³</strong></span> <span class='ocrx_word' id='word_1_650' title='bbox 657 5336 842 5392; x_wconf 87' lang='lat' dir='ltr'><strong>Germ.</strong></span> <span class='ocrx_word' id='word_1_651' title='bbox 872 5345 924 5394; x_wconf 86' lang='lat' dir='ltr'><strong>et</strong></span> <span class='ocrx_word' id='word_1_652' title='bbox 967 5335 1070 5392; x_wconf 88' lang='lat' dir='ltr'><strong>Ed.</strong></span> <span class='ocrx_word' id='word_1_653' title='bbox 1105 5334 1272 5392; x_wconf 89' lang='lat' dir='ltr'><strong>Basil.</strong></span> <span class='ocrx_word' id='word_1_654' title='bbox 1311 5334 1466 5401; x_wconf 71' lang='grc'><strong>1514,</strong></span> <span class='ocrx_word' id='word_1_655' title='bbox 1501 5351 1626 5406; x_wconf 89' lang='lat' dir='ltr'><strong>cum</strong></span> <span class='ocrx_word' id='word_1_656' title='bbox 1677 5333 1802 5390; x_wconf 88' lang='lat' dir='ltr'><strong>aliis</strong></span> <span class='ocrx_word' id='word_1_657' title='bbox 1849 5334 2128 5406; x_wconf 88' lang='lat' dir='ltr'><strong>deinceps,</strong></span> 
     </span>
    </p>
   </div>
   <div class='ocr_carea' id='block_1_86' title="bbox 534 5405 2126 5463">
    <p class='ocr_par' dir='ltr' id='par_1_86' title="bbox 534 5405 2126 5463">
     <span class='ocr_line' id='line_1_86' title="bbox 534 5405 2126 5463; baseline 0 -3"><span class='ocrx_word' id='word_1_658' title='bbox 534 5408 798 5461; x_wconf 83' lang='lat' dir='ltr'><strong>tentalori.</strong></span> <span class='ocrx_word' id='word_1_659' title='bbox 834 5408 974 5463; x_wconf 89' lang='lat' dir='ltr'><strong>lluic</strong></span> <span class='ocrx_word' id='word_1_660' title='bbox 1003 5409 1122 5463; x_wconf 87' lang='lat' dir='ltr'><strong>loco</strong></span> <span class='ocrx_word' id='word_1_661' title='bbox 1151 5407 1492 5461; x_wconf 87' lang='lat' dir='ltr'><strong>emendando</strong></span> <span class='ocrx_word' id='word_1_662' title='bbox 1521 5405 1818 5460; x_wconf 85' lang='lat' dir='ltr'><strong>adfuerunt</strong></span> <span class='ocrx_word' id='word_1_663' title='bbox 1847 5407 1972 5460; x_wconf 76' lang='lat' dir='ltr'><strong>Mss.</strong></span> <span class='ocrx_word' id='word_1_664' title='bbox 2015 5405 2126 5461; x_wconf 71' lang='lat' dir='ltr'><strong>An-</strong></span> 
     </span>
    </p>
   </div>
   <div class='ocr_carea' id='block_1_87' title="bbox 567 5477 2124 5546">
    <p class='ocr_par' dir='ltr' id='par_1_87' title="bbox 567 5477 2124 5546">
     <span class='ocr_line' id='line_1_87' title="bbox 567 5477 2124 5546; baseline 0 -14"><span class='ocrx_word' id='word_1_665' title='bbox 567 5479 683 5546; x_wconf 90' lang='lat' dir='ltr'><strong>lic.,</strong></span> <span class='ocrx_word' id='word_1_666' title='bbox 715 5479 998 5544; x_wconf 83' lang='lat' dir='ltr'><strong>Norman.,</strong></span> <span class='ocrx_word' id='word_1_667' title='bbox 1037 5478 1199 5534; x_wconf 85' lang='lat' dir='ltr'><strong>Corb.</strong></span> <span class='ocrx_word' id='word_1_668' title='bbox 1233 5479 1443 5546; x_wconf 90' lang='lat' dir='ltr'><strong>Germ.,</strong></span> <span class='ocrx_word' id='word_1_669' title='bbox 1479 5477 1710 5532; x_wconf 73' lang='lat' dir='ltr'><strong>Vindoc.</strong></span> <span class='ocrx_word' id='word_1_670' title='bbox 1745 5484 1798 5530; x_wconf 89' lang='lat' dir='ltr'><strong>et</strong></span> <span class='ocrx_word' id='word_1_671' title='bbox 1833 5485 1991 5532; x_wconf 71' lang='lat' dir='ltr'><strong>vetus</strong></span> <span class='ocrx_word' id='word_1_672' title='bbox 2021 5477 2124 5532; x_wconf 87' lang='lat' dir='ltr'><strong>Ed.</strong></span> 
     </span>
    </p>
   </div>
   <div class='ocr_carea' id='block_1_88' title="bbox 551 5548 2128 5620">
    <p class='ocr_par' dir='ltr' id='par_1_88' title="bbox 551 5548 2128 5620">
     <span class='ocr_line' id='line_1_88' title="bbox 551 5548 2128 5620; baseline 0 -16"><span class='ocrx_word' id='word_1_673' title='bbox 551 5551 700 5606; x_wconf 75' lang='lat' dir='ltr'><strong>[’aris.</strong></span> <span class='ocrx_word' id='word_1_674' title='bbox 739 5549 902 5620; x_wconf 78' lang='grc'><strong>1495,</strong></span> <span class='ocrx_word' id='word_1_675' title='bbox 935 5548 992 5603; x_wconf 90' lang='lat' dir='ltr'><strong>in</strong></span> <span class='ocrx_word' id='word_1_676' title='bbox 1023 5565 1129 5620; x_wconf 87' lang='lat' dir='ltr'><strong>qua</strong></span> <span class='ocrx_word' id='word_1_677' title='bbox 1172 5557 1356 5604; x_wconf 86' lang='lat' dir='ltr'><strong>tamen</strong></span> <span class='ocrx_word' id='word_1_678' title='bbox 1405 5549 1606 5620; x_wconf 83' lang='lat' dir='ltr'><strong>legitur</strong></span> <span class='ocrx_word' id='word_1_679' title='bbox 1644 5549 1975 5620; x_wconf 78' lang='lat' dir='ltr'><strong>protulisset,</strong></span> <span class='ocrx_word' id='word_1_680' title='bbox 2009 5549 2128 5604; x_wconf 89' lang='lat' dir='ltr'><strong>loco</strong></span> 
     </span>
    </p>
   </div>
   <div class='ocr_carea' id='block_1_89' title="bbox 523 5619 868 5692">
    <p class='ocr_par' dir='ltr' id='par_1_89' title="bbox 523 5619 868 5692">
     <span class='ocr_line' id='line_1_89' title="bbox 523 5619 868 5692; baseline -0.009 -19"><span class='ocrx_word' id='word_1_681' title='bbox 523 5620 724 5692; x_wconf 64' lang='lat' dir='ltr'><strong>prwtttt</strong></span> <span class='ocrx_word' id='word_1_682' title='bbox 731 5619 868 5692; x_wconf 78' lang='lat' dir='ltr'><strong>isset.</strong></span> 
     </span>
    </p>
   </div>
   <div class='ocr_carea' id='block_1_90' title="bbox 601 5687 1234 5754">
    <p class='ocr_par' dir='ltr' id='par_1_90' title="bbox 601 5687 1234 5754">
     <span class='ocr_line' id='line_1_90' title="bbox 601 5687 1234 5754; baseline 0.003 -12"><span class='ocrx_word' id='word_1_683' title='bbox 601 5695 624 5726; x_wconf 68' lang='grc' dir='ltr'><strong>’θ</strong></span> <span class='ocrx_word' id='word_1_684' title='bbox 656 5687 922 5754; x_wconf 85' lang='lat' dir='ltr'><strong>Vindoc.,</strong></span> <span class='ocrx_word' id='word_1_685' title='bbox 952 5695 1234 5747; x_wconf 74' lang='lat' dir='ltr'><strong>castorum.</strong></span> 
     </span>
    </p>
   </div>
   <div class='ocr_carea' id='block_1_91' title="bbox 599 5757 2127 5831">
    <p class='ocr_par' dir='ltr' id='par_1_91' title="bbox 599 5757 2127 5831">
     <span class='ocr_line' id='line_1_91' title="bbox 599 5757 2127 5831; baseline 0.001 -16"><span class='ocrx_word' id='word_1_686' title='bbox 599 5763 620 5796; x_wconf 75' lang='grc'><em>⁵</em></span> <span class='ocrx_word' id='word_1_687' title='bbox 654 5757 894 5815; x_wconf 82' lang='lat' dir='ltr'><strong>Vindoc.</strong></span> <span class='ocrx_word' id='word_1_688' title='bbox 932 5765 985 5812; x_wconf 89' lang='lat' dir='ltr'><strong>et</strong></span> <span class='ocrx_word' id='word_1_689' title='bbox 1021 5759 1094 5829; x_wconf 91' lang='lat' dir='ltr'><strong>pl.</strong></span> <span class='ocrx_word' id='word_1_690' title='bbox 1127 5762 1339 5831; x_wconf 86' lang='lat' dir='ltr'><strong>Norm.,</strong></span> <span class='ocrx_word' id='word_1_691' title='bbox 1388 5780 1526 5818; x_wconf 82' lang='lat' dir='ltr'><strong>nunc</strong></span> <span class='ocrx_word' id='word_1_692' title='bbox 1576 5763 1775 5818; x_wconf 81' lang='lat' dir='ltr'><strong>dicitur</strong></span> <span class='ocrx_word' id='word_1_693' title='bbox 1804 5780 1822 5816; x_wconf 90' lang='lat'><em>:</em></span> <span class='ocrx_word' id='word_1_694' title='bbox 1851 5780 1959 5816; x_wconf 84' lang='lat' dir='ltr'><strong>non</strong></span> <span class='ocrx_word' id='word_1_695' title='bbox 2003 5764 2127 5818; x_wconf 86' lang='lat' dir='ltr'><strong>estis</strong></span> 
     </span>
    </p>
   </div>
   <div class='ocr_carea' id='block_1_92' title="bbox 529 5831 2126 5902">
    <p class='ocr_par' dir='ltr' id='par_1_92' title="bbox 529 5831 2126 5902">
     <span class='ocr_line' id='line_1_92' title="bbox 529 5831 2126 5902; baseline 0.002 -16"><span class='ocrx_word' id='word_1_696' title='bbox 529 5831 690 5886; x_wconf 83' lang='lat' dir='ltr'><strong>locuti</strong></span> <span class='ocrx_word' id='word_1_697' title='bbox 717 5845 896 5883; x_wconf 86' lang='lat' dir='ltr'><strong>coram</strong></span> <span class='ocrx_word' id='word_1_698' title='bbox 925 5845 1003 5883; x_wconf 85' lang='lat' dir='ltr'><strong>me</strong></span> <span class='ocrx_word' id='word_1_699' title='bbox 1027 5839 1221 5886; x_wconf 84' lang='lat' dir='ltr'><strong>rectum</strong></span> <span class='ocrx_word' id='word_1_700' title='bbox 1249 5835 1384 5888; x_wconf 83' lang='lat' dir='ltr'><strong>sicut</strong></span> <span class='ocrx_word' id='word_1_701' title='bbox 1411 5851 1595 5888; x_wconf 77' lang='lat' dir='ltr'><strong>smus</strong></span> <span class='ocrx_word' id='word_1_702' title='bbox 1620 5833 1971 5902; x_wconf 82' lang='lat' dir='ltr'><strong>meusJob,ut</strong></span> <span class='ocrx_word' id='word_1_703' title='bbox 1986 5835 2126 5889; x_wconf 83' lang='lat' dir='ltr'><strong>vide-</strong></span> 
     </span>
    </p>
   </div>
   <div class='ocr_carea' id='block_1_93' title="bbox 530 5903 666 5958">
    <p class='ocr_par' dir='ltr' id='par_1_93' title="bbox 530 5903 666 5958">
     <span class='ocr_line' id='line_1_93' title="bbox 530 5903 666 5958; baseline 0 0"><span class='ocrx_word' id='word_1_704' title='bbox 530 5903 666 5958; x_wconf 82' lang='lat' dir='ltr'><strong>licet.</strong></span> 
     </span>
    </p>
   </div>
   <div class='ocr_carea' id='block_1_94' title="bbox 2242 3329 3857 3408">
    <p class='ocr_par' dir='ltr' id='par_1_94' title="bbox 2242 3329 3857 3408">
     <span class='ocr_line' id='line_1_94' title="bbox 2242 3329 3857 3408; baseline -0.005 -16"><span class='ocrx_word' id='word_1_705' title='bbox 2242 3336 2351 3408; x_wconf 90' lang='lat' dir='ltr'><strong>Ipsi</strong></span> <span class='ocrx_word' id='word_1_706' title='bbox 2381 3334 2526 3389; x_wconf 92' lang='lat' dir='ltr'><strong>enim</strong></span> <span class='ocrx_word' id='word_1_707' title='bbox 2559 3335 2686 3388; x_wconf 86' lang='lat' dir='ltr'><strong>volo</strong></span> <span class='ocrx_word' id='word_1_708' title='bbox 2717 3333 3000 3388; x_wconf 87' lang='lat' dir='ltr'><strong>dimittere</strong></span> <span class='ocrx_word' id='word_1_709' title='bbox 3033 3333 3089 3388; x_wconf 92' lang='lat' dir='ltr'><strong>id</strong></span> <span class='ocrx_word' id='word_1_710' title='bbox 3118 3331 3269 3405; x_wconf 90' lang='lat' dir='ltr'><strong>quod</strong></span> <span class='ocrx_word' id='word_1_711' title='bbox 3301 3331 3441 3386; x_wconf 88' lang='lat' dir='ltr'><strong>mihi</strong></span> <span class='ocrx_word' id='word_1_712' title='bbox 3472 3331 3530 3386; x_wconf 93' lang='lat' dir='ltr'><strong>in</strong></span> <span class='ocrx_word' id='word_1_713' title='bbox 3559 3331 3682 3402; x_wconf 88' lang='lat' dir='ltr'><strong>ipsa</strong></span> <span class='ocrx_word' id='word_1_714' title='bbox 3723 3329 3857 3385; x_wconf 88' lang='lat' dir='ltr'><strong>deli-</strong></span> 
     </span>
    </p>
   </div>
   <div class='ocr_carea' id='block_1_95' title="bbox 2239 3421 3853 3498">
    <p class='ocr_par' dir='ltr' id='par_1_95' title="bbox 2239 3421 3853 3498">
     <span class='ocr_line' id='line_1_95' title="bbox 2239 3421 3853 3498; baseline -0.004 -17"><span class='ocrx_word' id='word_1_715' title='bbox 2239 3425 2456 3498; x_wconf 89' lang='lat' dir='ltr'><strong>quistis,</strong></span> <span class='ocrx_word' id='word_1_716' title='bbox 2479 3433 2541 3480; x_wconf 91' lang='lat' dir='ltr'><strong>ut</strong></span> <span class='ocrx_word' id='word_1_717' title='bbox 2569 3423 2686 3478; x_wconf 84' lang='lat' dir='ltr'><strong>haec</strong></span> <span class='ocrx_word' id='word_1_718' title='bbox 2713 3431 2951 3478; x_wconf 85' lang='lat' dir='ltr'><strong>vestram</strong></span> <span class='ocrx_word' id='word_1_719' title='bbox 2984 3422 3423 3477; x_wconf 86' lang='lat' dir='ltr'><strong>incolumitatem</strong></span> <span class='ocrx_word' id='word_1_720' title='bbox 3445 3421 3702 3477; x_wconf 89' lang='lat' dir='ltr'><strong>obtineat</strong></span> <span class='ocrx_word' id='word_1_721' title='bbox 3731 3435 3853 3494; x_wconf 66' lang='lat' dir='ltr'><strong>quae</strong></span> 
     </span>
    </p>
   </div>
   <div class='ocr_carea' id='block_1_96' title="bbox 2241 3512 3142 3583">
    <p class='ocr_par' dir='ltr' id='par_1_96' title="bbox 2241 3512 3142 3583">
     <span class='ocr_line' id='line_1_96' title="bbox 2241 3512 3142 3583; baseline -0.002 -15"><span class='ocrx_word' id='word_1_722' title='bbox 2241 3529 2309 3570; x_wconf 90' lang='lat' dir='ltr'><strong>ex</strong></span> <span class='ocrx_word' id='word_1_723' title='bbox 2337 3522 2518 3568; x_wconf 86' lang='lat' dir='ltr'><strong>vestro</strong></span> <span class='ocrx_word' id='word_1_724' title='bbox 2550 3514 2812 3583; x_wconf 82' lang='lat' dir='ltr'><strong>languore</strong></span> <span class='ocrx_word' id='word_1_725' title='bbox 2843 3512 3142 3568; x_wconf 87' lang='lat' dir='ltr'><strong>laborabat.</strong></span> 
     </span>
    </p>
   </div>
   <div class='ocr_carea' id='block_1_97' title="bbox 2315 3603 3850 3680">
    <p class='ocr_par' dir='ltr' id='par_1_97' title="bbox 2315 3603 3850 3680">
     <span class='ocr_line' id='line_1_97' title="bbox 2315 3603 3850 3680; baseline -0.004 -16"><span class='ocrx_word' id='word_1_726' title='bbox 2315 3605 2454 3680; x_wconf 83' lang='lat' dir='ltr'><strong>[Vet.</strong></span> <span class='ocrx_word' id='word_1_727' title='bbox 2495 3604 2613 3678; x_wconf 76' lang='lat' dir='ltr'><strong>VL]</strong></span> <span class='ocrx_word' id='word_1_728' title='bbox 2651 3605 2734 3660; x_wconf 85' lang='lat' dir='ltr'><strong>l3.</strong></span> <span class='ocrx_word' id='word_1_729' title='bbox 2767 3603 3624 3676; x_wconf 55' lang='lat' dir='ltr'><strong>Ecclesiteprterogatime—Sola</strong></span> <span class='ocrx_word' id='word_1_730' title='bbox 3643 3603 3850 3677; x_wconf 82' lang='lat' dir='ltr'><strong>quippe</strong></span> 
     </span>
    </p>
   </div>
   <div class='ocr_carea' id='block_1_98' title="bbox 2241 3693 3850 3769">
    <p class='ocr_par' dir='ltr' id='par_1_98' title="bbox 2241 3693 3850 3769">
     <span class='ocr_line' id='line_1_98' title="bbox 2241 3693 3850 3769; baseline -0.003 -17"><span class='ocrx_word' id='word_1_731' title='bbox 2241 3708 2320 3753; x_wconf 86' lang='lat' dir='ltr'><strong>est</strong></span> <span class='ocrx_word' id='word_1_732' title='bbox 2353 3714 2447 3769; x_wconf 87' lang='lat' dir='ltr'><strong>per</strong></span> <span class='ocrx_word' id='word_1_733' title='bbox 2475 3713 2636 3769; x_wconf 86' lang='lat' dir='ltr'><strong>quam</strong></span> <span class='ocrx_word' id='word_1_734' title='bbox 2668 3695 3001 3752; x_wconf 87' lang='lat' dir='ltr'><strong>sacriﬁcium</strong></span> <span class='ocrx_word' id='word_1_735' title='bbox 3034 3697 3304 3750; x_wconf 78' lang='lat' dir='ltr'><strong>Dominus</strong></span> <span class='ocrx_word' id='word_1_736' title='bbox 3334 3693 3576 3752; x_wconf 87' lang='lat' dir='ltr'><strong>libenter</strong></span> <span class='ocrx_word' id='word_1_737' title='bbox 3613 3693 3850 3765; x_wconf 88' lang='lat' dir='ltr'><strong>accipiat</strong></span> 
     </span>
    </p>
   </div>
   <div class='ocr_carea' id='block_1_99' title="bbox 2240 3784 3852 3858">
    <p class='ocr_par' dir='ltr' id='par_1_99' title="bbox 2240 3784 3852 3858">
     <span class='ocr_line' id='line_1_99' title="bbox 2240 3784 3852 3858; baseline -0.004 -15"><span class='ocrx_word' id='word_1_738' title='bbox 2240 3787 2358 3858; x_wconf 61' lang='lat' dir='ltr'><strong>(2d,</strong></span> <span class='ocrx_word' id='word_1_739' title='bbox 2393 3803 2444 3858; x_wconf 89' lang='lat' dir='ltr'><strong>q.</strong></span> <span class='ocrx_word' id='word_1_740' title='bbox 2481 3787 2532 3855; x_wconf 90' lang='grc'><strong>1,</strong></span> <span class='ocrx_word' id='word_1_741' title='bbox 2563 3804 2606 3841; x_wconf 90' lang='lat' dir='ltr'><strong>c.</strong></span> <span class='ocrx_word' id='word_1_742' title='bbox 2645 3785 2734 3851; x_wconf 76' lang='grc'><strong>22,</strong></span> <span class='ocrx_word' id='word_1_743' title='bbox 2768 3784 2796 3856; x_wconf 82' lang='lat'>§</span> <span class='ocrx_word' id='word_1_744' title='bbox 2845 3786 2970 3840; x_wconf 83' lang='lat' dir='ltr'><strong>Sola</strong></span> <span class='ocrx_word' id='word_1_745' title='bbox 3015 3785 3253 3856; x_wconf 85' lang='lat' dir='ltr'><strong>quippe),</strong></span> <span class='ocrx_word' id='word_1_746' title='bbox 3301 3785 3418 3840; x_wconf 86' lang='lat' dir='ltr'><strong>sola</strong></span> <span class='ocrx_word' id='word_1_747' title='bbox 3447 3801 3570 3856; x_wconf 66' lang='lat' dir='ltr'><strong>qua)</strong></span> <span class='ocrx_word' id='word_1_748' title='bbox 3617 3801 3723 3855; x_wconf 86' lang='lat' dir='ltr'><strong>pro</strong></span> <span class='ocrx_word' id='word_1_749' title='bbox 3757 3798 3852 3838; x_wconf 57' lang='lat' dir='ltr'><strong>er.</strong></span> 
     </span>
    </p>
   </div>
   <div class='ocr_carea' id='block_1_100' title="bbox 2241 3871 3848 3943">
    <p class='ocr_par' dir='ltr' id='par_1_100' title="bbox 2241 3871 3848 3943">
     <span class='ocr_line' id='line_1_100' title="bbox 2241 3871 3848 3943; baseline -0.004 -11"><span class='ocrx_word' id='word_1_750' title='bbox 2241 3876 2492 3932; x_wconf 89' lang='lat' dir='ltr'><strong>rantibus</strong></span> <span class='ocrx_word' id='word_1_751' title='bbox 2529 3875 2864 3931; x_wconf 87' lang='lat' dir='ltr'><strong>ﬁducialiter</strong></span> <span class='ocrx_word' id='word_1_752' title='bbox 2895 3873 3217 3930; x_wconf 84' lang='lat' dir='ltr'><strong>intercedat.</strong></span> <span class='ocrx_word' id='word_1_753' title='bbox 3240 3873 3394 3929; x_wconf 91' lang='lat' dir='ltr'><strong>Unde</strong></span> <span class='ocrx_word' id='word_1_754' title='bbox 3423 3873 3592 3928; x_wconf 89' lang='lat' dir='ltr'><strong>etiam</strong></span> <span class='ocrx_word' id='word_1_755' title='bbox 3621 3871 3691 3927; x_wconf 89' lang='lat' dir='ltr'><strong>de</strong></span> <span class='ocrx_word' id='word_1_756' title='bbox 3723 3871 3848 3943; x_wconf 80' lang='lat' dir='ltr'><strong>agni</strong></span> 
     </span>
    </p>
   </div>
   <div class='ocr_carea' id='block_1_101' title="bbox 2240 3963 3850 4038">
    <p class='ocr_par' dir='ltr' id='par_1_101' title="bbox 2240 3963 3850 4038">
     <span class='ocr_line' id='line_1_101' title="bbox 2240 3963 3850 4038; baseline -0.004 -16"><span class='ocrx_word' id='word_1_757' title='bbox 2240 3967 2421 4023; x_wconf 89' lang='lat' dir='ltr'><strong>hostia</strong></span> <span class='ocrx_word' id='word_1_758' title='bbox 2450 3965 2720 4020; x_wconf 88' lang='lat' dir='ltr'><strong>Dominus</strong></span> <span class='ocrx_word' id='word_1_759' title='bbox 2755 3965 3034 4038; x_wconf 66' lang='lat' dir='ltr'><strong>praecepit,</strong></span> <span class='ocrx_word' id='word_1_760' title='bbox 3070 3965 3259 4020; x_wconf 85' lang='lat' dir='ltr'><strong>dicens</strong></span> <span class='ocrx_word' id='word_1_761' title='bbox 3293 3981 3304 4019; x_wconf 92' lang='lat'><strong>:</strong></span> <span class='ocrx_word' id='word_1_762' title='bbox 3341 3965 3409 4020; x_wconf 81' lang='lat' dir='ltr'><strong>In</strong></span> <span class='ocrx_word' id='word_1_763' title='bbox 3437 3981 3548 4019; x_wconf 83' lang='lat' dir='ltr'><strong>una</strong></span> <span class='ocrx_word' id='word_1_764' title='bbox 3577 3963 3738 4017; x_wconf 87' lang='lat' dir='ltr'><strong>domo</strong></span> <span class='ocrx_word' id='word_1_765' title='bbox 3773 3981 3850 4017; x_wconf 84' lang='lat' dir='ltr'><strong>co-</strong></span> 
     </span>
    </p>
   </div>
   <div class='ocr_carea' id='block_1_102' title="bbox 2240 4054 3847 4126">
    <p class='ocr_par' dir='ltr' id='par_1_102' title="bbox 2240 4054 3847 4126">
     <span class='ocr_line' id='line_1_102' title="bbox 2240 4054 3847 4126; baseline -0.001 -14"><span class='ocrx_word' id='word_1_766' title='bbox 2240 4058 2495 4122; x_wconf 78' lang='lat' dir='ltr'><strong>medetur,</strong></span> <span class='ocrx_word' id='word_1_767' title='bbox 2541 4073 2632 4110; x_wconf 76' lang='lat' dir='ltr'><strong>nec</strong></span> <span class='ocrx_word' id='word_1_768' title='bbox 2677 4057 2897 4126; x_wconf 74' lang='lat' dir='ltr'><strong>e/Te—retis</strong></span> <span class='ocrx_word' id='word_1_769' title='bbox 2939 4057 3002 4111; x_wconf 83' lang='lat' dir='ltr'><strong>de</strong></span> <span class='ocrx_word' id='word_1_770' title='bbox 3029 4057 3280 4111; x_wconf 82' lang='lat' dir='ltr'><strong>carnibus</strong></span> <span class='ocrx_word' id='word_1_771' title='bbox 3308 4055 3422 4125; x_wconf 87' lang='lat' dir='ltr'><strong>ejus</strong></span> <span class='ocrx_word' id='word_1_772' title='bbox 3450 4054 3607 4125; x_wconf 78' lang='lat' dir='ltr'><strong>foras</strong></span> <span class='ocrx_word' id='word_1_773' title='bbox 3639 4055 3847 4126; x_wconf 65' lang='lat' dir='ltr'><strong>(Exod.</strong></span> 
     </span>
    </p>
   </div>
   <div class='ocr_carea' id='block_1_103' title="bbox 2239 4145 3848 4219">
    <p class='ocr_par' dir='ltr' id='par_1_103' title="bbox 2239 4145 3848 4219">
     <span class='ocr_line' id='line_1_103' title="bbox 2239 4145 3848 4219; baseline -0.003 -15"><span class='ocrx_word' id='word_1_774' title='bbox 2239 4163 2345 4215; x_wconf 82' lang='lat' dir='ltr'><strong>xu,</strong></span> <span class='ocrx_word' id='word_1_775' title='bbox 2376 4147 2492 4219; x_wconf 66' lang='lat'><strong>56).</strong></span> <span class='ocrx_word' id='word_1_776' title='bbox 2524 4148 2584 4202; x_wconf 90' lang='lat' dir='ltr'><strong>In</strong></span> <span class='ocrx_word' id='word_1_777' title='bbox 2635 4163 2745 4202; x_wconf 90' lang='lat' dir='ltr'><strong>una</strong></span> <span class='ocrx_word' id='word_1_778' title='bbox 2792 4162 3027 4219; x_wconf 88' lang='lat' dir='ltr'><strong>namque</strong></span> <span class='ocrx_word' id='word_1_779' title='bbox 3074 4145 3239 4202; x_wconf 92' lang='lat' dir='ltr'><strong>domo</strong></span> <span class='ocrx_word' id='word_1_780' title='bbox 3289 4162 3461 4217; x_wconf 85' lang='lat' dir='ltr'><strong>agnus</strong></span> <span class='ocrx_word' id='word_1_781' title='bbox 3511 4145 3848 4212; x_wconf 85' lang='lat' dir='ltr'><strong>comeditur,</strong></span> 
     </span>
    </p>
   </div>
   <div class='ocr_carea' id='block_1_104' title="bbox 2241 4223 3848 4309">
    <p class='ocr_par' dir='ltr' id='par_1_104' title="bbox 2241 4223 3848 4309">
     <span class='ocr_line' id='line_1_104' title="bbox 2241 4223 3848 4309; baseline -0.002 -17"><span class='ocrx_word' id='word_1_782' title='bbox 2241 4237 2370 4309; x_wconf 88' lang='lat' dir='ltr'><strong>quia</strong></span> <span class='ocrx_word' id='word_1_783' title='bbox 2401 4236 2457 4291; x_wconf 92' lang='lat' dir='ltr'><strong>in</strong></span> <span class='ocrx_word' id='word_1_784' title='bbox 2485 4252 2593 4290; x_wconf 90' lang='lat' dir='ltr'><strong>una</strong></span> <span class='ocrx_word' id='word_1_785' title='bbox 2613 4234 2886 4292; x_wconf 88' lang='lat' dir='ltr'><strong>catholica</strong></span> <span class='ocrx_word' id='word_1_786' title='bbox 2902 4235 3150 4291; x_wconf 84' lang='lat' dir='ltr'><strong>Ecclesia</strong></span> <span class='ocrx_word' id='word_1_787' title='bbox 3166 4251 3297 4290; x_wconf 84' lang='lat' dir='ltr'><strong>vera</strong></span> <span class='ocrx_word' id='word_1_788' title='bbox 3313 4233 3496 4290; x_wconf 86' lang='lat' dir='ltr'><strong>hostia</strong></span> <span class='ocrx_word' id='word_1_789' title='bbox 3519 4223 3848 4306; x_wconf 77' lang='lat' dir='ltr'><strong>Redempto-</strong></span> 
     </span>
    </p>
   </div>
   <div class='ocr_carea' id='block_1_105' title="bbox 2242 4329 3848 4404">
    <p class='ocr_par' dir='ltr' id='par_1_105' title="bbox 2242 4329 3848 4404">
     <span class='ocr_line' id='line_1_105' title="bbox 2242 4329 3848 4404; baseline -0.002 -14"><span class='ocrx_word' id='word_1_790' title='bbox 2242 4335 2318 4390; x_wconf 92' lang='lat' dir='ltr'><strong>ris</strong></span> <span class='ocrx_word' id='word_1_791' title='bbox 2351 4334 2688 4390; x_wconf 88' lang='lat' dir='ltr'><strong>immolatur.</strong></span> <span class='ocrx_word' id='word_1_792' title='bbox 2725 4329 2916 4388; x_wconf 85' lang='lat'><strong>1149</strong></span> <span class='ocrx_word' id='word_1_793' title='bbox 2944 4334 3022 4388; x_wconf 89' lang='lat' dir='ltr'><strong>De</strong></span> <span class='ocrx_word' id='word_1_794' title='bbox 3051 4331 3208 4404; x_wconf 91' lang='lat' dir='ltr'><strong>cujus</strong></span> <span class='ocrx_word' id='word_1_795' title='bbox 3237 4331 3498 4388; x_wconf 90' lang='lat' dir='ltr'><strong>carnibus</strong></span> <span class='ocrx_word' id='word_1_796' title='bbox 3529 4331 3728 4388; x_wconf 85' lang='lat' dir='ltr'><strong>divina</strong></span> <span class='ocrx_word' id='word_1_797' title='bbox 3763 4331 3848 4387; x_wconf 79' lang='lat' dir='ltr'><strong>lex</strong></span> 
     </span>
    </p>
   </div>
   <div class='ocr_carea' id='block_1_106' title="bbox 2242 4417 3847 4494">
    <p class='ocr_par' dir='ltr' id='par_1_106' title="bbox 2242 4417 3847 4494">
     <span class='ocr_line' id='line_1_106' title="bbox 2242 4417 3847 4494; baseline -0.002 -15"><span class='ocrx_word' id='word_1_798' title='bbox 2242 4425 2420 4480; x_wconf 85' lang='lat' dir='ltr'><strong>eﬁ&#39;erri</strong></span> <span class='ocrx_word' id='word_1_799' title='bbox 2455 4423 2600 4478; x_wconf 83' lang='lat' dir='ltr'><strong>foras</strong></span> <span class='ocrx_word' id='word_1_800' title='bbox 2627 4421 2904 4494; x_wconf 85' lang='lat' dir='ltr'><strong>prohibet,</strong></span> <span class='ocrx_word' id='word_1_801' title='bbox 2924 4421 3052 4494; x_wconf 87' lang='lat' dir='ltr'><strong>quia</strong></span> <span class='ocrx_word' id='word_1_802' title='bbox 3071 4421 3190 4476; x_wconf 89' lang='lat' dir='ltr'><strong>dari</strong></span> <span class='ocrx_word' id='word_1_803' title='bbox 3222 4428 3472 4476; x_wconf 88' lang='lat' dir='ltr'><strong>sanctum</strong></span> <span class='ocrx_word' id='word_1_804' title='bbox 3506 4417 3747 4477; x_wconf 87' lang='lat' dir='ltr'><strong>canibus</strong></span> <span class='ocrx_word' id='word_1_805' title='bbox 3765 4438 3847 4476; x_wconf 82' lang='lat' dir='ltr'><strong>ve-</strong></span> 
     </span>
    </p>
   </div>
   <div class='ocr_carea' id='block_1_107' title="bbox 2242 4509 3846 4583">
    <p class='ocr_par' dir='ltr' id='par_1_107' title="bbox 2242 4509 3846 4583">
     <span class='ocr_line' id='line_1_107' title="bbox 2242 4509 3846 4583; baseline -0.002 -15"><span class='ocrx_word' id='word_1_806' title='bbox 2242 4520 2320 4568; x_wconf 86' lang='lat' dir='ltr'><strong>tat</strong></span> <span class='ocrx_word' id='word_1_807' title='bbox 2354 4513 2564 4583; x_wconf 78' lang='lat' dir='ltr'><strong>(Matth.</strong></span> <span class='ocrx_word' id='word_1_808' title='bbox 2592 4529 2694 4580; x_wconf 86' lang='lat' dir='ltr'><strong>vn,</strong></span> <span class='ocrx_word' id='word_1_809' title='bbox 2723 4512 2806 4581; x_wconf 91' lang='lat'><strong>6).</strong></span> <span class='ocrx_word' id='word_1_810' title='bbox 2839 4511 2966 4568; x_wconf 89' lang='lat' dir='ltr'><strong>Sola</strong></span> <span class='ocrx_word' id='word_1_811' title='bbox 2995 4519 3074 4566; x_wconf 86' lang='lat' dir='ltr'><strong>est</strong></span> <span class='ocrx_word' id='word_1_812' title='bbox 3106 4511 3161 4564; x_wconf 91' lang='lat' dir='ltr'><strong>in</strong></span> <span class='ocrx_word' id='word_1_813' title='bbox 3193 4526 3300 4582; x_wconf 89' lang='lat' dir='ltr'><strong>qua</strong></span> <span class='ocrx_word' id='word_1_814' title='bbox 3329 4527 3468 4582; x_wconf 88' lang='lat' dir='ltr'><strong>opus</strong></span> <span class='ocrx_word' id='word_1_815' title='bbox 3497 4509 3714 4565; x_wconf 89' lang='lat' dir='ltr'><strong>bonum</strong></span> <span class='ocrx_word' id='word_1_816' title='bbox 3739 4509 3846 4565; x_wconf 83' lang='lat' dir='ltr'><strong>fru-</strong></span> 
     </span>
    </p>
   </div>
   <div class='ocr_carea' id='block_1_108' title="bbox 2249 4598 3844 4672">
    <p class='ocr_par' dir='ltr' id='par_1_108' title="bbox 2249 4598 3844 4672">
     <span class='ocr_line' id='line_1_108' title="bbox 2249 4598 3844 4672; baseline -0.003 -15"><span class='ocrx_word' id='word_1_817' title='bbox 2249 4609 2434 4658; x_wconf 88' lang='lat' dir='ltr'><strong>ctuose</strong></span> <span class='ocrx_word' id='word_1_818' title='bbox 2465 4601 2760 4672; x_wconf 84' lang='lat' dir='ltr'><strong>peragitur,</strong></span> <span class='ocrx_word' id='word_1_819' title='bbox 2775 4599 2920 4655; x_wconf 89' lang='lat' dir='ltr'><strong>unde</strong></span> <span class='ocrx_word' id='word_1_820' title='bbox 2948 4606 3002 4654; x_wconf 87' lang='lat' dir='ltr'><strong>et</strong></span> <span class='ocrx_word' id='word_1_821' title='bbox 3029 4599 3335 4655; x_wconf 90' lang='lat' dir='ltr'><strong>mercedem</strong></span> <span class='ocrx_word' id='word_1_822' title='bbox 3365 4598 3586 4654; x_wconf 88' lang='lat' dir='ltr'><strong>denarii</strong></span> <span class='ocrx_word' id='word_1_823' title='bbox 3607 4615 3722 4654; x_wconf 89' lang='lat' dir='ltr'><strong>non</strong></span> <span class='ocrx_word' id='word_1_824' title='bbox 3745 4599 3844 4654; x_wconf 84' lang='lat' dir='ltr'><strong>nisi</strong></span> 
     </span>
    </p>
   </div>
   <div class='ocr_carea' id='block_1_109' title="bbox 2250 4689 3843 4764">
    <p class='ocr_par' dir='ltr' id='par_1_109' title="bbox 2250 4689 3843 4764">
     <span class='ocr_line' id='line_1_109' title="bbox 2250 4689 3843 4764; baseline -0.001 -20"><span class='ocrx_word' id='word_1_825' title='bbox 2250 4691 2344 4764; x_wconf 88' lang='lat' dir='ltr'><strong>qui</strong></span> <span class='ocrx_word' id='word_1_826' title='bbox 2391 4691 2537 4746; x_wconf 88' lang='lat' dir='ltr'><strong>intra</strong></span> <span class='ocrx_word' id='word_1_827' title='bbox 2567 4689 2783 4745; x_wconf 87' lang='lat' dir='ltr'><strong>vineam</strong></span> <span class='ocrx_word' id='word_1_828' title='bbox 2828 4689 3212 4746; x_wconf 87' lang='lat' dir='ltr'><strong>laboraverant</strong></span> <span class='ocrx_word' id='word_1_829' title='bbox 3252 4697 3586 4761; x_wconf 88' lang='lat' dir='ltr'><strong>acceperunt</strong></span> <span class='ocrx_word' id='word_1_830' title='bbox 3633 4689 3843 4761; x_wconf 69' lang='lat' dir='ltr'><strong>(Matth.</strong></span> 
     </span>
    </p>
   </div>
   <div class='ocr_carea' id='block_1_110' title="bbox 2243 4777 3846 4852">
    <p class='ocr_par' dir='ltr' id='par_1_110' title="bbox 2243 4777 3846 4852">
     <span class='ocr_line' id='line_1_110' title="bbox 2243 4777 3846 4852; baseline -0.002 -17"><span class='ocrx_word' id='word_1_831' title='bbox 2243 4797 2342 4845; x_wconf 90' lang='lat' dir='ltr'><strong>xx,</strong></span> <span class='ocrx_word' id='word_1_832' title='bbox 2363 4780 2443 4844; x_wconf 89' lang='lat'><strong>8).</strong></span> <span class='ocrx_word' id='word_1_833' title='bbox 2477 4779 2601 4834; x_wconf 90' lang='lat' dir='ltr'><strong>Sola</strong></span> <span class='ocrx_word' id='word_1_834' title='bbox 2631 4786 2710 4834; x_wconf 87' lang='lat' dir='ltr'><strong>est</strong></span> <span class='ocrx_word' id='word_1_835' title='bbox 2741 4795 2861 4852; x_wconf 70' lang='lat' dir='ltr'><strong>quae</strong></span> <span class='ocrx_word' id='word_1_836' title='bbox 2893 4779 3039 4834; x_wconf 89' lang='lat' dir='ltr'><strong>intra</strong></span> <span class='ocrx_word' id='word_1_837' title='bbox 3067 4795 3123 4833; x_wconf 90' lang='lat' dir='ltr'><strong>se</strong></span> <span class='ocrx_word' id='word_1_838' title='bbox 3154 4777 3361 4850; x_wconf 87' lang='lat' dir='ltr'><strong>positos</strong></span> <span class='ocrx_word' id='word_1_839' title='bbox 3392 4778 3580 4834; x_wconf 90' lang='lat' dir='ltr'><strong>valida</strong></span> <span class='ocrx_word' id='word_1_840' title='bbox 3609 4777 3846 4834; x_wconf 76' lang='lat' dir='ltr'><strong>Charitas</strong></span> 
     </span>
    </p>
   </div>
   <div class='ocr_carea' id='block_1_111' title="bbox 2241 4856 3844 4938">
    <p class='ocr_par' dir='ltr' id='par_1_111' title="bbox 2241 4856 3844 4938">
     <span class='ocr_line' id='line_1_111' title="bbox 2241 4856 3844 4938; baseline -0.001 -16"><span class='ocrx_word' id='word_1_841' title='bbox 2241 4884 2502 4938; x_wconf 85' lang='lat' dir='ltr'><strong>compage</strong></span> <span class='ocrx_word' id='word_1_842' title='bbox 2531 4867 2792 4923; x_wconf 87' lang='lat' dir='ltr'><strong>custodit.</strong></span> <span class='ocrx_word' id='word_1_843' title='bbox 2824 4867 2980 4922; x_wconf 89' lang='lat' dir='ltr'><strong>Unde</strong></span> <span class='ocrx_word' id='word_1_844' title='bbox 3011 4873 3064 4922; x_wconf 89' lang='lat' dir='ltr'><strong>et</strong></span> <span class='ocrx_word' id='word_1_845' title='bbox 3094 4856 3234 4938; x_wconf 83' lang='lat' dir='ltr'><strong>aqua</strong></span> <span class='ocrx_word' id='word_1_846' title='bbox 3264 4865 3468 4922; x_wconf 86' lang='lat' dir='ltr'><strong>diluvii</strong></span> <span class='ocrx_word' id='word_1_847' title='bbox 3508 4881 3696 4922; x_wconf 89' lang='lat' dir='ltr'><strong>arcam</strong></span> <span class='ocrx_word' id='word_1_848' title='bbox 3733 4866 3844 4938; x_wconf 87' lang='lat' dir='ltr'><strong>qui-</strong></span> 
     </span>
    </p>
   </div>
   <div class='ocr_carea' id='block_1_112' title="bbox 2315 5048 3841 5120">
    <p class='ocr_par' dir='ltr' id='par_1_112' title="bbox 2315 5048 3841 5120">
     <span class='ocr_line' id='line_1_112' title="bbox 2315 5048 3841 5120; baseline -0.001 -16"><span class='ocrx_word' id='word_1_849' title='bbox 2315 5051 2336 5085; x_wconf 74' lang='grc' dir='ltr'><strong>θ</strong></span> <span class='ocrx_word' id='word_1_850' title='bbox 2367 5049 2604 5104; x_wconf 77' lang='lat' dir='ltr'><strong>Maxime</strong></span> <span class='ocrx_word' id='word_1_851' title='bbox 2634 5049 2868 5120; x_wconf 65' lang='lat' dir='ltr'><strong>prtefat.,</strong></span> <span class='ocrx_word' id='word_1_852' title='bbox 2897 5066 2944 5120; x_wconf 89' lang='lat' dir='ltr'><strong>c.</strong></span> <span class='ocrx_word' id='word_1_853' title='bbox 2979 5049 3031 5114; x_wconf 89' lang='grc'><strong>6,</strong></span> <span class='ocrx_word' id='word_1_854' title='bbox 3063 5064 3219 5102; x_wconf 90' lang='lat' dir='ltr'><strong>num.</strong></span> <span class='ocrx_word' id='word_1_855' title='bbox 3257 5048 3324 5103; x_wconf 82' lang='lat' dir='ltr'><strong>l5</strong></span> <span class='ocrx_word' id='word_1_856' title='bbox 3368 5053 3422 5120; x_wconf 86' lang='lat' dir='ltr'><strong>et</strong></span> <span class='ocrx_word' id='word_1_857' title='bbox 3451 5063 3567 5119; x_wconf 90' lang='lat' dir='ltr'><strong>seq.</strong></span> <span class='ocrx_word' id='word_1_858' title='bbox 3601 5048 3666 5102; x_wconf 93' lang='lat' dir='ltr'><strong>In</strong></span> <span class='ocrx_word' id='word_1_859' title='bbox 3697 5049 3841 5104; x_wconf 88' lang='lat' dir='ltr'><strong>Edit.</strong></span> 
     </span>
    </p>
   </div>
   <div class='ocr_carea' id='block_1_113' title="bbox 2241 5119 3840 5192">
    <p class='ocr_par' dir='ltr' id='par_1_113' title="bbox 2241 5119 3840 5192">
     <span class='ocr_line' id='line_1_113' title="bbox 2241 5119 3840 5192; baseline -0.001 -16"><span class='ocrx_word' id='word_1_860' title='bbox 2241 5121 2382 5176; x_wconf 73' lang='grc'><strong>1514</strong></span> <span class='ocrx_word' id='word_1_861' title='bbox 2412 5119 2650 5192; x_wconf 84' lang='lat' dir='ltr'><strong>aliisque</strong></span> <span class='ocrx_word' id='word_1_862' title='bbox 2661 5119 3260 5192; x_wconf 85' lang='lat' dir='ltr'><strong>sequentibuslegitur:</strong></span> <span class='ocrx_word' id='word_1_863' title='bbox 3282 5119 3422 5192; x_wconf 76' lang='lat' dir='ltr'><strong>Quia</strong></span> <span class='ocrx_word' id='word_1_864' title='bbox 3443 5126 3621 5174; x_wconf 78' lang='lat' dir='ltr'><strong>autem</strong></span> <span class='ocrx_word' id='word_1_865' title='bbox 3639 5137 3796 5192; x_wconf 69' lang='lat' dir='ltr'><strong>sape.</strong></span> <span class='ocrx_word' id='word_1_866' title='bbox 3810 5165 3840 5175; x_wconf 90' lang='lat'><strong>..</strong></span> 
     </span>
    </p>
   </div>
   <div class='ocr_carea' id='block_1_114' title="bbox 2240 5190 3843 5264">
    <p class='ocr_par' dir='ltr' id='par_1_114' title="bbox 2240 5190 3843 5264">
     <span class='ocr_line' id='line_1_114' title="bbox 2240 5190 3843 5264; baseline -0.001 -17"><span class='ocrx_word' id='word_1_867' title='bbox 2240 5190 2603 5264; x_wconf 71' lang='lat' dir='ltr'><strong>suspicantur,</strong></span> <span class='ocrx_word' id='word_1_868' title='bbox 2625 5190 2948 5262; x_wconf 63' lang='lat' dir='ltr'><strong>omnipotens</strong></span> <span class='ocrx_word' id='word_1_869' title='bbox 2970 5193 3126 5246; x_wconf 81' lang='lat' dir='ltr'><strong>Deus.</strong></span> <span class='ocrx_word' id='word_1_870' title='bbox 3147 5191 3354 5264; x_wconf 90' lang='lat' dir='ltr'><strong>Locum</strong></span> <span class='ocrx_word' id='word_1_871' title='bbox 3377 5190 3530 5247; x_wconf 87' lang='lat' dir='ltr'><strong>hunc</strong></span> <span class='ocrx_word' id='word_1_872' title='bbox 3549 5190 3843 5248; x_wconf 80' lang='lat' dir='ltr'><strong>obscurum</strong></span> 
     </span>
    </p>
   </div>
   <div class='ocr_carea' id='block_1_115' title="bbox 2241 5263 3841 5334">
    <p class='ocr_par' dir='ltr' id='par_1_115' title="bbox 2241 5263 3841 5334">
     <span class='ocr_line' id='line_1_115' title="bbox 2241 5263 3841 5334; baseline -0.002 -14"><span class='ocrx_word' id='word_1_873' title='bbox 2241 5281 2270 5320; x_wconf 90' lang='lat' dir='ltr'><strong>e</strong></span> <span class='ocrx_word' id='word_1_874' title='bbox 2303 5263 2544 5320; x_wconf 87' lang='lat' dir='ltr'><strong>tenebris</strong></span> <span class='ocrx_word' id='word_1_875' title='bbox 2585 5264 2830 5321; x_wconf 88' lang='lat' dir='ltr'><strong>eruimus</strong></span> <span class='ocrx_word' id='word_1_876' title='bbox 2873 5279 2972 5334; x_wconf 90' lang='lat' dir='ltr'><strong>ope</strong></span> <span class='ocrx_word' id='word_1_877' title='bbox 3015 5264 3142 5318; x_wconf 89' lang='lat' dir='ltr'><strong>Mss.</strong></span> <span class='ocrx_word' id='word_1_878' title='bbox 3193 5263 3381 5318; x_wconf 89' lang='lat' dir='ltr'><strong>Norm.</strong></span> <span class='ocrx_word' id='word_1_879' title='bbox 3430 5271 3484 5317; x_wconf 91' lang='lat' dir='ltr'><strong>et</strong></span> <span class='ocrx_word' id='word_1_880' title='bbox 3531 5271 3646 5334; x_wconf 87' lang='lat' dir='ltr'><strong>vet.</strong></span> <span class='ocrx_word' id='word_1_881' title='bbox 3698 5264 3841 5319; x_wconf 85' lang='lat' dir='ltr'><strong>Edit.</strong></span> 
     </span>
    </p>
   </div>
   <div class='ocr_carea' id='block_1_116' title="bbox 2245 5333 3844 5414">
    <p class='ocr_par' dir='ltr' id='par_1_116' title="bbox 2245 5333 3844 5414">
     <span class='ocr_line' id='line_1_116' title="bbox 2245 5333 3844 5414; baseline -0.001 -23"><span class='ocrx_word' id='word_1_882' title='bbox 2245 5335 2400 5414; x_wconf 63' lang='lat'><strong>11195.</strong></span> <span class='ocrx_word' id='word_1_883' title='bbox 2437 5335 2551 5390; x_wconf 85' lang='lat' dir='ltr'><strong>Hoc</strong></span> <span class='ocrx_word' id='word_1_884' title='bbox 2579 5335 2637 5414; x_wconf 81' lang='lat' dir='ltr'><strong>in</strong></span> <span class='ocrx_word' id='word_1_885' title='bbox 2675 5335 2816 5414; x_wconf 83' lang='lat' dir='ltr'><strong>libro</strong></span> <span class='ocrx_word' id='word_1_886' title='bbox 2831 5333 2940 5414; x_wconf 30' lang='lat' dir='ltr'><strong>lqui</strong></span> <span class='ocrx_word' id='word_1_887' title='bbox 2972 5335 3318 5414; x_wconf 74' lang='lat' dir='ltr'><strong>superiorum</strong></span> <span class='ocrx_word' id='word_1_888' title='bbox 3350 5341 3432 5414; x_wconf 84' lang='lat' dir='ltr'><strong>est</strong></span> <span class='ocrx_word' id='word_1_889' title='bbox 3465 5333 3619 5389; x_wconf 83' lang='lat' dir='ltr'><strong>velut</strong></span> <span class='ocrx_word' id='word_1_890' title='bbox 3647 5337 3844 5414; x_wconf 78' lang='lat' dir='ltr'><strong>recapi-</strong></span> 
     </span>
    </p>
   </div>
   <div class='ocr_carea' id='block_1_117' title="bbox 2239 5404 3839 5477">
    <p class='ocr_par' dir='ltr' id='par_1_117' title="bbox 2239 5404 3839 5477">
     <span class='ocr_line' id='line_1_117' title="bbox 2239 5404 3839 5477; baseline -0.001 -15"><span class='ocrx_word' id='word_1_891' title='bbox 2239 5408 2460 5470; x_wconf 88' lang='lat' dir='ltr'><strong>tulatio,</strong></span> <span class='ocrx_word' id='word_1_892' title='bbox 2493 5407 2794 5477; x_wconf 69' lang='lat' dir='ltr'><strong>smpissime</strong></span> <span class='ocrx_word' id='word_1_893' title='bbox 2823 5404 3118 5476; x_wconf 74' lang='lat' dir='ltr'><strong>Gregorius</strong></span> <span class='ocrx_word' id='word_1_894' title='bbox 3127 5404 3241 5476; x_wconf 88' lang='lat' dir='ltr'><strong>jam</strong></span> <span class='ocrx_word' id='word_1_895' title='bbox 3264 5405 3542 5460; x_wconf 90' lang='lat' dir='ltr'><strong>dictorum</strong></span> <span class='ocrx_word' id='word_1_896' title='bbox 3569 5404 3839 5473; x_wconf 78' lang='lat' dir='ltr'><strong>meminit;</strong></span> 
     </span>
    </p>
   </div>
   <div class='ocr_carea' id='block_1_118' title="bbox 2240 5477 3843 5550">
    <p class='ocr_par' dir='ltr' id='par_1_118' title="bbox 2240 5477 3843 5550">
     <span class='ocr_line' id='line_1_118' title="bbox 2240 5477 3843 5550; baseline 0 -18"><span class='ocrx_word' id='word_1_897' title='bbox 2240 5477 2591 5550; x_wconf 68' lang='lat' dir='ltr'><strong>quaequibus</strong></span> <span class='ocrx_word' id='word_1_898' title='bbox 2638 5479 2695 5532; x_wconf 91' lang='lat' dir='ltr'><strong>in</strong></span> <span class='ocrx_word' id='word_1_899' title='bbox 2741 5477 2875 5532; x_wconf 91' lang='lat' dir='ltr'><strong>locis</strong></span> <span class='ocrx_word' id='word_1_900' title='bbox 2920 5484 3151 5550; x_wconf 80' lang='lat' dir='ltr'><strong>tractata</strong></span> <span class='ocrx_word' id='word_1_901' title='bbox 3191 5477 3303 5532; x_wconf 87' lang='lat' dir='ltr'><strong>sint</strong></span> <span class='ocrx_word' id='word_1_902' title='bbox 3346 5485 3616 5532; x_wconf 85' lang='lat' dir='ltr'><strong>annotare</strong></span> <span class='ocrx_word' id='word_1_903' title='bbox 3673 5495 3843 5549; x_wconf 71' lang='lat' dir='ltr'><strong>opera:</strong></span> 
     </span>
    </p>
   </div>
   <div class='ocr_carea' id='block_1_119' title="bbox 2239 5547 3840 5626">
    <p class='ocr_par' dir='ltr' id='par_1_119' title="bbox 2239 5547 3840 5626">
     <span class='ocr_line' id='line_1_119' title="bbox 2239 5547 3840 5626; baseline -0.001 -22"><span class='ocrx_word' id='word_1_904' title='bbox 2239 5547 2478 5621; x_wconf 80' lang='lat' dir='ltr'><strong>pretium</strong></span> <span class='ocrx_word' id='word_1_905' title='bbox 2512 5565 2622 5626; x_wconf 85' lang='lat' dir='ltr'><strong>non</strong></span> <span class='ocrx_word' id='word_1_906' title='bbox 2653 5556 2757 5612; x_wconf 85' lang='lat' dir='ltr'><strong>est,</strong></span> <span class='ocrx_word' id='word_1_907' title='bbox 2789 5565 2916 5606; x_wconf 90' lang='lat' dir='ltr'><strong>cum</strong></span> <span class='ocrx_word' id='word_1_908' title='bbox 2947 5547 3148 5604; x_wconf 90' lang='lat' dir='ltr'><strong>indicis</strong></span> <span class='ocrx_word' id='word_1_909' title='bbox 3195 5564 3298 5618; x_wconf 92' lang='lat' dir='ltr'><strong>ope</strong></span> <span class='ocrx_word' id='word_1_910' title='bbox 3343 5563 3408 5602; x_wconf 90' lang='lat' dir='ltr'><strong>ea</strong></span> <span class='ocrx_word' id='word_1_911' title='bbox 3455 5547 3747 5626; x_wconf 78' lang='lat' dir='ltr'><strong>explorare</strong></span> <span class='ocrx_word' id='word_1_912' title='bbox 3791 5551 3840 5604; x_wconf 89' lang='lat' dir='ltr'><strong>in</strong></span> 
     </span>
    </p>
   </div>
   <div class='ocr_carea' id='block_1_120' title="bbox 2240 5621 2619 5694">
    <p class='ocr_par' dir='ltr' id='par_1_120' title="bbox 2240 5621 2619 5694">
     <span class='ocr_line' id='line_1_120' title="bbox 2240 5621 2619 5694; baseline -0.005 -18"><span class='ocrx_word' id='word_1_913' title='bbox 2240 5627 2510 5694; x_wconf 78' lang='lat' dir='ltr'><strong>promptu</strong></span> <span class='ocrx_word' id='word_1_914' title='bbox 2529 5621 2619 5694; x_wconf 75' lang='lat' dir='ltr'><strong>sit.</strong></span> 
     </span>
    </p>
   </div>
   <div class='ocr_carea' id='block_1_121' title="bbox 2311 5689 3758 5760">
    <p class='ocr_par' dir='ltr' id='par_1_121' title="bbox 2311 5689 3758 5760">
     <span class='ocr_line' id='line_1_121' title="bbox 2311 5689 3758 5760; baseline 0.002 -15"><span class='ocrx_word' id='word_1_915' title='bbox 2311 5694 2332 5726; x_wconf 80' lang='grc'><strong>⁷</strong></span> <span class='ocrx_word' id='word_1_916' title='bbox 2365 5689 2561 5759; x_wconf 73' lang='lat' dir='ltr'><strong>Laud,</strong></span> <span class='ocrx_word' id='word_1_917' title='bbox 2582 5691 2692 5746; x_wconf 92' lang='lat' dir='ltr'><strong>duo</strong></span> <span class='ocrx_word' id='word_1_918' title='bbox 2728 5691 2937 5759; x_wconf 89' lang='lat' dir='ltr'><strong>Germ.,</strong></span> <span class='ocrx_word' id='word_1_919' title='bbox 2968 5691 3190 5760; x_wconf 86' lang='lat' dir='ltr'><strong>Pratel.,</strong></span> <span class='ocrx_word' id='word_1_920' title='bbox 3226 5689 3394 5760; x_wconf 88' lang='lat' dir='ltr'><strong>Utic.,</strong></span> <span class='ocrx_word' id='word_1_921' title='bbox 3425 5689 3526 5746; x_wconf 82' lang='lat' dir='ltr'><strong>Job</strong></span> <span class='ocrx_word' id='word_1_922' title='bbox 3561 5697 3758 5748; x_wconf 78' lang='lat' dir='ltr'><strong>autem.</strong></span> 
     </span>
    </p>
   </div>
   <div class='ocr_carea' id='block_1_122' title="bbox 2314 5763 2922 5830">
    <p class='ocr_par' dir='ltr' id='par_1_122' title="bbox 2314 5763 2922 5830">
     <span class='ocr_line' id='line_1_122' title="bbox 2314 5763 2922 5830; baseline 0.003 -14"><span class='ocrx_word' id='word_1_923' title='bbox 2314 5764 2334 5796; x_wconf 76' lang='grc'><em>⁸</em></span> <span class='ocrx_word' id='word_1_924' title='bbox 2361 5763 2558 5830; x_wconf 88' lang='lat' dir='ltr'><strong>Laud.,</strong></span> <span class='ocrx_word' id='word_1_925' title='bbox 2589 5764 2644 5816; x_wconf 87' lang='lat' dir='ltr'><strong>in</strong></span> <span class='ocrx_word' id='word_1_926' title='bbox 2674 5763 2922 5818; x_wconf 85' lang='lat' dir='ltr'><strong>stultitia.</strong></span> 
     </span>
    </p>
   </div>
   <div class='ocr_carea' id='block_1_123' title="bbox 2310 5833 3733 5906">
    <p class='ocr_par' dir='ltr' id='par_1_123' title="bbox 2310 5833 3733 5906">
     <span class='ocr_line' id='line_1_123' title="bbox 2310 5833 3733 5906; baseline 0.001 -16"><span class='ocrx_word' id='word_1_927' title='bbox 2310 5837 2332 5869; x_wconf 70' lang='grc' dir='ltr'><strong>θ</strong></span> <span class='ocrx_word' id='word_1_928' title='bbox 2363 5833 2599 5890; x_wconf 81' lang='lat' dir='ltr'><strong>Vindoc.</strong></span> <span class='ocrx_word' id='word_1_929' title='bbox 2634 5841 2687 5889; x_wconf 92' lang='lat' dir='ltr'><strong>et</strong></span> <span class='ocrx_word' id='word_1_930' title='bbox 2716 5835 2850 5904; x_wconf 88' lang='lat' dir='ltr'><strong>pler.</strong></span> <span class='ocrx_word' id='word_1_931' title='bbox 2883 5835 3096 5902; x_wconf 87' lang='lat' dir='ltr'><strong>Norm.,</strong></span> <span class='ocrx_word' id='word_1_932' title='bbox 3126 5834 3413 5891; x_wconf 68' lang='lat' dir='ltr'><strong>exhibendo</strong></span> <span class='ocrx_word' id='word_1_933' title='bbox 3438 5833 3733 5906; x_wconf 73' lang='lat' dir='ltr'><strong>sacriﬁcia.</strong></span> 
     </span>
    </p>
   </div>
  </div>
