3956 6380
142 405 245 462 757

917 415 1289 473 MORALIUM
1328 420 1460 476 LIB.
1504 422 1741 482 XXXV.
1785 455 1856 469 υ-
1896 428 1964 485 ΙΝ
2007 428 2239 488 CAPUT
2280 434 2430 490 XLII
2471 438 2533 493 B.
2572 439 2715 495 JOB.

3370 454 3473 511 758

138 529 268 586 dem
296 532 365 588 ad
391 534 723 636 sublimiora
750 539 995 639 sustulit,
1018 557 1207 599 omnes
1237 555 1416 601 autem
1437 563 1573 619 quos
1594 558 1751 606 extra
1777 556 1827 615 Α
1863 555 2076 611 ratione
2104 559 2397 629 perfectus,
2430 562 2578 634 quod
2607 581 2674 621 ex
2706 565 2887 639 primo
2935 572 3054 642 pari
3094 581 3145 629 et
3176 591 3246 631 ex
3288 576 3470 649 primo

138 638 326 712 arcam
388 624 605 682 invenit
656 628 931 686 exstinxit
962 632 1173 701 (Genes.
1208 653 1309 703 vn,
1358 637 1444 703 20,
1478 638 1566 705 21,
1600 642 1728 712 seq.)

136 708 271 769 Sola
301 722 383 770 est
414 716 470 771 in
501 732 608 787 qua
638 734 876 789 superna
904 723 1169 792 mysteria
1199 726 1469 782 veraciter
1498 708 1756 784 contem—

136 803 382 872 plemur.
409 805 563 861 Unde
593 814 646 861 et
676 807 745 863 ad
788 809 1014 881 Moysen
1045 813 1319 868 Dominus
1348 814 1516 871 dicit:
1550 818 1654 872 Est
1683 820 1754 872 to-

135 908 229 946 cus
244 895 393 963 apud
412 912 511 963 me,
533 903 580 951 et
595 897 757 952 stabis
773 916 942 970 supra
953 907 1161 971 petram
1184 903 1387 973 (Exod.
1409 921 1612 973 xxxut,
1631 906 1748 977 21).

134 981 211 1037 Et
238 984 406 1055 paulo
436 993 589 1056 post:
624 988 831 1042 Tollam
851 1006 1071 1046 manum
1088 1009 1275 1060 meam,
1307 1000 1355 1048 et
1384 996 1753 1065 videbisposte-

133 1071 297 1128 πλέονα
325 1091 441 1130 mea
474 1076 638 1145 (Ibid.
671 1094 879 1147 xxxiii,
910 1080 1026 1151 23).
1064 1082 1206 1149 Quia
1234 1083 1385 1139 enim
1416 1087 1518 1140 ‘ex
1540 1086 1653 1140 sola
1668 1101 1752 1141 ca-

132 1160 353 1219 tholica
402 1165 649 1222 Ecclesia
691 1168 897 1224 veritas
940 1172 1285 1243 conspicitur
1346 1175 1437 1245 (0.
1473 1175 1523 1241 1,
1554 1191 1597 1230 c.
1631 1175 1751 1246 22),

132 1254 290 1324 apud
319 1272 376 1311 se
406 1273 521 1312 esse
548 1258 730 1315 locum
762 1261 1033 1318 Dominus
1060 1263 1314 1334 perhibet
1334 1264 1401 1319 de
1430 1280 1540 1337 quo
1566 1265 1750 1322 videa-

128 1350 248 1399 tur.
271 1344 333 1398 In
374 1353 526 1416 petra
554 1348 769 1420 Moyses
790 1351 1035 1421 ponitur,
1056 1360 1119 1407 ut
1135 1354 1230 1408 Dei
1249 1354 1482 1425 speciem
1507 1364 1750 1411 contem~

128 1432 343 1502 pletur,
376 1437 506 1507 quia
524 1438 632 1493 nisi
660 1438 785 1509 quis
802 1438 931 1495 ﬁdei
952 1440 1286 1497 soliditatem
1316 1442 1750 1509 tenuerit,divi-

128 1538 263 1577 nam
310 1527 655 1594 praesentiam
711 1544 824 1583 non
880 1531 1185 1599 cognoscit.
1224 1531 1297 1586 De
1332 1547 1440 1603 qua
1469 1530 1749 1586 soliditate

124 1613 411 1670 Dominus
445 1615 612 1673 dicit:
651 1618 823 1689 Super
853 1620 987 1674 hanc
1018 1626 1227 1690 petram
1255 1622 1525 1693 (edi/icabo
1571 1623 1750 1678 Eccle-

125 1704 273 1759 siam
306 1721 477 1761 meam
512 1708 725 1775 (Matth.
759 1725 879 1776 xvr,
912 1708 1025 1779 18).
1048 1710 1195 1777 Quid
1223 1719 1306 1767 est
1334 1728 1461 1782 ergo
1493 1712 1596 1767 hoc
1627 1712 1748 1766 loco

126 1793 151 1827 ²
186 1792 373 1850 dicere
403 1796 469 1852 ad
499 1797 705 1853 amicos
737 1798 869 1854 Job:
910 1801 987 1856 Ite
1013 1801 1087 1855 ad
1122 1801 1238 1867 Job,
1272 1802 1379 1856 nisi
1413 1810 1621 1873 petram
1651 1820 1749 1856 as—

125 1884 357 1941 cendite
378 1885 406 1941 i’
436 1885 581 1953 Quid
610 1896 711 1956 est,
744 1889 955 1945 Faciem
983 1889 1096 1959 ejus
1122 1907 1227 1961 pro
1254 1892 1400 1945 vobis
1433 1893 1742 1962 suscipiam,

124 1982 194 2031 ut
206 1993 317 2031 non
334 1977 481 2032 vobis
500 1978 789 2050 imputetur
803 1981 1054 2048 stultitia,
1072 1980 1179 2036 nisi
1202 1980 1259 2037 id
1276 1981 1425 2054 quod
1454 1982 1572 2038 illic
1593 1981 1744 2037 dici-

123 2073 260 2124 tur:
288 2069 597 2126 Posteriora
614 2089 723 2126 mea
746 2072 941 2126 videbis
960 2073 1170 2140 (Ewod.
1203 2089 1410 2139 xxxm,
1442 2072 1570 2141 23)?
1591 2072 1647 2127 id
1663 2081 1745 2127 est

123 2156 256 2228 ejus
280 2174 399 2229 quae
443 2160 796 2230 postmodum
840 2160 1029 2216 futura
1076 2168 1158 2216 est
1186 2163 1452 2233 mysteria
1480 2161 1745 2218 incarna-

128 2246 313 2302 tionis
334 2248 628 2319 intelliges.

210 2365 300 2421 14.
332 2367 605 2423 Ilwreticis
636 2374 692 2421 ut
720 2369 792 2423 ad
828 2370 1125 2425 Ecclesiam
1168 2371 1384 2425 redeant
1427 2371 1558 2441 quid
1589 2386 1746 2442 prte—

123 2455 743 2513 standmn.—Haeretici
773 2467 957 2515 autem
1007 2477 1107 2533 pro
1161 2476 1226 2516 eo
1284 2459 1433 2533 quod
1488 2460 1547 2515 in
1591 2466 1748 2531 petra

121 2552 279 2600 stare
299 2554 684 2615 contemnunt,
710 2549 1048 2604 transeuntis
1068 2548 1296 2605 Domini
1311 2548 1616 2620 posteriora
1634 2564 1746 2602 non

120 2636 437 2708 aspiciunt,
470 2637 599 2710 quia
620 2644 781 2693 extra
802 2638 1106 2695 Ecclesiam
1128 2639 1316 2711 positi,
1346 2637 1745 2695 incarnationis

119 2724 274 2797 ejus,
312 2727 459 2782 sicut
485 2735 635 2795 sunt,
669 2729 936 2800 mysteria
962 2745 1072 2784 non
1103 2734 1428 2801 agnoscunt.
1460 2729 1617 2787 Sicut
1652 2743 1745 2784 au-

121 2824 243 2871 tem
277 2823 333 2870 et
363 2816 383 2849 ³
421 2817 675 2887 superius
703 2816 971 2886 diximus,
1005 2833 1100 2889 per
1128 2826 1315 2875 tauros
1345 2818 1536 2873 cervix
1561 2832 1746 2888 super-

118 2905 261 2974 ωδε,
296 2922 392 2977 per
431 2907 628 2962 arietes
687 2924 819 2963 vero
868 2907 1099 2965 ducatus
1152 2908 1508 2980 exprimitur,
1555 2906 1745 2979 quiab

120 2994 434 3064 hrereticis,
478 2998 752 3069 persuasis
784 2997 1059 3069 plebibus,
1100 2997 1256 3071 quasi
1287 2996 1529 3053 seductis
1558 2995 1747 3069 gregi-

119 3084 259 3152 bus,
290 3085 494 3157 agitur.
548 3086 624 3141 De
673 3084 951 3142 haereticis
1005 3103 1242 3159 namque
1299 3084 1748 3157 superbientibus

121 3172 362 3243 dicitur,
396 3173 491 3248 qui
521 3174 872 3231 inﬁrmorum
903 3184 1112 3232 mentes
1142 3177 1282 3231 male
1302 3174 1585 3231 suadendo
1612 3191 1746 3231 cor-

1869 642 2064 717 impari
2102 663 2535 709 consummatur.
2580 656 2795 711 Primus
2823 660 2969 715 enim
3004 662 3177 735 impar
3198 642 3472 726 ternarius

1867 741 1967 801 est,
2003 738 2319 813 primusque
2352 758 2449 813 par
2476 749 2879 817 quaternarius.
2913 750 2997 805 Ex
3024 753 3227 826 quibus
3253 754 3469 814 duobus

1866 830 2208 895 septenarius
2237 839 2470 902 constat,
2505 836 2599 911 qui
2627 837 2831 894 eisdem
2865 841 3116 912 partibus
3148 845 3263 899 suis
3285 847 3467 902 multi-

1866 913 2099 984 plicatus
2136 919 2189 972 in
2224 920 2626 982 duodenarium
2670 928 2864 1000 surgit.
2914 930 3050 987 Nam
3084 930 3199 987 sive
3236 940 3344 989 tres
3376 951 3470 1006 per

1867 1011 2123 1075 quatuor,
2155 1025 2249 1064 seu
2272 1020 2507 1084 quatuor
2538 1032 2633 1087 per
2663 1024 2773 1072 tres
2816 1018 3096 1090 ducimus,
3144 1023 3211 1077 ad
3250 1022 3470 1079 duode-

1866 1095 2082 1150 narium
2116 1101 2485 1169 pervenimus.
2520 1104 2623 1159 Sed
2668 1122 2766 1162 nos
2808 1109 2937 1181 quia
2978 1126 3009 1165 a
3054 1128 3291 1182 superno
3336 1129 3469 1170 mu-

1865 1199 1992 1275 nere
2024 1189 2274 1246 veritatis
2316 1192 2739 1265 przedicamenta
2770 1200 3129 1275 percipimus,
3164 1204 3183 1236 δ
3210 1202 3326 1260 limo
3356 1204 3468 1262 ﬁxa

1863 1274 2106 1331 scientiae
2138 1279 2434 1337 altitudine
2468 1283 2823 1359 despiciendo
2863 1290 3161 1358 calcamus,
3195 1291 3300 1349 hoc
3329 1311 3469 1367 pro—

1862 1362 1949 1417 cul
1980 1363 2149 1419 dubio
2186 1376 2373 1431 1150
2419 1370 2743 1431 inconcussa
2796 1376 2905 1433 ﬁde
2957 1380 3277 1448 retinentes,
3329 1362 3468 1454 quia

1861 1476 1998 1534 quos
2029 1463 2265 1537 Spiritus
2296 1470 2482 1538 gratim
2508 1472 2847 1541 septiformis
2878 1478 3170 1549 repleverit
3225 1479 3462 1550 perﬁcit,

1860 1552 2047 1625 eisque
2078 1573 2185 1610 non
2218 1558 2397 1613 solum
2429 1560 2717 1618 Trinitatis
2738 1565 3019 1631 notitiam,
3050 1565 3143 1621 sed
3165 1567 3331 1623 etiam
3355 1568 3464 1623 vir-

1859 1648 2039 1697 tutum
2065 1654 2322 1716 quatuor,
2351 1647 2408 1705 id
2437 1658 2519 1705 est
2544 1652 2875 1723 prudentize,
2909 1658 3306 1728 temperantiae,
3338 1658 3464 1714 for—

1860 1731 2118 1789 titudinis
2143 1743 2306 1807 atque
2328 1736 2561 1807 justitiae
2602 1743 2974 1810 operationem
3011 1745 3236 1815 praebet.
3269 1746 3375 1815 Qui
3408 1747 3466 1803 in

1860 1818 1994 1891 ipsis
2025 1839 2243 1896 quoque
2273 1844 2409 1899 quos
2432 1828 2743 1901 ingreditur
2772 1831 2885 1888 suis
2916 1832 3326 1905 quodammodo
3347 1851 3465 1908 par-

1774 1923 1819 1981 B
1858 1910 2007 1967 tibus
2028 1922 2279 1984 augetur,
2311 1916 2443 1972 dum
2476 1927 2528 1974 et
2564 1936 2659 1991 per
2712 1920 3004 1978 Trinitatis
3034 1923 3289 1980 notitiam
3322 1941 3467 1997 qua-

1856 2008 1980 2055 tuor
2036 2002 2308 2060 virtutum
2371 2008 2514 2065 actio
2547 2009 2841 2081 accipitur,
2878 2018 2931 2067 et
2960 2028 3058 2084 per
3086 2012 3467 2086 operationem

1855 2090 2127 2149 virtutum
2162 2104 2401 2167 quatuor
2457 2115 2631 2170 usque
2662 2099 2730 2155 ad
2784 2101 3133 2160 manifestam
3179 2102 3466 2161 Trinitatis

1854 2182 2091 2252 speciem
2128 2186 2470 2259 pervenitur.
2502 2188 2574 2243 Et
2613 2188 2759 2263 apud
2802 2207 2903 2247 nos
2964 2208 3092 2265 ergo
3125 2193 3466 2265 septenarius

1856 2272 2130 2342 perfectus
2159 2283 2261 2345 est,
2311 2277 2406 2333 sed
2438 2278 2596 2350 longe
2652 2278 3019 2351 dissimiliter,
3067 2281 3196 2354 quia
3225 2282 3384 2355 plene
3413 2290 3468 2339 et

1855 2380 1967 2420 non
1999 2366 2238 2421 inaniter
2280 2366 2336 2422 in
2378 2366 2783 2425 duodenarium
2829 2370 3024 2443 surgit,
3076 2370 3210 2427 dum
3265 2380 3320 2429 et
3370 2389 3467 2445 per

1854 2454 2021 2510 ﬁdem
2058 2472 2241 2528 Opera,
2298 2463 2353 2511 et
2394 2474 2615 2514 rursum
2669 2474 2766 2533 per
2823 2476 2989 2531 opera
3023 2461 3241 2532 perﬁcit
3272 2461 3460 2519 ﬁdem.

1855 2547 2042 2602 Sancti
2072 2563 2291 2620 quoque
2348 2549 2585 2622 apostoli
2640 2552 2829 2623 gratias
2883 2552 3224 2624 septiformis
3252 2552 3465 2624 Spiritu

1856 2634 2148 2708 implendi,
2184 2634 2483 2694 duodecim
2521 2647 2650 2694 sunt
2698 2640 2879 2697 electi.
2932 2641 2992 2696 In
3024 2649 3262 2715 quatuor
3311 2642 3460 2698 enim

1856 2724 2052 2780 mundi
2087 2725 2339 2797 partibus
2368 2726 2720 2798 Trinitatem,
2770 2745 2891 2802 quae
2921 2730 3069 2785 Deus
3118 2737 3220 2799 est,
3288 2729 3461 2786 inno-

1853 2820 2061 2869 tescere
2092 2814 2473 2872 mittebantur.
2524 2816 2829 2874 Duodecim
2876 2834 3004 2891 ergo
3052 2818 3210 2874 electi
3242 2827 3371 2874 sunt
3399 2827 3465 2875 ut

1856 2902 2022 2958 etiam
2058 2919 2126 2957 ex
2159 2902 2333 2977 ipsius
2377 2902 2595 2959 numeri
2652 2906 2865 2963 ratione
2921 2923 3085 2962 causa
3139 2908 3461 2965 claresceret

1856 2990 2003 3067 quod
2034 3009 2129 3065 per
2159 2999 2398 3066 quatuor
2428 2991 2620 3049 inﬁma
2654 2992 2766 3049 tria
2794 3011 3009 3049 summa
3038 2995 3419 3066 praedicarent.

1931 3082 2015 3139 16.
2048 3082 2176 3137 Sive
2208 3084 2391 3157 itaque
2430 3082 2552 3153 hac,
2584 3100 2681 3139 seu
2711 3084 2819 3139 alia
2848 3085 3095 3159 qualibet
3119 3085 3349 3141 fortasse
3376 3102 3458 3141 ra-

1854 3171 2026 3240 tione,
2061 3172 2118 3227 in
2145 3172 2428 3245 Scriptura
2460 3181 2644 3230 tamen
2692 3189 2841 3230 sacra
2888 3173 3195 3246 septenario
3226 3190 3458 3230 numero

120 3272 401 3336 rumpunt
426 3282 437 3321 :
474 3266 494 3299 ⁴
528 3264 823 3321 Concilium
855 3273 1135 3322 taurorum
1162 3268 1301 3321 inter
1323 3282 1505 3320 vaccas
1520 3266 1742 3337 populo-
1790 3282 1835 3347 ο
1856 3260 2155 3338 aliquando
2185 3279 2375 3318 secura
2405 3262 2622 3336 requies
2648 3263 3307 3339 azternitatis,aliquando
3335 3264 3455 3319 uni-

121 3369 260 3408 rum
296 3354 470 3425 (Psal.
504 3372 680 3424 1.xvn,
705 3355 822 3428 31).
866 3357 939 3411 Et
975 3356 1108 3429 quia
1156 3363 1445 3428 sequentes
1474 3370 1531 3409 se
1558 3370 1745 3425 popu-

124 3445 217 3501 los
250 3444 403 3499 velut
434 3462 619 3518 greges
647 3446 898 3515 trahunt,
917 3447 1113 3503 arietes
1132 3445 1431 3521 aliquando
1452 3443 1742 3499 nominan-

124 3540 246 3590 tur.
271 3532 499 3606 Gregem
530 3535 744 3593 scilicet
779 3536 977 3592 arietes
1008 3535 1238 3592 ducunt.
1264 3533 1421 3593 Unde
1437 3551 1531 3607 per
1560 3531 1742 3589 incre-

121 3623 415 3695 pationem
444 3623 708 3679 Jeremias
738 3624 851 3680 ait:
906 3626 1187 3696 Principes
1237 3625 1315 3679 tui
1367 3626 1509 3680 retut
1552 3624 1741 3679 arietes

125 3713 367 3785 (Thren.
407 3732 448 3783 ι,
482 3715 562 3787 6).
598 3716 739 3783 Quia
770 3716 940 3789 igitur
968 3716 1216 3773 haeretici
1250 3733 1375 3773 cum
1396 3714 1465 3771 ad
1496 3725 1742 3773 sanctam

120 3805 437 3861 Ecclesiam
469 3804 722 3872 redeunt,
754 3806 1023 3879 superbiae
1053 3807 1349 3862 elationem
1377 3806 1660 3875 deserunt,
1688 3814 1742 3861 et

121 3910 478 3968 nequaquam
505 3895 619 3967 jam
668 3894 823 3968 quasi
864 3905 1153 3969 sequentes
1185 3912 1368 3967 greges
1410 3896 1740 3968 populorum

121 3999 337 4039 cuneos
366 3983 434 4039 ad
466 3982 753 4041 interitum
786 3984 1021 4053 ducunt,
1052 3986 1216 4042 amici
1247 3985 1394 4040 beati
1423 3985 1524 4042 Job
1546 3985 1740 4040 offerre

120 4081 322 4129 tauros
351 4080 405 4127 et
442 4071 639 4128 arietes
677 4072 963 4145 jubentur.
1006 4074 1214 4130 Tauros
1262 4073 1409 4129 enim
1455 4082 1509 4129 et
1544 4075 1742 4129 arietes

122 4163 327 4218 offerre
358 4161 416 4215 in
448 4162 718 4218 sacriﬁcio
749 4171 829 4217 est
867 4163 1164 4235 superbum
1200 4161 1461 4219 ducatum
1500 4180 1742 4219 conver-

122 4251 305 4308 sionis
335 4250 654 4305 humilitate
681 4259 940 4320 mactare,
970 4260 1032 4308 ut
1052 4252 1295 4308 edomita
1322 4254 1538 4309 cervice
1559 4270 1741 4325 super-

120 4340 236 4395 biae
267 4338 484 4395 discant
513 4338 822 4394 obediendo
867 4340 1045 4413 sequi,
1096 4338 1189 4414 qui
1237 4340 1451 4395 dudum
1492 4340 1740 4397 docendo

124 4431 326 4504 przeire
355 4430 718 4488 conabantur.
752 4432 918 4488 Recte
947 4449 1164 4505 quoque
1190 4449 1381 4488 eorum
1410 4432 1529 4489 haec
1557 4449 1741 4505 super-

121 4521 222 4577 bia
252 4530 459 4593 septem
482 4522 771 4579 sacriﬁciis
800 4523 1076 4595 expiatur,
1110 4525 1239 4596 quia
1268 4521 1516 4579 haeretici
1542 4524 1609 4579 ad
1638 4526 1739 4581 Ec-

1856 3352 2086 3407 versitas
2118 3353 2401 3423 przesentis
2432 3350 2598 3425 hujus
2628 3352 2914 3424 temporis,
2946 3352 3244 3425 aliquando
3273 3360 3457 3408 autem

1853 3446 2054 3495 sanctte
2086 3439 2344 3495 Ecclesiae
2379 3437 2713 3496 universitas
2759 3438 3095 3511 designatur.
3138 3441 3457 3512 Septenario

1853 3527 2055 3603 quippe
2086 3545 2316 3584 numero
2349 3528 2616 3601 perfectio
2671 3529 2993 3584 aeternitatis
3024 3527 3298 3597 innuitur,
3330 3546 3457 3585 cum

1852 3617 1970 3673 dies
2000 3620 2267 3692 septimus
2294 3619 2352 3675 in
2402 3620 2645 3696 requiem
2691 3617 2916 3675 Domini
2947 3619 3319 3676 sanctiﬁcatus
3349 3636 3459 3675 vo-

1852 3719 2009 3771 catur
2042 3713 2252 3789 (Genes.
2285 3731 2347 3781 ΙΙ,
2384 3713 2439 3781 2,
2481 3713 2563 3785 3).
2610 3712 2713 3771 Cui
2738 3712 2853 3787 jam
2886 3730 3110 3784 vespera
3139 3713 3313 3769 inesse
3345 3730 3453 3770 non

1852 3801 2078 3874 dicitur,
2126 3805 2147 3837 ⁶
2190 3803 2322 3879 quia
2375 3810 2591 3860 alternae
2648 3800 3007 3857 beatitudinis
3055 3801 3270 3875 requies
3298 3802 3455 3859 nullo

1851 3892 2090 3948 termino
2118 3897 2445 3948 coarctatur.
2482 3891 2623 3948 Hinc
2653 3898 2733 3947 est
2763 3891 2926 3946 etiam
2960 3891 3107 3969 quod
3160 3893 3271 3964 lege
3326 3889 3453 3947 data

1851 3982 1969 4037 dies
2000 3981 2265 4056 septimus
2292 3980 2521 4037 feriatus
2578 3998 2693 4035 esse
2728 3980 3047 4054 praecipitur
3096 3980 3298 4054 (Exod.
3350 3997 3450 4050 xx,

1850 4074 1929 4146 8),
1960 4082 2023 4128 ut
2051 4081 2254 4129 aeterna
2304 4088 2400 4144 per
2458 4069 2617 4127 illum
2674 4071 2889 4143 requies
2938 4070 3275 4143 designetur.
3309 4070 3453 4147 Hinc

1850 4169 1932 4216 est
1961 4160 2109 4234 quod
2147 4162 2205 4216 in
2234 4178 2505 4217 annorum
2524 4160 2803 4217 curriculo
2822 4161 3167 4234 septenarius
3189 4178 3452 4219 numerus

1850 4251 2050 4322 septies
2082 4250 2504 4322 multiplicatus,
2534 4252 2554 4284 ⁷
2588 4249 2821 4307 monade
2851 4250 3059 4323 addita,
3092 4251 3160 4307 ad
3182 4252 3451 4327 quinqua-

1851 4341 2133 4412 genarium
2151 4341 2392 4409 ducitur,
2406 4350 2467 4395 ut
2479 4347 2796 4412 perpetuam
2810 4338 3211 4396 beatitudinem
3229 4342 3452 4412 signans

1843 4430 2060 4503 jubilzei
2090 4431 2459 4488 sacratissima
2487 4431 2705 4502 requies
2724 4430 3051 4488 observetur
3087 4433 3278 4503 (Leuit.
3310 4450 3448 4502 xxv,

1849 4520 1902 4588 8,
1935 4522 2015 4593 9).
2050 4522 2191 4578 Hinc
2216 4528 2296 4577 est
2325 4520 2473 4592 quod
2511 4534 2797 4593 resurgens
2825 4522 3096 4578 Dominus
3112 4531 3164 4577 et
3185 4523 3453 4595 frequen-

122 4610 353 4669 clesiam
412 4619 752 4667 revertentes
804 4628 899 4682 per
948 4609 1284 4668 humilitatis
1324 4612 1562 4671 hostiam
1591 4613 1737 4669 dona
1764 4644 1815 4708 Β
1848 4618 1931 4667 ter
1959 4628 2226 4684 apparens
2258 4612 2440 4683 (Joan.
2472 4612 2623 4681 xxr),
2654 4612 2856 4668 ultimo
2880 4610 2995 4682 jam
3026 4612 3291 4668 convivio
3321 4629 3449 4669 cum

123 4700 370 4774 Spiritus
400 4700 585 4772 gratiae
617 4698 957 4771 septiformis
983 4700 1284 4773 accipiunt,
1316 4710 1377 4758 ut
1407 4702 1501 4775 qui
1531 4702 1736 4758 elatio-

123 4792 219 4846 nis
248 4806 359 4845 sure
394 4797 663 4846 vetustate
692 4787 1006 4858 tabuerant,
1048 4791 1292 4847 novitate
1334 4791 1523 4863 gratia:
1552 4792 1737 4849 refor-

125 4886 372 4935 mentur.

203 4969 290 5025 15.
326 4969 664 5040 Septenarius
692 4986 944 5025 numerus
967 4968 1250 5041 perfectus.
1288 4972 1427 5039 Quid
1456 4971 1739 5042 signiﬁcet?

120 5058 503 5131 Perfectionem
524 5059 853 5126 aeternitatis,
884 5059 1005 5114 vita:
1018 5060 1296 5131 prcesentis
1326 5066 1544 5133 tempus,
1565 5063 1741 5117 Eccle-

120 5151 223 5207 siw
267 5148 1161 5221 universitatem.-Septenarius
1217 5157 1401 5206 autem
1477 5166 1739 5207 numerus

120 5238 275 5315 apud
301 5239 576 5313 sapientes
604 5238 776 5313 hujus
817 5240 1006 5297 saeculi
1065 5240 1302 5314 quadam
1358 5255 1457 5297 sua
1505 5238 1739 5299 habetur

204 5466 222 5499 ¹
254 5464 513 5535 Longip.,
546 5462 603 5516 in
621 5463 756 5517 sola.

202 5537 225 5570 ³
254 5533 593 5591 Βηᾰϐθτω.
624 5541 680 5589 et
706 5535 931 5602 Pratel.,
969 5534 1167 5590 dicere:
1215 5535 1289 5591 ad
1327 5536 1424 5591 Job
1466 5535 1575 5601 ite;
1607 5533 1735 5599 nisi,

111 5614 354 5681 petram.

201 5676 1033 5759 ῗέτθε.ῖέιι-»οξιρ-8›ιι.οίεὲ;,.,
1108 5746 1148 5759 ..
1218 5749 1229 5759 .
1530 5746 1553 5759 .
1664 5748 1698 5759 ..

201 5750 223 5785 ‘
252 5746 334 5805 Ita
363 5750 491 5804 Mss.
524 5756 578 5803 et
594 5746 883 5804 'vetustior
908 5746 1058 5803 Edit.
1108 5746 1279 5804 Paris.
1322 5748 1481 5805 1493.
1529 5746 1591 5805 Ιη
1627 5748 1737 5805 alia

122 5821 290 5894 1518,
309 5829 375 5894 et
394 5829 517 5878 cast.
546 5826 753 5878 recent.
786 5827 841 5877 et
889 5820 947 5876 in
973 5819 1077 5877 Ms.
1106 5819 1291 5881 Germ.
1317 5821 1538 5894 legitur,
1569 5820 1733 5887 male,

118 5892 428 5950 consilium.

1845 4710 2053 4775 septem
2111 4702 2401 4773 discipulis
2447 4700 2752 4759 comedisse
2810 4701 3165 4770 describitur,
3208 4703 3339 4773 quia
3387 4702 3449 4757 hi

1848 4793 1944 4865 qui
1974 4793 2032 4849 in
2054 4792 2160 4874 .illo
2189 4808 2340 4850 nunc
2368 4791 2596 4864 perfecti
2621 4798 2772 4861 sunt,
2802 4799 3006 4848 aeterna
3033 4808 3130 4864 per
3158 4791 3317 4846 illum
3353 4806 3451 4845 re-

1847 4882 2089 4939 fectione
2120 4882 2409 4938 satiantur.

1923 4972 2061 5045 [νει.
2101 4971 2250 5045 γη]
2286 4972 2370 5027 17.
2389 4972 2627 5029 Rursum
2645 4987 2740 5043 per
2760 4970 3130 5042 septenarium
3152 4985 3446 5025 numerum

1849 5060 1967 5117 haec
1995 5061 2333 5118 universitas
2387 5059 2812 5132 temporalitatis
2851 5059 3142 5131 accipitur.
3185 5058 3328 5113 Hinc
3365 5067 3449 5116 est

1846 5151 1993 5207 enim
2026 5149 2174 5221 quod
2197 5165 2292 5222 per
2320 5158 2527 5220 septem
2556 5148 2676 5205 dies
2704 5147 2811 5203 hoc
2842 5156 3017 5203 totum
3040 5148 3168 5204 vitte
3199 5164 3448 5220 przesen-

1846 5240 1922 5297 tis
1948 5247 2166 5310 tempus
2184 5240 2484 5297 evolvitur.
2520 5238 2664 5311 Hinc
2696 5245 2777 5294 est
2807 5234 2956 5310 quod
2986 5236 3043 5292 in
3080 5244 3217 5310 typo
3245 5244 3448 5294 sanctas

1918 5461 1940 5494 ⁴
1971 5457 2208 5517 Vindoc.
2241 5462 2297 5513 et
2341 5457 2557 5526 Norm.,
2587 5458 2695 5513 haec
2744 5458 2982 5532 physica.
3041 5457 3449 5517 Contradicunt

1844 5531 1997 5587 Editi
2033 5539 2154 5585 tum
2184 5540 2294 5585 vet.
2326 5537 2445 5584 tum
2502 5540 2737 5597 recent.,
2782 5531 2934 5603 quib.
2991 5532 3295 5589 concinam
3338 5533 3450 5589 duo

1845 5603 2141 5731 Geor[iidem
2164 5672 2297 5731 Cod.
2332 5688 2459 5729 cum
2491 5672 2701 5741 Germ.,
2731 5673 2972 5731 internae.

1918 5749 1937 5782 ⁷
1970 5748 2181 5813 Germ.,
2213 5746 2445 5813 Turon.,
2478 5744 2673 5814 Laud,
2721 5747 2936 5816 Norm.,
2967 5748 3192 5803 monade
3242 5746 3445 5807 addito.

1846 5818 2009 5881 Corb.
2043 5820 2228 5878 Germ.
2254 5826 2546 5893 utramque
2575 5817 2824 5876 admittit
2854 5818 3172 5883 lectionem.
