3956 6394
457 409 566 471 759

1662 410 1913 469 SANCTI
1950 413 2289 472 GREGORII
2324 416 2551 475 MAGNI

3680 421 3794 477 760

454 534 737 603 Ecclesiae,
769 549 891 607 quas
917 534 1072 592 omni
1101 543 1346 608 tempore
1374 534 1526 595 hunc
1555 535 1826 593 mundum
1864 534 2059 608 praidi-
2088 539 2140 600 Α
2173 537 2348 612 illius,
2381 552 2436 600 et
2455 543 2676 616 jussnm
2695 543 2970 602 divinitus
2987 545 3221 602 oﬁ'erant
3241 544 3664 602 holocaustum.
3683 546 3797 604 Sed

455 624 635 684 cando
662 623 886 692 circuit,
906 639 1034 681 arca
1057 624 1285 682 Domini
1300 625 1452 683 tubis
1465 624 1849 698 clangentibus
1876 640 2063 683 muros

455 711 680 770 Jericho
709 711 908 769 diebus
933 721 1140 786 septem
1179 715 1522 773 circumacta
1562 712 1835 786 confregit
1886 713 2068 786 (Iosue

456 819 540 872 v1,
569 802 687 874 20).
721 801 864 859 Hinc
890 802 1165 876 Propheta
1215 803 1330 861 ait:
1379 802 1577 875 Septies
1626 802 1686 858 in
1720 802 1806 858 die
1859 803 2069 859 laudem

457 891 579 948 dixi
607 891 701 946 tibi
731 890 906 963 (Psal.
938 908 1140 961 cxxm,
1167 890 1319 963 164).
1364 889 1524 960 Quod
1561 889 1678 965 ipse
1717 905 1936 949 rursum
1965 905 2066 964 pro

460 988 580 1037 toto
608 987 773 1054 atque
820 982 1084 1039 universo
1137 996 1251 1036 sua)
1298 979 1706 1053 deprecationis
1736 987 1982 1052 tempore
2010 994 2066 1035 se

461 1066 670 1125 dixisse
694 1067 1035 1140 signiﬁcans,
1066 1067 1180 1124 ait:
1216 1069 1434 1141 Semper
1470 1070 1588 1126 laus
1615 1068 1730 1139 ejus
1757 1069 1814 1125 in
1841 1085 1933 1124 ore
1957 1084 2070 1123 meo

463 1158 640 1230 (Psat.
657 1155 1117 1229 xxxm,i).Quod
1130 1173 1263 1215 vero
1278 1174 1375 1232 per
1388 1157 1757 1231 septenarium
1776 1171 2068 1214 numerum

462 1246 750 1321 praesentis
792 1246 923 1303 vita)
966 1246 1304 1304 universitas
1340 1247 1684 1320 designatur,
1726 1253 1861 1304 tunc
1896 1244 2071 1316 magis

464 1336 798 1406 ostenditur,
825 1353 953 1394 cum
984 1344 1108 1409 post
1148 1353 1274 1393 eum
1305 1353 1524 1412 quoque
1551 1337 1718 1394 etiam
1753 1334 2071 1393 octonarius

465 1425 830 1483 subinfertur.
874 1424 1258 1499 Septenarium
1306 1427 1510 1500 quippe
1538 1443 1665 1484 cum
1714 1424 1898 1483 adhuc
1928 1424 2072 1480 alius

468 1515 743 1590 sequitur,
773 1531 844 1571 ex
890 1515 1012 1589 ipso
1052 1515 1172 1588 ejus
1213 1523 1508 1588 augmento
1547 1514 1884 1587 exprimitur
1923 1511 2073 1587 quod

468 1604 715 1663 ﬁnienda
741 1605 1121 1677 temporalitas
1151 1605 1460 1661 aeternitate
1502 1602 1889 1662 concludatur.
1929 1600 2074 1658 Hinc

467 1704 552 1754 est
579 1696 731 1754 enim
760 1695 910 1770 quod
937 1695 1197 1752 Salomon
1217 1695 1498 1763 admonet,
1529 1693 1720 1752 dicens
1744 1710 1756 1750 :
1784 1693 1871 1750 Da
1889 1697 2074 1764 partes

466 1791 686 1858 septem,
734 1800 937 1840 necnon
977 1791 1027 1839 et
1069 1790 1182 1840 octo
1225 1785 1431 1854 (Eccle.
1465 1800 1546 1851 x1,
1579 1783 1659 1855 2).
1691 1783 1794 1839 Per
1816 1788 2076 1854 septena-

2172 630 2472 702 vigilanter
2498 633 2728 689 omnino
2756 633 3050 706 septenarii
3094 635 3311 691 numeri
3343 650 3552 692 arcana
3587 644 3803 693 custo-

2173 717 2350 788 diant,
2381 728 2448 777 ut
2474 721 2736 779 videlicet
2765 722 2824 780 hi
2854 723 2951 797 qui
2981 731 3140 782 extra
3180 731 3312 781 sunt
3338 725 3511 798 positi
3542 724 3710 798 prius
3741 741 3802 780 se

2174 808 2526 867 universitati
2578 819 2785 869 sanctae
2812 813 3074 872 Ecclesia
3102 814 3396 885 misceant,
3430 824 3485 872 et
3514 823 3663 873 tunc
3704 817 3804 874 de-

2176 912 2329 954 mum
2352 900 2573 957 veniam
2603 900 2670 958 de
2712 909 2869 958 reatu
2896 902 3145 976 pristinae
3175 904 3434 960 elationis
3461 905 3802 978 exquirant.

2175 987 2282 1044 Pro
2303 990 2470 1063 culpa
2496 1007 2596 1048 sua
2624 1000 2832 1065 septem
2860 993 3132 1051 sacriﬁcia
3176 995 3431 1065 oﬁ‘erant,
3475 995 3616 1068 quia
3667 1011 3807 1051 rea-

2120 1106 2131 1115 -
2176 1087 2268 1136 tus
2292 1080 2379 1138 sui
2409 1081 2431 1116 ³
2459 1081 2801 1140 ablutionem
2822 1098 2936 1140 non
2956 1084 3260 1156 accipiunt,
3278 1084 3387 1141 nisi
3408 1085 3603 1158 gratia:
3628 1084 3806 1158 septi-

2177 1167 2373 1227 formis
2400 1170 2615 1244 Spiritu
2642 1171 2946 1229 universali
3000 1173 3121 1246 paci
3153 1189 3185 1229 a
3227 1189 3336 1246 qua
3358 1173 3539 1231 excisi
3569 1173 3807 1230 fuerant

2178 1268 2556 1333 aggregentur.
2615 1261 2844 1319 Dicatur
2889 1263 3099 1335 igitur:
3143 1263 3344 1321 Sumite
3398 1263 3544 1318 vobis
3598 1269 3807 1335 septem

2181 1356 2364 1406 tauros
2391 1357 2441 1406 et
2461 1356 2649 1423 septem
2677 1353 2890 1420 arietes,
2933 1359 2982 1407 et
3021 1353 3091 1408 ite
3122 1354 3195 1410 ad
3229 1370 3440 1408 servum
3464 1369 3645 1408 meum
3675 1352 3804 1421 Job,

2179 1445 2228 1495 et
2253 1442 2435 1511 offerte
2453 1442 2815 1497 holocaustum
2839 1459 2942 1515 pro
2960 1443 3123 1510 vobis;
3141 1443 3240 1499 Job
3253 1449 3427 1499 autem
3447 1458 3638 1498 seruus
3650 1458 3808 1496 meus

2180 1530 2358 1586 orabit
2381 1547 2481 1602 pro
2507 1532 2685 1597 vobis;
2712 1532 2901 1603 faciem
2928 1532 3041 1602 ejus
3081 1534 3393 1606 suscipiam,
3423 1539 3485 1588 ut
3510 1550 3621 1587 non
3652 1531 3808 1587 vobis

2180 1620 2470 1692 imputetur
2497 1622 2747 1679 stultitia.
2765 1626 2847 1680 Ac
2861 1623 2907 1678 si
2927 1622 3205 1680 haereticis
3225 1621 3592 1679 redeuntibus
3607 1628 3808 1694 aperte

2182 1709 2496 1767 diceretur:
2532 1712 2843 1768 Universali
2875 1728 2974 1768 vos
2994 1711 3257 1769 Ecclesiae
3282 1726 3380 1784 per
3410 1709 3804 1767 humilitatem

2182 1801 2521 1872 paenitentiae
2541 1799 2782 1874 jungite,
2824 1808 2991 1873 atque
3020 1816 3139 1856 eam
3158 1817 3267 1874 qua
3281 1817 3394 1873 per
3422 1798 3806 1870 vosmetipsos

469 1873 619 1931 rium
653 1873 857 1947 quippe
884 1888 1178 1929 numerum
1209 1870 1316 1930 hoc
1336 1873 1485 1947 qn°d
1499 1880 1706 1946 septem
1726 1871 1922 1962 άίίῗδιιε
1949 1869 2077 1942 δεί-
2101 1898 2150 1960 Β
2182 1869 2338 1962 digni
2358 1906 2469 1946 non
2498 1869 2632 1946 estis
2655 1869 2879 1946 veniam
2901 1869 3028 1962 ejus
3055 1905 3088 1945 a
3116 1869 3204 1945 me
3232 1869 3491 1962 precibus
3521 1869 3802 1954 obtinete,

470 1971 566 2053 ΨΥ
592 1978 833 2036 Ρηθεθηε
859 1969 1079 2053 temp“?
1104 1962 1410 2035 θΧΡτθεδίῑὶ
1444 1979 1540 2036 Per
1567 1959 1914 2053 οοιοηθξίῘΠΒ
1941 1975 2074 2053 Ve!“
2104 1959 2111 1960 ί
2309 1996 2437 2038 cum
2470 1996 2569 2053 per
2595 1979 2742 2038 hanc
2770 1959 3042 2038 veraciter
3082 1959 3271 2052 sapere
3310 1978 3553 2046 discitis,
3582 1975 3806 2050 priores

471 2051 648 2109 vitam
679 2059 998 2126 perpetuam
1029 2051 1362 2125 designavit,
1383 2069 1549 2127 quam
1577 2068 1678 2108 sua
1695 2049 1856 2107 nobis
1872 2048 2076 2105 Domi-

471 2157 578 2199 nus
605 2143 1005 2201 resurrectione
1033 2144 1310 2216 patefecit.
1347 2144 1365 2179 ¹
1409 2141 1706 2200 Dominico
1747 2138 1957 2197 scilicet
1984 2137 2076 2194 die

471 2231 800 2302 resurrexit,
829 2231 925 2306 qui
959 2231 1093 2290 dum
1121 2232 1270 2290 diem
1296 2232 1615 2306 septimum,
1649 2227 1708 2286 id
1743 2234 1828 2285 est
1859 2225 2078 2283 Sabba-

470 2327 594 2377 tum
624 2320 898 2395 sequitur,
932 2327 1119 2386 1151
1153 2340 1186 2380 a
1231 2321 1553 2380 conditione
1599 2325 1831 2376 octavus
1859 2315 2074 2372 inveni-

472 2423 585 2473 tur.
617 2416 765 2475 Bene
791 2426 974 2476 autem
1005 2419 1248 2478 dicitur:
1301 2419 1387 2475 Da
1418 2423 1602 2491 partes
1630 2420 1839 2486 septem,
1878 2428 2077 2468 necnon

472 2512 522 2561 et
547 2511 686 2576 octo,
715 2507 846 2578 quia
864 2507 1082 2581 ignoras
1111 2508 1242 2580 quid
1268 2507 1402 2564 ntali
1425 2506 1673 2579 futurum
1703 2505 1772 2559 sit
1791 2519 1950 2574 super
1979 2507 2076 2556 ter-

474 2612 600 2651 ram
630 2596 802 2668 (Ibid.
809 2599 858 2668 ).
914 2596 999 2654 Ac
1034 2596 1083 2653 si
1125 2604 1311 2668 aperte
1343 2594 1652 2652 diceretur:
1705 2591 1799 2650 Sic
1822 2591 2079 2664 dispensa

477 2685 826 2756 temporalia,
883 2695 947 2742 ut
995 2692 1252 2758 appetere
1307 2700 1421 2742 non
1465 2682 1816 2742 obliviscaris
1851 2689 2074 2738 aeterna.

481 2772 714 2848 Oportet
741 2790 981 2848 namque
1008 2783 1072 2830 ut
1099 2774 1159 2831 in
1173 2782 1455 2847 posterum
1483 2773 1622 2831 bene
1654 2772 1862 2845 agendo
1894 2770 2077 2844 provi-

477 2861 629 2932 deas,
653 2863 749 2937 qui
771 2861 840 2920 de
862 2872 1098 2921 venturo
1112 2863 1329 2937 judicio
1348 2873 1553 2938 quanta
1571 2861 1860 2919 tribulatio
1889 2875 2078 2932 sequa-

475 2961 571 3010 tur
591 2953 830 3026 ignoras.
860 2953 1001 3010 Hinc
1027 2961 1111 3009 est
1129 2951 1276 3026 quod
1306 2951 1621 3026 quindecim
1644 2949 1905 3024 gradibus
1927 2957 2080 3006 tem-

476 3041 632 3115 plum
661 3041 999 3112 ascenditur,
1029 3050 1092 3099 ut
1119 3057 1190 3098 ex
1211 3042 1328 3115 ipsa
1341 3039 1462 3115 ejus
1488 3041 1808 3098 ascensione
1833 3038 2081 3096 discatur

476 3138 747 3204 quatenus
773 3146 871 3204 per
898 3138 1106 3205 septem
1137 3139 1192 3188 et
1227 3138 1354 3190 octo
1397 3138 1454 3188 et
1493 3130 1815 3204 temporalis
1842 3127 2080 3186 sollicite

477 3216 826 3291 dispensetur
845 3220 1011 3289 actio,
1043 3229 1098 3278 et
1126 3219 1358 3293 provide
1377 3219 1595 3277 mansio
1612 3228 1818 3276 aeterna
1835 3217 2079 3291 requira-

476 3313 593 3364 tur.
632 3307 776 3364 Hinc
802 3315 885 3363 est
913 3308 1081 3364 etiam
1103 3308 1251 3379 quod
1279 3307 1413 3365 dum
1462 3324 1656 3365 monas
1694 3307 1756 3363 in
1790 3304 2080 3362 denarium

479 3395 679 3466 surgit,
709 3401 931 3451 centum
959 3395 1364 3468 quinquaginta
1391 3396 1630 3468 psalmos
1649 3394 1920 3468 Propheta
1947 3395 2086 3452 ceci-

480 3479 587 3538 nit.
618 3482 849 3553 Propter
863 3481 1016 3540 hunc
1033 3484 1407 3556 septenarium
1427 3500 1722 3542 numerum
1738 3484 2082 3558 temporalia.

481 3569 832 3627 octonarium
863 3586 996 3626 vero
1041 3578 1248 3629 aeterna
1289 3573 1625 3646 signantem,
1668 3590 1833 3647 super
1862 3583 2083 3631 centum

482 3657 689 3732 viginti
717 3658 909 3715 ﬁdeles
943 3661 1001 3716 in
1037 3660 1323 3720 caenaculo
1350 3660 1654 3720 residentes
1683 3662 1923 3736 Spiritus
1949 3679 2087 3720 san-

481 3755 604 3806 ctus
635 3747 843 3805 effusus
869 3755 952 3804 est
982 3746 1125 3821 (Act.
1157 3750 1248 3824 ιι).
1280 3750 1384 3808 Per
1411 3757 1619 3826 septem
1650 3751 1852 3825 quippe
1879 3759 1933 3808 et
1960 3759 2085 3809 octo

483 3834 803 3909 quindecim
833 3847 1270 3912 componuntur,
1325 3849 1380 3898 et
1428 3840 1476 3898 si
1531 3839 1601 3898 ab
1655 3856 1770 3898 uno
1797 3855 1971 3914 usque
2014 3840 2084 3897 ad

482 3923 803 3998 quindecim
819 3927 1167 3985 numerando
1183 3929 1452 4002 paulatim
1469 3945 1568 4004 per
1594 3928 1937 3987 incrementa
1956 3945 2084 3987 con-

482 4013 782 4087 surgimus,
821 4031 997 4090 usque
1037 4016 1107 4074 ad
1127 4018 1494 4076 centesimum
1521 4025 1579 4075 et
1605 4019 1937 4091 vigesimum
1968 4034 2086 4076 nu-

481 4116 697 4159 merum
728 4105 1104 4176 pervenimus.
1149 4106 1269 4175 Qua
1310 4107 1524 4166 scilicet
1550 4107 1818 4165 eﬁ'usione
1845 4107 2085 4182 Spiritus

483 4191 663 4249 sancti
690 4192 1011 4252 didicerunt
1040 4203 1103 4253 ut
1129 4205 1184 4253 et
1224 4197 1550 4270 temporalia
1581 4198 1872 4256 tolerando
1902 4205 2085 4255 trans-

486 4279 653 4352 irent,
676 4289 732 4338 et
750 4289 956 4340 aterna
974 4284 1256 4344 inhianter
1283 4294 1620 4361 appeterent.

562 4423 650 4480 18.
681 4423 920 4481 Rursum
949 4428 1261 4499 septenario
1290 4444 1524 4486 numero
1571 4437 1775 4488 sanctas
1823 4430 2085 4489 Ecclesia

2184 2067 2333 2140 apud
2360 2083 2449 2124 me
2494 2077 2692 2126 vestrae
2739 2069 3025 2142 sapientiai
3069 2069 3365 2126 stultitiam
3418 2067 3640 2126 deletis.
3694 2066 3811 2124 Se-

2185 2155 2376 2230 quitur
2393 2174 2407 2214 :

2599 2276 2829 2336 CAPUT
2866 2280 2945 2337 Ix
2986 2277 3127 2354 [νει.
3178 2280 3368 2356 VIII].

2257 2391 2429 2449 Vnus.
2459 2394 2514 2451 8.
2544 2424 2617 2436 —
2642 2395 2822 2465 Neque
2849 2395 2988 2450 enim
3018 2394 3180 2452 locuti
3201 2395 3325 2450 estis
3339 2410 3524 2451 coram
3543 2409 3627 2450 me
3647 2395 3673 2431 ⁸
3712 2410 3807 2450 re-

2184 2486 2344 2551 ctum,
2375 2484 2513 2538 sicut
2537 2501 2718 2539 servus
2755 2501 2900 2540 meus
2924 2484 3043 2540 Job.

2261 2571 2347 2628 i9.
2381 2573 2656 2629 Sententiw
2674 2574 2886 2630 iteratio
2901 2573 2959 2629 in
2972 2573 3143 2630 sacris
3161 2574 3352 2631 litteris
3369 2574 3484 2644 ejus
3497 2573 3810 2630 immutabi-

2190 2661 2356 2717 litatis
2383 2669 2457 2718 est
2484 2670 2874 2736 argumentum.
2900 2694 2972 2707 —
3001 2666 3130 2721 Haec
3158 2665 3324 2737 paulo
3371 2673 3499 2720 ante
3533 2663 3656 2736 jam
3698 2665 3810 2720 Do-

2187 2751 2373 2806 minus
2400 2752 2656 2824 protulit,
2686 2759 2741 2809 et
2769 2760 2954 2808 tamen
2980 2750 3100 2811 haec
3128 2752 3319 2810 eadem
3370 2752 3628 2810 iterando
3657 2751 3813 2809 sub-

2179 2837 2388 2912 jungit.
2438 2840 2588 2908 Quid
2616 2848 2700 2898 est
2728 2839 2859 2910 hoc,
2888 2841 2999 2898 nisi
3043 2840 3195 2916 quod
3238 2842 3595 2910 sententiam,
3627 2857 3801 2915 quam

2186 2930 2354 2986 semel
2379 2929 2684 3003 judicando
2712 2932 2955 3002 dixerat,
2992 2933 3195 2989 iterum
3235 2932 3558 3006 replicando
3583 2931 3805 2989 conﬁr-

2188 3021 2350 3078 mat?
2376 3029 2538 3096 atque
2568 3030 2632 3080 ut
2650 3023 3001 3080 manifestius
3018 3024 3167 3081 beati
3195 3023 3298 3081 Job
3338 3023 3562 3098 justitia
3589 3023 3807 3079 amico-

2187 3125 2421 3184 rumque
2449 3110 2568 3184 ejus
2595 3111 2873 3184 injustitia
2899 3112 3328 3182 demonstretur,
3358 3112 3479 3185 ejus
3502 3113 3628 3169 laus
3662 3112 3805 3168 illo-

2193 3215 2427 3272 rumque
2480 3199 2833 3273 reprehensio
2881 3201 3076 3260 iterata
3127 3218 3263 3260 voce
3318 3201 3693 3276 depromitur,
3742 3211 3807 3258 ut

2194 3289 2460 3362 replicata
2485 3289 2622 3346 foris
2649 3298 2947 3363 appareant
2970 3308 3134 3366 quam
3156 3292 3271 3350 ﬁxa
3291 3293 3448 3350 intus
3462 3292 3804 3352 habeantur.

2193 3379 2441 3453 Namque
2481 3384 2673 3443 1152
2713 3397 2842 3438 cum
2895 3397 2995 3438 rex
3036 3382 3267 3456 Egypti
3316 3381 3616 3440 metuenda
3653 3398 3808 3440 ven-

2193 3484 2333 3534 turae
2359 3476 2522 3534 famis
2555 3485 2804 3552 tempora
2851 3479 2956 3536 sub
3002 3480 3169 3536 boum
3203 3480 3593 3554 spicarumque
3618 3480 3807 3552 specie

2195 3566 2413 3638 gemina
2440 3566 2654 3625 visione
2681 3569 3053 3640 cognovisset,
3083 3585 3221 3627 voce
3262 3570 3438 3626 sancti
3480 3570 3808 3642 interpretis

2194 3654 2442 3712 audivit:
2474 3657 2628 3725 Quod
2653 3658 2835 3714 uidisti
2860 3658 3086 3713 secundo
3122 3658 3196 3713 ad
3222 3659 3453 3714 eamdem
3480 3675 3595 3713 rem
3618 3659 3808 3731 perti-

2192 3761 2320 3803 nens
2349 3747 2632 3814 somnium,
2659 3746 2934 3821 ﬁrmitatis
2949 3748 3204 3804 indicium
3218 3750 3519 3823 est(Genes.
3538 3765 3661 3814 xm,
3682 3747 3805 3821 32).

2193 3834 2313 3903 Qua
2340 3851 2411 3893 ex
2435 3850 2494 3891 re
2523 3843 2708 3908 aperte
2727 3835 3010 3909 colligitur
3034 3837 3165 3911 quia
3197 3835 3471 3911 quidquid
3490 3836 3549 3892 in
3577 3836 3809 3909 eloquio

2194 3923 2390 3981 divino
2434 3923 2724 3998 repetitur,
2775 3924 3058 3982 robustius
3101 3925 3482 3984 conﬁrmatur.
3514 3924 3626 3983 Sed
3673 3925 3811 3999 quia

2194 4015 2329 4090 quid
2350 4014 2526 4089 judex
2553 4015 2801 4074 decrevit
2827 4015 3167 4089 audivimus,
3189 4017 3400 4077 addicti
3421 4032 3646 4092 quoque
3668 4016 3808 4092 quid

2193 4104 2400 4163 faciant
2427 4104 2736 4162 audiamus.
2762 4104 3056 4179 Sequitur:

2807 4247 3037 4306 CAPUT
3075 4250 3151 4307 Χ.

2263 4364 2438 4422 Vnus.
2465 4365 2523 4421 9.
2554 4394 2627 4406 —
2649 4364 2912 4421 Abierunt
2949 4382 3072 4437 ergo
3100 4365 3337 4437 Eliphax
3373 4366 3738 4438 Themanites,
3767 4376 3815 4424 et

2193 4453 2411 4511 Baldad
2468 4453 2695 4521 Suhites,
2725 4460 2774 4510 et
2803 4454 3013 4526 Sophar
3039 4454 3469 4524 Naamathithes,
3495 4461 3547 4510 et
3567 4454 3816 4527 fecerunt

488 4510 828 4569 universitas
856 4513 1192 4588 designatur.
1224 4517 1380 4575 Unde
1406 4518 1642 4576 Joannes
1661 4519 1720 4576 in
1752 4519 2079 4593 Apocalypsi

2194 4543 2331 4599 sicut
2351 4544 2552 4600 locutus
2580 4544 2764 4615 fuerat
2785 4544 2858 4600 ad
2877 4561 2960 4599 eos
2979 4545 3263 4614 Dominus,
3286 4551 3335 4600 et
3352 4545 3583 4617 suscepit
3609 4546 3816 4603 Domi-

489 4602 992 4706 septprchclesiis
1037 4606 1232 4665 scribit
1282 4607 1471 4680 (Apoc.
1530 4625 1572 4678 ι,
1614 4608 1694 4682 4);
1743 4608 1838 4666 sed
1869 4625 1968 4682 per
1993 4625 2079 4667 eas

2195 4650 2298 4690 nus
2323 4633 2515 4706 faciem
2543 4602 2725 4692 Iacob.

489 4689 627 4764 quid
650 4691 806 4749 aliud
833 4708 997 4766 quam
1010 4695 1376 4754 universalem
1400 4699 1705 4756 Ecclesiam
1734 4698 1971 4772 intelligi
1992 4715 2088 4755 vo-

490 4780 644 4839 luit?
676 4782 810 4852 Quae
851 4783 1119 4842 nimirum
1156 4789 1490 4847 universalis
1534 4788 1783 4847 Ecclesia
1838 4799 1901 4846 ut
1927 4787 2091 4862 plena

489 4870 828 4943 septiformis
849 4874 1036 4946 gratiae
1069 4876 1280 4950 Spiritu
1309 4878 1639 4951 signaretur,
1670 4877 1904 4935 Eliszeus
1927 4893 2092 4950 super

488 4974 721 5032 puerum
778 4970 1059 5021 mortuum
1116 4967 1316 5039 septies
1391 4966 1686 5038 inspirasse
1757 4965 2091 5024 describitur

490 5049 601 5121 (IV
622 5052 746 5122 Reg.
779 5067 860 5120 Iv,
891 5051 1007 5124 34).
1038 5054 1214 5128 Super
1239 5055 1576 5112 exstinctum
1594 5056 1797 5130 quippe
1821 5055 2089 5130 populum

487 5137 761 5195 Dominus
790 5140 1022 5198 veniens
1042 5143 1201 5215 quasi
1231 5144 1431 5216 septies
1458 5143 1480 5178 ²
1495 5144 1714 5212 oscitat,
1728 5143 1855 5217 quia
1875 5144 1924 5202 ei
1945 5143 2092 5200 dona

489 5227 728 5298 Spiritus
774 5230 1117 5304 septiformis
1157 5235 1343 5306 gratiae
1400 5233 1831 5292 misericorditer
1867 5233 2087 5291 tribuit.

488 5313 634 5381 Quia
655 5318 826 5390 igitur
853 5338 995 5395 saepe
1025 5325 1337 5396 septenario
1357 5340 1588 5381 numero
1608 5333 1809 5382 sanctae
1828 5324 2091 5382 Ecclesiae

490 5403 827 5464 universitas
851 5409 1142 5483 ﬁguratur,
1196 5413 1424 5471 veniant
1454 5413 1524 5472 ad
1542 5413 1764 5472 beatum
1792 5413 1896 5472 Job
1922 5414 2089 5472 amici

555 5627 584 5709 ,ί
615 5626 839 5710 Εδνοίο.
871 5630 1077 5705 aliique
1102 5633 1391 5706 Norman.,
1421 5636 1628 5695 Turon.
1650 5644 1706 5693 et
1723 5637 1822 5706 al.,
1853 5652 1971 5691 cum
1999 5635 2090 5692 de.

489 5712 800 5859 Ὗῗῗξςη
837 5780 904 5859 e}.
935 5773 1089 5859 Εάίεο
1136 5771 1331 5859 ἓξιριη
1370 5777 1581 5859 ,γέρρα-ρ
1613 5779 1912 5859 διιεεαηνη
1943 5781 2091 5838 θεεί-

494 5844 648 5900 tasse.
679 5841 814 5902 Caet.
848 5845 979 5904 Mss.
1007 5852 1064 5901 et
1085 5841 1334 5902 veterum
1370 5848 1524 5906 Edit.
1555 5841 1849 5908 lectionem
1871 5841 2090 5926 praetu-

2268 4724 2360 4781 20.
2394 4724 2538 4781 Ordo
2579 4724 3044 4781 venite—Horum
3071 4723 3588 4796 interpretationem
3614 4726 3816 4782 nomi-

2198 4828 2335 4869 num
2362 4812 2570 4870 idcirco
2590 4815 2904 4882 reticemus,
2929 4813 3059 4886 quia
3087 4812 3146 4869 in
3167 4811 3336 4886 hujus
3364 4812 3552 4885 operis
3577 4813 3817 4870 exordio

2199 4901 2267 4958 de
2286 4918 2349 4958 ea
2368 4917 2470 4959 nos
2489 4901 2656 4958 latius
2683 4901 3006 4959 disseruisse
3055 4902 3437 4958 meminimus.
3468 4902 3816 4960 Intuendum

2201 5007 2331 5048 vero
2358 5000 2442 5049 est
2469 4991 2601 5065 quia
2618 4991 2697 5048 ita
2716 4999 2893 5059 caute,
2926 4991 3072 5048 sicut
3099 4991 3427 5065 praedictum
3449 4990 3660 5061 fuerat,
3677 4991 3818 5048 ordo

2199 5086 2434 5152 acceptas
2461 5079 2639 5137 venite
2681 5078 3014 5148 custoditur,
3074 5088 3137 5137 ut
3183 5079 3241 5136 in
3299 5079 3595 5136 sacriﬁciis
3624 5081 3818 5137 Domi-

2200 5185 2305 5226 nus
2324 5186 2451 5253 ‘non
2489 5170 2737 5241 illorum,
2775 5169 2872 5227 sed
2914 5169 3061 5227 beati
3115 5169 3219 5227 Job
3259 5169 3459 5227 faciem
3503 5172 3819 5244 suscepisse

2201 5260 2488 5318 referatur.
2523 5259 2629 5318 Sed
2657 5260 2788 5334 quia
2835 5258 3091 5334 quisquis
3134 5276 3237 5333 pro
3285 5259 3414 5316 aliis
3468 5258 3820 5318 intercedere

2200 5351 2421 5420 nititur,
2440 5351 2548 5408 sibi
2556 5351 2740 5424 potius
2759 5366 2831 5408 ex
2855 5349 2974 5424 ipsa
2988 5349 3258 5410 charitate
3274 5350 3643 5422 suffragatur,
3668 5361 3821 5410 recte

2197 5439 2556 5515 subjuugitur
2579 5458 2592 5497 :

2198 5640 2563 5793 ῗηὲηἷῖιῐοῐιη
2593 5706 2704 5766 duo
2727 5708 2936 5780 Germ.,
2983 5709 3247 5781 Vindoc.,
3299 5711 3522 5779 Norm.,
3579 5711 3821 5767 absolu-

2200 5789 2410 5839 tionem.

2272 5857 2293 5890 ‘
2318 5854 2506 5913 Germ.
2538 5861 2591 5912 et
2622 5853 2820 5923 Laud.,
2849 5860 3018 5912 recta.
