3956 6392
239 408 344 465 761

869 535 1098 594 CAPUT
1134 539 1232 596 XI.

309 649 484 707 Vens.
521 651 606 707 10.
639 683 710 694 -
727 651 991 708 Dominus
1010 671 1217 727 quoque
1235 673 1516 712 conversus
1546 663 1622 712 est
1648 659 1720 714 ad
1743 675 1849 730 pw-

234 740 516 796 nitentiam
543 743 662 812 Job,
691 759 808 797 cum
831 749 1012 799 oraret
1028 762 1134 816 pro
1163 747 1350 802 amicis
1378 747 1507 803 suis.

309 827 401 883 21.
438 828 610 885 Citius
633 847 738 901 pro
765 831 918 886 nobis
965 837 1178 886 orantes
1223 831 1567 903 eaaudimur,
1599 835 1646 890 si
1676 836 1852 892 oratio

233 921 424 972 nostra
445 919 748 988 proximiet
773 919 1008 976 maxime
1024 921 1327 976 adversarii
1346 922 1621 979 dilectione
1639 925 1849 980 condia-

237 1009 426 1060 tur.—
445 1007 566 1062 lam
599 1008 748 1063 enim
779 1010 1033 1081 superius
1064 1027 1164 1082 pro
1191 1011 1387 1068 amicis
1410 1014 1527 1070 suis
1556 1013 1849 1069 exauditus

234 1093 706 1166 ostenditur,cum
723 1097 930 1156 factum
953 1100 1100 1172 quod
1113 1100 1474 1173 pradiximus
1490 1111 1845 1159 memoratur:

235 1181 501 1238 Fecerunt
527 1184 663 1241 sicut
691 1187 894 1242 locutus
921 1187 1103 1258 fuerat
1135 1191 1206 1244 ad
1233 1207 1318 1244 eos
1344 1191 1624 1260 Dominus,
1654 1198 1703 1246 et
1722 1209 1850 1246 sus-

231 1272 372 1342 cepit
398 1272 660 1328 Dominus
689 1274 875 1345 faciem
906 1277 1024 1333 Job.
1075 1278 1178 1334 Sed
1209 1295 1333 1334 cum
1364 1281 1616 1352 protinus
1645 1281 1850 1337 subin—

235 1359 417 1416 fertur
441 1378 453 1416 :
488 1362 748 1419 Dominus
781 1382 987 1436 quoque
1005 1383 1285 1423 conversus
1307 1376 1382 1424 est
1408 1371 1480 1425 ad
1488 1372 1848 1442 paenitentiam

226 1448 354 1516 Job,
389 1465 509 1506 cum
555 1459 738 1508 oraret
771 1471 878 1525 pro
915 1455 1102 1510 amicis
1145 1457 1280 1526 suis,
1311 1467 1495 1529 aperte
1537 1459 1850 1515 ostenditur

232 1539 372 1610 quia
419 1539 586 1596 etiam
637 1557 739 1612 pro
787 1544 1084 1616 semetipso
1128 1545 1403 1618 paenitens
1461 1555 1616 1604 tanto
1681 1548 1850 1604 citius

233 1629 498 1684 exaudiri
529 1631 755 1700 meruit,
787 1640 995 1704 quanto
1015 1634 1213 1690 devote
1244 1651 1342 1707 pro
1371 1635 1498 1692 aliis
1517 1638 1845 1693 intercessit.

224 1715 364 1772 Plus
393 1718 544 1774 enim
569 1735 669 1792 pro
698 1736 753 1776 se
782 1723 965 1778 valere
995 1740 1180 1794 preces
1210 1741 1334 1780 suas
1387 1726 1575 1793 etIicit,
1619 1727 1714 1798 qui
1749 1726 1848 1781 has

233 1815 292 1862 et
324 1824 424 1879 pro
453 1809 581 1864 aliis
611 1810 902 1882 impendit.
948 1813 1236 1869 Libentius
1282 1815 1484 1886 quippe
1514 1816 1846 1872 sacriﬁcium

229 1896 508 1952 orationis
536 1899 828 1971 accipitur,
861 1901 1009 1972 quod
1039 1901 1096 1956 in
1139 1909 1439 1974 conspectu
1468 1904 1844 1962 misericordis
1871 1906 1918 1967 B

217 1986 435 2058 judicis
463 1988 1032 2060 proximidilectione
1069 1991 1511 2060 conditur.Quod
1537 2001 1670 2050 tunc
1691 2011 1842 2050 vera-

228 2075 377 2131 citer
403 2075 636 2149 quisque
665 2079 935 2148 cumulat,
965 2079 1012 2136 si
1037 2079 1142 2136 hoc
1170 2081 1336 2137 etiam
1368 2098 1467 2154 pro
1513 2082 1843 2138 adversariis

228 2163 543 2236 impendat.
578 2166 722 2222 Hinc
743 2175 824 2224 est
846 2169 994 2224 enim
1026 2170 1173 2244 quod
1203 2171 1462 2243 magistra
1505 2172 1721 2228 Veritas
1759 2172 1842 2228 di-

227 2253 312 2309 cit
346 2271 358 2308 :
395 2255 556 2310 Orate
577 2272 683 2326 pro
709 2260 1136 2328 persequentibus
1178 2266 1227 2314 et
1271 2261 1717 2316 calumniantibus
1750 2279 1841 2316 vos

226 2341 514 2414 (Matth.v,
532 2343 648 2417 44).
669 2345 813 2403 Hinc
831 2363 1050 2404 rursum
1073 2348 1169 2404 ait:
1197 2350 1327 2407 Cum
1345 2349 1550 2405 stabilis
1579 2352 1652 2406 ad
1681 2368 1838 2406 oran-

223 2432 381 2498 dum,
412 2433 660 2489 dimittite
685 2435 734 2490 si
761 2437 892 2506 quid
911 2437 1108 2492 habetis
1135 2437 1392 2494 adversus
1423 2439 1676 2509 aliquem,
1708 2446 1766 2494 ut
1793 2446 1842 2494 et

219 2521 394 2577 Pater
413 2529 581 2578 vester
600 2525 694 2594 qui
713 2525 772 2579 in
791 2526 934 2580 catis
964 2533 1042 2580 est
1059 2527 1295 2581 dimittat
1321 2527 1465 2582 vobis
1489 2535 1702 2598 peccata
1731 2545 1838 2584 ves-

228 2617 324 2666 tra
351 2613 555 2683 (Marc.
586 2630 671 2682 x1,
695 2615 812 2688 25).
858 2617 1140 2683 Quantum
1176 2631 1300 2673 vero
1334 2633 1433 2690 pro
1463 2633 1520 2673 se
1573 2618 1837 2688 obtinuit,

225 2700 331 2772 qui
375 2717 476 2772 pro
523 2701 651 2758 aliis
697 2702 1023 2774 intervenit,
1053 2703 1206 2761 illico
1245 2705 1679 2776 demonstratur,
1709 2722 1836 2763 cum

217 2787 490 2844 subditur
521 2807 534 2844 :

643 2903 872 2962 CAPUT
902 2906 1006 2961 x11
1049 2904 1193 2979 [Rea
1235 2907 1414 2981 VIII].

295 3020 766 3077 Imm—Addidit
798 3023 814 3056 ¹
845 3023 1106 3078 Dominus
1135 3024 1314 3078 omnia
1343 3040 1665 3096 quacunque
1706 3023 1837 3096 fue-

215 3114 356 3164 rant
383 3108 480 3164 Job
501 3109 758 3182 duplicia.

291 3197 384 3254 22.
433 3198 599 3254 Juxta
650 3199 951 3272 aﬂlictiouis
985 3201 1199 3272 pondus
1245 3200 1553 3272 disponitur
1579 3219 1834 3258 mensura

217 3289 622 3345 consolationis.
655 3319 727 3330 —
755 3289 968 3346 Cuncta
997 3307 1124 3364 qua
1138 3291 1397 3348 amiserat
1415 3291 1664 3364 duplicia
1692 3310 1837 3350 rece-
1866 3270 1911 3330 Ο

224 3377 338 3452 pit,
389 3378 517 3449 quia
559 3394 654 3450 per
700 3379 958 3450 pietatem
997 3379 1224 3452 benigni
1265 3378 1474 3451 judicis
1517 3381 1838 3436 tentationis

224 3472 436 3521 nostra
459 3465 813 3538 dispendium
843 3469 1078 3524 vincunt
1097 3469 1358 3542 suffragia
1371 3470 1832 3526 consolationum.

221 3556 417 3612 Minus
445 3564 628 3612 autem
661 3565 834 3613 tentat
855 3558 1105 3630 probatio
1133 3575 1300 3632 quam
1321 3560 1692 3616 remuneratio
1711 3575 1838 3616 con-

225 3645 463 3714 solatur,
493 3653 556 3701 ut
584 3662 654 3702 ex
684 3646 1071 3702 retributionis
1104 3647 1302 3702 merito
1333 3649 1452 3704 leve
1491 3647 1662 3704 fuisse
1692 3649 1839 3722 quod

221 3735 492 3792 toleravit
507 3737 886 3810 agnoscat,qui
903 3753 973 3792 ex
990 3737 1012 3770 ²
1025 3736 1396 3808 percussionis
1415 3737 1655 3809 pondere
1677 3755 1840 3810 grave

223 3841 287 3881 se
317 3825 530 3898 aliquid
559 3825 794 3881 tolerare
818 3824 1124 3896 judicabat.
1158 3825 1314 3881 Unde
1359 3825 1576 3882 aﬂlicta
1623 3843 1842 3901 quoque

217 3913 428 3970 Judaa
443 3914 652 3971 dicitur
675 3932 687 3970 :
713 3915 799 3970 Ad
809 3921 1068 3986 punctum
1095 3915 1148 3969 in
1163 3915 1366 3970 modico
1397 3915 1656 3986 dereliqui
1687 3923 1750 3984 te,
1795 3922 1843 3971 et

219 4003 288 4059 in
308 4004 740 4060 miserationibus
768 4004 975 4076 magnis
1002 4005 1323 4076 congregabo
1355 4011 1401 4059 te
1417 4006 1580 4074 (Isai.
1614 4022 1728 4074 Liv,
1761 4005 1838 4078 7).

225 4093 555 4166 Aliquando
586 4111 715 4150 vero
739 4092 902 4166 juxta
930 4093 1248 4150 aﬁlictionis
1275 4095 1492 4166 pondus
1529 4093 1844 4166 disponitur

225 4199 495 4241 mensura
535 4183 953 4240 consolationis.
1000 4183 1156 4240 Unde
1200 4183 1336 4239 alias
1397 4184 1666 4256 scriptum
1710 4191 1836 4240 est:

224 4275 532 4334 Secundum
586 4275 982 4330 multitudinem
1031 4275 1282 4330 dolorum
1323 4291 1560 4330 meorum
1600 4275 1658 4329 in
1689 4275 1846 4330 corde

221 4385 342 4424 meo
384 4367 768 4422 consolationes
807 4372 910 4422 tua
947 4367 1350 4440 lcetiﬁcaverunt
1393 4367 1630 4422 animam
1675 4383 1845 4421 meam

221 4459 414 4531 (Psal.
439 4474 597 4526 xcur,
633 4457 746 4530 19).
779 4459 840 4513 In
863 4473 926 4513 ea
953 4457 1103 4512 enim
1140 4472 1396 4513 mensura
1427 4457 1770 4513 consolatum
1788 4473 1844 4512 se

222 4548 291 4604 in
341 4563 450 4620 qua
495 4546 735 4603 aﬂlictus
784 4546 966 4603 fuerat
1013 4544 1245 4614 indicat,
1276 4547 1374 4620 qui
1417 4547 1756 4603 latiﬁcatum
1787 4565 1844 4602 se

997 414 1369 474 MOBALIUM
1405 417 1540 475 LIB.
1581 417 1818 478 XXXV.
1859 452 1930 466 —
1969 423 2040 480 IN
2073 425 2302 482 CAPUT
2339 427 2488 484 XLII
2525 428 2588 486 B.
2630 429 2773 486 .IOB.

1876 551 1926 611 A

3455 434 3559 493 762

2541 551 2769 610 CAPUT
2798 555 2946 612 XIII.

2032 657 2204 714 Vens.
2230 659 2314 714 11.
2331 689 2402 700 -
2429 661 2689 718 Venerunt
2715 668 2889 716 autem
2917 665 2988 718 ad
3016 681 3134 719 eum
3158 685 3330 722 omnes
3358 668 3560 738 fratres

1961 749 2064 809 sui,
2087 755 2133 803 et
2163 751 2422 806 universa:
2444 769 2655 807 sorores
2697 769 2826 822 sum,
2863 760 2912 809 et
2956 757 3127 810 cuncti
3171 759 3265 828 qui
3304 769 3560 816 noverant

1960 861 2074 898 eum
2091 847 2247 916 prius
2269 865 2288 911 ;
2307 853 2354 903 et
2372 846 2704 903 comederunt
2731 865 2849 904 cum
2868 865 2924 904 eo
2955 866 3143 921 panem
3159 853 3216 906 in
3244 853 3396 908 domo
3425 853 3555 922 ejus,

1959 941 2006 988 et
2032 943 2306 990 moverunt
2323 954 2484 1008 super
2505 954 2622 992 eum
2650 945 2826 1009 caput.

2033 1023 2119 1079 23.
2153 1026 2273 1081 Non
2302 1028 2473 1081 solum
2502 1027 2720 1092 divinae,
2739 1028 2829 1082 sed
2859 1027 3016 1083 etiam
3047 1029 3310 1084 humanae.
3333 1029 3564 1096 —Quid

1957 1111 2014 1167 in
2066 1115 2086 1146 ³
2131 1115 2467 1171 comestione
2508 1116 2666 1187 panis
2692 1114 2800 1169 nisi
2828 1113 3090 1185 charitas,
3121 1116 3257 1189 quid
3289 1133 3421 1172 vero
3447 1133 3558 1172 mo-

1958 1203 2109 1258 tione
2136 1203 2354 1275 capitis,
2371 1203 2481 1260 nisi
2501 1203 2796 1260 admiratio
2819 1202 3137 1276 designatur
3153 1205 3182 1262 ?
3201 1206 3348 1260 Bene
3376 1213 3560 1262 autem

1957 1291 2217 1347 subditur
2241 1310 2254 1347 :

2029 1381 2166 1436 lem.
2209 1411 2257 1421 -
2297 1383 2372 1437 Et
2399 1381 2658 1437 consolati
2685 1388 2809 1437 sunt
2836 1399 2954 1437 eum
2981 1399 3144 1454 super
3167 1399 3317 1438 omne
3336 1384 3558 1447 malum,

1955 1471 2096 1540 quod
2128 1472 2382 1525 intulerat
2411 1471 2670 1526 Dominus
2697 1489 2857 1543 super
2884 1489 3020 1528 eum.

2029 1559 2278 1616 Percussi
2311 1559 2460 1614 enim
2492 1576 2782 1616 maerorem
2813 1561 3087 1616 consolari
3117 1568 3200 1617 est
3219 1560 3269 1616 ei
3291 1568 3414 1631 post
3441 1575 3558 1630 per-

1957 1649 2265 1704 cussionem
2289 1648 2354 1703 de
2377 1649 2539 1704 venia
2558 1648 2919 1720 congaudere.
2943 1649 3079 1705 Nam
3101 1655 3306 1721 quanto
3327 1646 3560 1718 quisque

1956 1737 2024 1792 de
2081 1737 2336 1793 restituta
2389 1737 2630 1808 proximi
2689 1738 2865 1792 salute
2919 1738 3164 1793 cernitur
3207 1735 3556 1802 hilarescere,

1957 1835 2111 1884 tanto
2140 1843 2196 1883 se
2228 1826 2436 1883 indicat
2467 1827 2532 1881 de
2561 1826 2750 1882 ablata
2781 1827 3041 1883 doluisse.

2387 1939 2616 1997 CAPUT
2646 1941 2775 1997 XIV
2809 1939 2951 2014 [Ηρσ.
2982 1940 3108 2014 IX].

2025 2061 2163 2115 Inm.
2195 2060 2355 2114 -—Et
2383 2059 2643 2112 dederunt
2670 2058 2717 2112 ei
2747 2058 3107 2129 unusquisque
3134 2075 3278 2114 ovem
3307 2073 3495 2124 unam,
3517 2065 3567 2114 et

1952 2148 2201 2203 inaurem
2229 2164 2451 2202 auream
2479 2163 2661 2202 unam.

2021 2238 2110 2295 24.
2144 2237 2388 2294 Ecclesia
2436 2243 2711 2308 receptura
2757 2242 2831 2292 est
2867 2237 3161 2308 aliquando
3203 2238 3459 2310 duplicia.
3491 2269 3562 2282 --

1948 2327 2104 2384 Licet
2148 2335 2347 2383 cuncta
2391 2325 2510 2382 hac
2550 2324 2714 2398 juxta
2761 2325 3053 2383 historiam
3106 2327 3376 2384 veraciter
3407 2327 3556 2396 dicta

1949 2417 2082 2484 sint,
2117 2417 2249 2488 ipsis
2279 2425 2461 2472 tamen
2503 2415 2704 2471 oblatis
2740 2415 3064 2472 muneribus
3092 2417 3346 2488 cogimur
3391 2425 3454 2472 ut
3492 2417 3561 2473 ad

1950 2505 2225 2576 allegoria
2258 2505 2584 2576 mysterium
2625 2506 3192 2576 recurramus.Neque
3220 2505 3368 2560 enim
3385 2505 3560 2561 otiose

1949 2594 2213 2650 debemus
2241 2593 2489 2665 accipere
2519 2592 2667 2667 quod
2699 2609 2882 2661 ovem,
2916 2593 3065 2665 quod
3095 2608 3285 2660 unam,
3317 2592 3561 2665 quodin-

1949 2698 2140 2737 aurem
2171 2698 2394 2737 auream
2429 2681 2699 2749 obtulere,
2731 2681 2878 2753 quod
2908 2697 3100 2736 unam.
3145 2682 3216 2737 Et
3243 2681 3290 2736 si
3332 2681 3560 2737 fortasse

1941 2769 2104 2842 juxta
2135 2772 2376 2828 litteram
2410 2771 2613 2827 mirum
2643 2786 2756 2826 non
2796 2778 2878 2826 est
2907 2771 3031 2826 ovis
3059 2770 3245 2826 oblata
3279 2786 3380 2828 cur
3425 2785 3556 2838 una,

1947 2860 2108 2915 valde
2137 2867 2322 2914 tamen
2351 2860 2555 2916 mirum
2584 2867 2665 2915 est
2695 2860 2906 2916 inauris
2929 2859 3115 2916 oblata
3133 2877 3234 2915 cur
3249 2875 3390 2919 ,una.
3415 2859 3560 2926 Quid

1945 2965 2079 3004 vero
2108 2955 2201 3004 aut
2232 2948 2354 3004 ovis
2383 2948 2451 3003 ad
2484 2948 2734 3004 inaurem
2765 2947 3026 3020 pertinet,
3059 2955 3154 3004 aut
3181 2947 3316 3021 quid
3343 2948 3557 3005 inauris

1945 3043 2015 3099 ad
2045 3059 2204 3098 ovem
2228 3043 2256 3098 ?
2279 3043 2367 3096 Ex
2388 3041 2508 3113 ipso
2536 3058 2664 3114 ergo
2702 3056 2997 3098 munerum
3027 3041 3136 3098 ﬁne
3173 3043 3561 3115 compellimur

1945 3143 2006 3190 ut
2027 3135 2214 3207 priora
2243 3150 2482 3208 quoque,
2520 3152 2640 3206 qua
2668 3133 2960 3206 superﬁcie
3002 3143 3163 3191 tenus
3188 3133 3354 3206 juxta
3384 3134 3554 3189 solam

1944 3224 2234 3280 historiam
2276 3223 2647 3295 contingendo
2694 3223 3144 3290 transcurrimus,
3191 3222 3249 3277 in
3278 3222 3558 3294 allegoria

1947 3313 2230 3386 mysteriis
2260 3313 2606 3384 indagemus.
2638 3311 2779 3380 Quia
2809 3311 2980 3384 igitur
3011 3309 3264 3368 Christus
3292 3318 3348 3367 et
3374 3305 3564 3369 Ecclef

1951 3401 2055 3471 sia,
2087 3402 2145 3458 id
2189 3411 2271 3458 est
2321 3409 2489 3474 caput
2534 3411 2588 3457 et
2635 3417 2834 3472 corpus
2872 3416 2982 3456 una
3019 3416 3251 3472 persona
3287 3408 3388 3468 est,
3421 3417 3561 3473 sape

1947 3491 2170 3548 beatum
2218 3490 2321 3547 .lob
2367 3490 2618 3546 diximus
2673 3489 2841 3544 modo
2879 3487 3099 3561 capitis,
3132 3487 3297 3545 modo
3325 3488 3559 3562 ﬁguram

1949 3580 2196 3653 corporis
2227 3579 2530 3652 designare.
2569 3577 2708 3652 [Vet.
2741 3577 2869 3651 IX.]
2902 3577 3127 3633 Servata
3155 3593 3285 3650 ergo
3315 3577 3562 3635 historia

1950 3669 2206 3738 veritate,
2221 3669 2327 3725 sub
2344 3680 2477 3742 typo
2499 3675 2711 3740 gestum
2740 3674 2942 3723 sancta
2963 3666 3226 3722 Ecclesia
3254 3669 3558 3724 sentiamus

1949 3759 2008 3816 id
2037 3759 2189 3832 quod
2217 3759 2485 3830 scriptum
2516 3765 2598 3812 est
2623 3774 2633 3812 :
2667 3756 2896 3812 Addidit
2922 3755 3184 3814 Dominus
3213 3755 3393 3812 omnia
3421 3773 3558 3826 qure-

1950 3867 2152 3920 cunque
2178 3847 2398 3919 fuerant
2425 3847 2523 3902 Job
2559 3845 2821 3917 duplicia.
2853 3844 3056 3900 Sancta
3083 3845 3287 3918 quippe
3318 3843 3567 3900 Ecclesia

1949 3939 2054 3996 etsi
2083 3938 2289 3994 multos
2327 3952 2477 3992 nunc
2503 3935 2856 4008 percussione
2884 3933 3219 3990 tentationis
3251 3921 3482 4001 amittit,
3503 3933 3563 3988 in

1951 4028 2060 4084 ﬁne
2079 4035 2266 4088 tamen
2299 4024 2469 4097 hujus
2499 4023 2687 4080 saeculi
2709 4039 2773 4079 ea
2801 4039 2922 4096 qua
2944 4040 3044 4079 sua
3061 4031 3194 4079 sunt
3220 4021 3465 4094 duplicia
3483 4038 3564 4078 re-

1953 4116 2116 4189 cipit,
2147 4113 2370 4188 quando
2401 4113 2669 4184 susceptis
2698 4112 2768 4168 ad
2794 4113 3021 4184 plenum
3043 4111 3320 4184 gentibus,
3350 4111 3420 4167 ad
3449 4110 3566 4184 ejus

1951 4206 2119 4262 ﬁdem
2148 4219 2370 4260 currere
2399 4201 2581 4258 omnis
2607 4219 2727 4275 qua
2763 4211 2896 4258 tunc
2925 4200 3156 4258 inventa
3188 4201 3381 4268 fuerit,
3399 4201 3566 4256 etiam

1952 4294 2144 4352 Judaa
2169 4291 2469 4350 consentit.
2503 4289 2646 4347 Hinc
2673 4306 2911 4363 namque
2941 4289 3214 4362 scriptum
3245 4297 3357 4346 est:
3393 4289 3568 4346 Do-nec

1947 4384 2226 4458 plenitudo
2255 4383 2490 4455 gentium
2521 4380 2792 4450 introiret,
2822 4386 2869 4434 et
2897 4381 2972 4435 sic
2991 4379 3161 4435 omnis
3187 4381 3360 4438 Israel
3389 4381 3568 4434 salvus

1953 4477 2100 4549 ﬁeret
2131 4475 2310 4547 (Rom.
2343 4489 2424 4539 xi,
2455 4471 2575 4544 25).
2608 4470 2753 4527 Hinc
2784 4470 2841 4526 in
2872 4468 3180 4542 Evangelio
3215 4484 3434 4542 quoque
3464 4468 3566 4526 Ve-

1953 4567 2090 4622 ritas
2131 4565 2301 4622 dicit:
2362 4563 2520 4620 Elias
2573 4564 2596 4598 δ
2634 4562 2820 4629 veniet,
2871 4566 2921 4616 et
2964 4561 3054 4616 ille
3100 4560 3348 4616 restituet
3389 4561 3569 4615 omnia

223 4637 540 4696 secundum
569 4637 990 4693 multitudinem
1006 4637 1262 4692 dolorum
1280 4637 1498 4694 clamat.
1518 4639 1637 4694 Non
1659 4647 1842 4696 autem

1962 4658 2320 4731 {Matth.xvu,
2341 4655 2431 4726 11)
2445 4655 2625 4712 .Nunc
2641 4653 2790 4710 enim
2809 4651 2997 4708 amisit
3008 4651 3282 4708 Israelitas
3297 4651 3564 4720 Ecclesia,

223 4728 463 4785 minime
493 4727 666 4784 lector
689 4726 1004 4793 instruitur,
1049 4725 1097 4780 si
1149 4725 1329 4797 ipsum
1381 4728 1843 4784 remunerationis

225 4820 486 4877 ordinem
517 4820 944 4892 contempletur.
977 4819 1285 4874 Excessum
1313 4819 1517 4891 quippe
1549 4819 1840 4886 correctio,

223 4909 632 4967 correctionem
651 4907 996 4980 poenitentia,
1030 4899 1416 4978 paenitentiam
1447 4907 1632 4976 venia,
1653 4913 1688 4968 1
1703 4913 1845 4969 153

114 5044 124 5050 -
227 5006 452 5063 veniam
472 5023 606 5064 vero
622 5023 853 5064 munera
881 5007 1313 5080 subsequuntur.
1343 5005 1448 5061 Sed
1469 5007 1617 5078 quia,
1640 5007 1844 5062 divina

223 5099 665 5170 dispensationis
693 5100 1056 5172 permissione
1089 5113 1398 5170 percussus,
1431 5097 1597 5152 etiam
1627 5098 1846 5154 amico-

224 5210 360 5251 rum
390 5193 576 5252 verbis
605 5195 846 5253 aﬂlictus
891 5204 994 5264 est,
1029 5193 1236 5250 divina
1269 5193 1490 5265 pietatis
1520 5192 1846 5249 muneribus

225 5285 575 5351 consolatus,
602 5285 770 5341 etiam
801 5285 1044 5341 humana
1073 5284 1238 5340 debet
1268 5283 1538 5340 charitate
1571 5282 1842 5350 refoveri;

227 5379 296 5428 ut
344 5372 592 5446 undique
633 5372 684 5430 ei
731 5373 1127 5431 consolationis
1196 5373 1393 5445 gaudia
1457 5372 1844 5446 respondeant,

227 5475 400 5534 quem
415 5461 664 5535 undique
693 5462 949 5520 dolorum
979 5462 1162 5520 tristia
1181 5468 1246 5519 et
1263 5461 1494 5520 adversa
1511 5461 1842 5521 lacerabant.

228 5548 392 5606 Unde
421 5557 474 5606 et
495 5550 756 5608 subditur
789 5568 801 5607 :

313 5750 331 5822 ξ
361 5749 424 5822 In
450 5748 654 5822 Bratel.
687 5757 742 5806 et
769 5749 842 5806 al.
875 5749 1100 5822 additur
1127 5766 1348 5822 quoque.

269 5893 284 5905 θ
311 5821 334 5854 ³
363 5821 446 5876 Ita
472 5821 602 5877 Mss.
635 5829 826 5905 etvet.
857 5821 1010 5879 Edit.
1056 5819 1428 5880 Parim—1495.
1479 5819 1619 5878 Alia
1667 5829 1845 5895 poste-

229 5899 433 5961 riores,
461 5899 861 5965 persecutionis.

1954 4763 2092 4822 quos
2117 4752 2440 4803 convertere
2484 4741 2836 4815 pradicando
2891 4757 3004 4798 non
3048 4741 3250 4809 valuit,
3296 4737 3390 4795 sed
3432 4745 3570 4794 tunc

1951 4836 2081 4893 Elia
2111 4834 2468 4909 pradicante,
2518 4831 2652 4888 dum
2701 4838 2972 4904 quotquot
3011 4828 3288 4886 invenerit
3331 4827 3564 4898 colligit,

1953 4927 2111 4982 velut
2139 4923 2358 4997 plenius
2387 4921 2588 4996 recipit
2616 4921 2765 4994 quod
2795 4919 3000 4978 amisit.

2026 5015 2114 5072 25.
2147 5015 2285 5070 Ante
2309 5013 2744 5070 resurrectionem
2775 5011 2944 5067 sancti
2972 5009 3212 5082 singulas
3240 5007 3406 5063 stolas
3433 5005 3566 5060 acci-

1952 5105 2133 5177 piunt,
2170 5104 2322 5159 binas
2343 5109 2466 5176 post
2492 5101 2951 5158 resurrectionem.
2973 5131 3044 5140 —
3065 5098 3167 5156 Vel
3191 5105 3336 5156 certe
3367 5101 3568 5152 sancta

1957 5195 2219 5250 Ecclesia
2249 5193 2307 5248 in
2340 5192 2450 5248 ﬁne
2480 5207 2580 5249 suo
2600 5191 2834 5264 duplum
2857 5188 3100 5261 recipere
3130 5195 3212 5244 est
3243 5188 3302 5244 in
3333 5187 3568 5260 singulis

1956 5280 2118 5337 nobis
2148 5287 2202 5335 et
2239 5280 2306 5335 de
2337 5277 2689 5335 beatitudine
2717 5277 2939 5343 anima,
2971 5283 3025 5332 et
3053 5275 3120 5332 de
3149 5275 3330 5332 carnis
3373 5275 3568 5332 incor-

1958 5369 2219 5444 ruptione
2251 5367 2507 5441 gaudere.
2543 5367 2688 5424 Hinc
2715 5373 2797 5420 est
2825 5364 2974 5422 enim
3007 5363 3154 5438 quod
3184 5381 3281 5439 per
3317 5363 3568 5438 prophe-

1955 5468 2067 5516 tam
2100 5459 2168 5515 de
2198 5457 2388 5516 electis
2416 5455 2650 5514 dicitur:
2698 5457 2766 5512 In
2815 5461 2960 5511 terra
2989 5472 3089 5511 sua
3119 5455 3358 5528 duplicia
3381 5454 3568 5526 possi—

1956 5551 2150 5607 debunt
2175 5554 2200 5621 (
2208 5549 2339 5607 Isai.
2359 5565 2476 5616 LXI,
2490 5548 2519 5602 7
2525 5548 2572 5620 ).
2595 5545 2740 5604 Hinc
2753 5554 2835 5602 est
2847 5546 2996 5603 enim
3020 5547 3171 5620 quod
3187 5546 3426 5603 Joannes
3439 5561 3566 5617 apo-

2025 5746 2046 5781 3
2076 5742 2249 5801 Laud.
2258 5785 2274 5812 ,
2297 5742 2684 5798 comessatione.

2026 5819 2048 5853 ‘
2078 5815 2278 5886 Laud.,
2304 5824 2359 5872 et
2388 5815 2512 5872 Val.
2545 5813 2628 5872 Cl.
2669 5814 2826 5870 venit.
