  <div class='ocr_page' id='page_1' title='image "/cluster/home/n/w/nwhite01/storage/ocr_20150623/76/umn.31951002477369g/389.png"; bbox 0 0 3956 6390; ppageno 0'>
   <div class='ocr_carea' id='block_1_1' title="bbox 441 434 547 495">
    <p class='ocr_par' dir='ltr' id='par_1_1' title="bbox 441 434 547 495">
     <span class='ocr_line' id='line_1_1' title="bbox 441 434 547 495; baseline 0.009 -1"><span class='ocrx_word' id='word_1_1' title='bbox 441 434 547 495; x_wconf 76' lang='grc'><strong>768</strong></span> 
     </span>
    </p>
   </div>
   <div class='ocr_carea' id='block_1_2' title="bbox 1643 424 2537 487">
    <p class='ocr_par' dir='ltr' id='par_1_2' title="bbox 1643 424 2537 487">
     <span class='ocr_line' id='line_1_2' title="bbox 1643 424 2537 487; baseline -0.006 0"><span class='ocrx_word' id='word_1_2' title='bbox 1643 426 1893 487; x_wconf 85' lang='lat' dir='ltr'><strong>SANCTI</strong></span> <span class='ocrx_word' id='word_1_3' title='bbox 1932 425 2274 485; x_wconf 75' lang='lat' dir='ltr'><strong>GBEGORII</strong></span> <span class='ocrx_word' id='word_1_4' title='bbox 2307 424 2537 483; x_wconf 78' lang='lat' dir='ltr'><strong>MAGNI</strong></span> 
     </span>
    </p>
   </div>
   <div class='ocr_carea' id='block_1_3' title="bbox 3652 425 3767 484">
    <p class='ocr_par' dir='ltr' id='par_1_3' title="bbox 3652 425 3767 484">
     <span class='ocr_line' id='line_1_3' title="bbox 3652 425 3767 484; baseline 0 -2"><span class='ocrx_word' id='word_1_5' title='bbox 3652 425 3767 484; x_wconf 65' lang='grc'><strong>764</strong></span> 
     </span>
    </p>
   </div>
   <div class='ocr_carea' id='block_1_4' title="bbox 440 547 3766 629">
    <p class='ocr_par' dir='ltr' id='par_1_4' title="bbox 440 547 3766 629">
     <span class='ocr_line' id='line_1_4' title="bbox 440 547 3766 629; baseline -0.003 -16"><span class='ocrx_word' id='word_1_6' title='bbox 440 558 614 614; x_wconf 90' lang='lat' dir='ltr'><strong>stolus</strong></span> <span class='ocrx_word' id='word_1_7' title='bbox 629 557 696 613; x_wconf 90' lang='lat' dir='ltr'><strong>de</strong></span> <span class='ocrx_word' id='word_1_8' title='bbox 710 556 912 614; x_wconf 75' lang='lat' dir='ltr'><strong>sanctis</strong></span> <span class='ocrx_word' id='word_1_9' title='bbox 928 555 1094 612; x_wconf 91' lang='lat' dir='ltr'><strong>ﬁnem</strong></span> <span class='ocrx_word' id='word_1_10' title='bbox 1116 550 1308 612; x_wconf 86' lang='lat' dir='ltr'><strong>mundi</strong></span> <span class='ocrx_word' id='word_1_11' title='bbox 1330 554 1702 629; x_wconf 72' lang='lat' dir='ltr'><strong>quaerentibus</strong></span> <span class='ocrx_word' id='word_1_12' title='bbox 1719 552 2030 609; x_wconf 79' lang='lat' dir='ltr'><strong>dicitzData</strong></span> <span class='ocrx_word' id='word_1_13' title='bbox 2059 550 2112 610; x_wconf 85' lang='lat' dir='ltr'><strong>A</strong></span> <span class='ocrx_word' id='word_1_14' title='bbox 2138 548 2273 606; x_wconf 90' lang='lat' dir='ltr'><strong>stini</strong></span> <span class='ocrx_word' id='word_1_15' title='bbox 2301 549 2541 623; x_wconf 90' lang='lat' dir='ltr'><strong>torporis</strong></span> <span class='ocrx_word' id='word_1_16' title='bbox 2567 548 2878 606; x_wconf 81' lang='lat' dir='ltr'><strong>excutiunt.</strong></span> <span class='ocrx_word' id='word_1_17' title='bbox 2907 547 3064 606; x_wconf 89' lang='lat' dir='ltr'><strong>Unde</strong></span> <span class='ocrx_word' id='word_1_18' title='bbox 3105 555 3160 604; x_wconf 90' lang='lat' dir='ltr'><strong>et</strong></span> <span class='ocrx_word' id='word_1_19' title='bbox 3190 549 3486 606; x_wconf 84' lang='lat' dir='ltr'><strong>subditur:</strong></span> <span class='ocrx_word' id='word_1_20' title='bbox 3528 551 3607 606; x_wconf 88' lang='lat' dir='ltr'><strong>Et</strong></span> <span class='ocrx_word' id='word_1_21' title='bbox 3631 565 3766 604; x_wconf 85' lang='lat' dir='ltr'><strong>mo-</strong></span> 
     </span>
    </p>
   </div>
   <div class='ocr_carea' id='block_1_5' title="bbox 437 637 3767 717">
    <p class='ocr_par' dir='ltr' id='par_1_5' title="bbox 437 637 3767 717">
     <span class='ocr_line' id='line_1_5' title="bbox 437 637 3767 717; baseline -0.002 -14"><span class='ocrx_word' id='word_1_22' title='bbox 437 651 563 703; x_wconf 79' lang='lat' dir='ltr'><strong>sunt</strong></span> <span class='ocrx_word' id='word_1_23' title='bbox 587 645 703 701; x_wconf 79' lang='lat' dir='ltr'><strong>illis</strong></span> <span class='ocrx_word' id='word_1_24' title='bbox 729 645 952 717; x_wconf 71' lang='lat' dir='ltr'><strong>singula</strong></span> <span class='ocrx_word' id='word_1_25' title='bbox 984 646 1133 701; x_wconf 72' lang='grc' dir='ltr'><strong>ιωιω</strong></span> <span class='ocrx_word' id='word_1_26' title='bbox 1165 644 1321 711; x_wconf 74' lang='lat' dir='ltr'><strong>alba,</strong></span> <span class='ocrx_word' id='word_1_27' title='bbox 1341 651 1392 700; x_wconf 79' lang='lat' dir='ltr'><strong>et</strong></span> <span class='ocrx_word' id='word_1_28' title='bbox 1427 645 1623 700; x_wconf 85' lang='lat' dir='ltr'><strong>dictum</strong></span> <span class='ocrx_word' id='word_1_29' title='bbox 1654 648 1730 698; x_wconf 84' lang='lat' dir='ltr'><strong>est</strong></span> <span class='ocrx_word' id='word_1_30' title='bbox 1754 642 1828 697; x_wconf 79' lang='lat' dir='ltr'><strong>eis</strong></span> <span class='ocrx_word' id='word_1_31' title='bbox 1855 646 1915 697; x_wconf 88' lang='lat' dir='ltr'><strong>ut</strong></span> <span class='ocrx_word' id='word_1_32' title='bbox 1940 657 2038 696; x_wconf 89' lang='lat' dir='ltr'><strong>re—</strong></span> <span class='ocrx_word' id='word_1_33' title='bbox 2143 647 2334 697; x_wconf 73' lang='lat' dir='ltr'><strong>omni</strong></span> <span class='ocrx_word' id='word_1_34' title='bbox 2361 656 2524 713; x_wconf 79' lang='lat' dir='ltr'><strong>super</strong></span> <span class='ocrx_word' id='word_1_35' title='bbox 2541 655 2657 695; x_wconf 82' lang='lat' dir='ltr'><strong>cum</strong></span> <span class='ocrx_word' id='word_1_36' title='bbox 2690 644 2866 710; x_wconf 84' lang='lat' dir='ltr'><strong>caput.</strong></span> <span class='ocrx_word' id='word_1_37' title='bbox 2902 637 3050 706; x_wconf 84' lang='lat' dir='ltr'><strong>Quid</strong></span> <span class='ocrx_word' id='word_1_38' title='bbox 3074 639 3225 695; x_wconf 91' lang='lat' dir='ltr'><strong>enim</strong></span> <span class='ocrx_word' id='word_1_39' title='bbox 3255 638 3313 695; x_wconf 87' lang='lat' dir='ltr'><strong>in</strong></span> <span class='ocrx_word' id='word_1_40' title='bbox 3339 639 3546 710; x_wconf 88' lang='lat' dir='ltr'><strong>capite,</strong></span> <span class='ocrx_word' id='word_1_41' title='bbox 3588 637 3707 695; x_wconf 86' lang='lat' dir='ltr'><strong>nisi</strong></span> <span class='ocrx_word' id='word_1_42' title='bbox 3741 639 3767 676; x_wconf 81' lang='grc'><strong>⁸</strong></span> 
     </span>
    </p>
   </div>
   <div class='ocr_carea' id='block_1_6' title="bbox 437 733 2039 808">
    <p class='ocr_par' dir='ltr' id='par_1_6' title="bbox 437 733 2039 808">
     <span class='ocr_line' id='line_1_6' title="bbox 437 733 2039 808; baseline -0.003 -17"><span class='ocrx_word' id='word_1_43' title='bbox 437 735 758 808; x_wconf 71' lang='lat' dir='ltr'><strong>quiescerent</strong></span> <span class='ocrx_word' id='word_1_44' title='bbox 785 741 984 806; x_wconf 76' lang='lat' dir='ltr'><strong>tempus</strong></span> <span class='ocrx_word' id='word_1_45' title='bbox 1016 735 1189 792; x_wconf 79' lang='lat' dir='ltr'><strong>adhuc</strong></span> <span class='ocrx_word' id='word_1_46' title='bbox 1209 735 1490 801; x_wconf 81' lang='lat' dir='ltr'><strong>modicum,</strong></span> <span class='ocrx_word' id='word_1_47' title='bbox 1511 735 1670 790; x_wconf 80' lang='lat' dir='ltr'><strong>donec</strong></span> <span class='ocrx_word' id='word_1_48' title='bbox 1693 733 2039 805; x_wconf 72' lang='lat' dir='ltr'><strong>complentur</strong></span> 
     </span>
    </p>
   </div>
   <div class='ocr_carea' id='block_1_7' title="bbox 436 821 2035 894">
    <p class='ocr_par' dir='ltr' id='par_1_7' title="bbox 436 821 2035 894">
     <span class='ocr_line' id='line_1_7' title="bbox 436 821 2035 894; baseline -0.003 -13"><span class='ocrx_word' id='word_1_49' title='bbox 436 840 690 881; x_wconf 72' lang='lat' dir='ltr'><strong>numerus</strong></span> <span class='ocrx_word' id='word_1_50' title='bbox 702 838 1074 879; x_wconf 75' lang='lat' dir='ltr'><strong>conservorum</strong></span> <span class='ocrx_word' id='word_1_51' title='bbox 1098 830 1147 881; x_wconf 85' lang='lat' dir='ltr'><strong>et</strong></span> <span class='ocrx_word' id='word_1_52' title='bbox 1161 822 1402 893; x_wconf 82' lang='lat' dir='ltr'><strong>fratrum</strong></span> <span class='ocrx_word' id='word_1_53' title='bbox 1415 838 1596 877; x_wconf 85' lang='lat' dir='ltr'><strong>eorum</strong></span> <span class='ocrx_word' id='word_1_54' title='bbox 1607 823 1802 894; x_wconf 80' lang='lat' dir='ltr'><strong>(Apoc.</strong></span> <span class='ocrx_word' id='word_1_55' title='bbox 1826 836 1905 890; x_wconf 77' lang='lat' dir='ltr'><strong>vr,</strong></span> <span class='ocrx_word' id='word_1_56' title='bbox 1921 821 2035 894; x_wconf 91' lang='grc'><strong>11).</strong></span> 
     </span>
    </p>
   </div>
   <div class='ocr_carea' id='block_1_8' title="bbox 438 909 2038 986">
    <p class='ocr_par' dir='ltr' id='par_1_8' title="bbox 438 909 2038 986">
     <span class='ocr_line' id='line_1_8' title="bbox 438 909 2038 986; baseline -0.004 -14"><span class='ocrx_word' id='word_1_57' title='bbox 438 913 596 972; x_wconf 84' lang='lat' dir='ltr'><strong>Sicut</strong></span> <span class='ocrx_word' id='word_1_58' title='bbox 623 913 771 970; x_wconf 89' lang='lat' dir='ltr'><strong>enim</strong></span> <span class='ocrx_word' id='word_1_59' title='bbox 801 914 961 986; x_wconf 91' lang='lat' dir='ltr'><strong>longe</strong></span> <span class='ocrx_word' id='word_1_60' title='bbox 981 913 1232 984; x_wconf 81' lang='lat' dir='ltr'><strong>superius</strong></span> <span class='ocrx_word' id='word_1_61' title='bbox 1259 912 1508 969; x_wconf 80' lang='lat' dir='ltr'><strong>diximus</strong></span> <span class='ocrx_word' id='word_1_62' title='bbox 1525 911 1751 982; x_wconf 77' lang='lat' dir='ltr'><strong>(scilicet</strong></span> <span class='ocrx_word' id='word_1_63' title='bbox 1765 909 2038 984; x_wconf 71' lang='lat' dir='ltr'><strong>praefatio-</strong></span> 
     </span>
    </p>
   </div>
   <div class='ocr_carea' id='block_1_9' title="bbox 438 1000 2038 1073">
    <p class='ocr_par' dir='ltr' id='par_1_9' title="bbox 438 1000 2038 1073">
     <span class='ocr_line' id='line_1_9' title="bbox 438 1000 2038 1073; baseline -0.004 -12"><span class='ocrx_word' id='word_1_64' title='bbox 438 1005 546 1070; x_wconf 71' lang='grc' dir='ltr'><strong>πίε,</strong></span> <span class='ocrx_word' id='word_1_65' title='bbox 561 1021 605 1060; x_wconf 88' lang='lat' dir='ltr'><strong>c.</strong></span> <span class='ocrx_word' id='word_1_66' title='bbox 633 1003 721 1072; x_wconf 90' lang='grc'><strong>10,</strong></span> <span class='ocrx_word' id='word_1_67' title='bbox 739 1020 800 1060; x_wconf 84' lang='lat' dir='ltr'><strong>n.</strong></span> <span class='ocrx_word' id='word_1_68' title='bbox 818 1002 938 1073; x_wconf 67' lang='lat'><strong>20),</strong></span> <span class='ocrx_word' id='word_1_69' title='bbox 960 1010 1086 1060; x_wconf 88' lang='lat' dir='ltr'><strong>ante</strong></span> <span class='ocrx_word' id='word_1_70' title='bbox 1113 1002 1571 1060; x_wconf 89' lang='lat' dir='ltr'><strong>resurrectionem</strong></span> <span class='ocrx_word' id='word_1_71' title='bbox 1590 1001 1765 1059; x_wconf 83' lang='lat' dir='ltr'><strong>sancti</strong></span> <span class='ocrx_word' id='word_1_72' title='bbox 1794 1000 2038 1072; x_wconf 85' lang='lat' dir='ltr'><strong>singulas</strong></span> 
     </span>
    </p>
   </div>
   <div class='ocr_carea' id='block_1_10' title="bbox 445 1090 2037 1166">
    <p class='ocr_par' dir='ltr' id='par_1_10' title="bbox 445 1090 2037 1166">
     <span class='ocr_line' id='line_1_10' title="bbox 445 1090 2037 1166; baseline -0.007 -10"><span class='ocrx_word' id='word_1_73' title='bbox 445 1101 482 1156; x_wconf 83' lang='lat'><strong>1</strong></span> <span class='ocrx_word' id='word_1_74' title='bbox 495 1098 639 1156; x_wconf 75' lang='lat'><strong>154</strong></span> <span class='ocrx_word' id='word_1_75' title='bbox 665 1092 834 1149; x_wconf 79' lang='lat' dir='ltr'><strong>stolas</strong></span> <span class='ocrx_word' id='word_1_76' title='bbox 851 1092 1152 1164; x_wconf 87' lang='lat' dir='ltr'><strong>accipiunt,</strong></span> <span class='ocrx_word' id='word_1_77' title='bbox 1182 1092 1317 1166; x_wconf 80' lang='lat' dir='ltr'><strong>quia</strong></span> <span class='ocrx_word' id='word_1_78' title='bbox 1333 1091 1451 1151; x_wconf 77' lang='lat' dir='ltr'><strong>sola</strong></span> <span class='ocrx_word' id='word_1_79' title='bbox 1468 1093 1778 1151; x_wconf 77' lang='lat' dir='ltr'><strong>animarum</strong></span> <span class='ocrx_word' id='word_1_80' title='bbox 1801 1090 2037 1146; x_wconf 87' lang='lat' dir='ltr'><strong>beatitu-</strong></span> 
     </span>
    </p>
   </div>
   <div class='ocr_carea' id='block_1_11' title="bbox 439 1190 2038 1264">
    <p class='ocr_par' dir='ltr' id='par_1_11' title="bbox 439 1190 2038 1264">
     <span class='ocr_line' id='line_1_11' title="bbox 439 1190 2038 1264; baseline -0.002 -15"><span class='ocrx_word' id='word_1_81' title='bbox 439 1192 571 1249; x_wconf 91' lang='lat' dir='ltr'><strong>dine</strong></span> <span class='ocrx_word' id='word_1_82' title='bbox 595 1191 986 1264; x_wconf 83' lang='lat' dir='ltr'><strong>perfruuntur;</strong></span> <span class='ocrx_word' id='word_1_83' title='bbox 1022 1193 1080 1251; x_wconf 90' lang='lat' dir='ltr'><strong>in</strong></span> <span class='ocrx_word' id='word_1_84' title='bbox 1108 1192 1219 1250; x_wconf 90' lang='lat' dir='ltr'><strong>ﬁne</strong></span> <span class='ocrx_word' id='word_1_85' title='bbox 1246 1201 1430 1250; x_wconf 90' lang='lat' dir='ltr'><strong>autem</strong></span> <span class='ocrx_word' id='word_1_86' title='bbox 1458 1192 1654 1250; x_wconf 89' lang='lat' dir='ltr'><strong>mundi</strong></span> <span class='ocrx_word' id='word_1_87' title='bbox 1681 1192 1840 1250; x_wconf 88' lang='lat' dir='ltr'><strong>binas</strong></span> <span class='ocrx_word' id='word_1_88' title='bbox 1869 1190 2038 1247; x_wconf 91' lang='lat' dir='ltr'><strong>habi—</strong></span> 
     </span>
    </p>
   </div>
   <div class='ocr_carea' id='block_1_12' title="bbox 438 1279 2037 1353">
    <p class='ocr_par' dir='ltr' id='par_1_12' title="bbox 438 1279 2037 1353">
     <span class='ocr_line' id='line_1_12' title="bbox 438 1279 2037 1353; baseline 0.001 -17"><span class='ocrx_word' id='word_1_89' title='bbox 438 1281 552 1337; x_wconf 90' lang='lat' dir='ltr'><strong>turi</strong></span> <span class='ocrx_word' id='word_1_90' title='bbox 581 1288 728 1350; x_wconf 90' lang='lat' dir='ltr'><strong>sunt,</strong></span> <span class='ocrx_word' id='word_1_91' title='bbox 759 1280 892 1353; x_wconf 85' lang='lat' dir='ltr'><strong>quia</strong></span> <span class='ocrx_word' id='word_1_92' title='bbox 919 1298 1048 1338; x_wconf 90' lang='lat' dir='ltr'><strong>cum</strong></span> <span class='ocrx_word' id='word_1_93' title='bbox 1077 1282 1281 1338; x_wconf 90' lang='lat' dir='ltr'><strong>mentis</strong></span> <span class='ocrx_word' id='word_1_94' title='bbox 1299 1281 1644 1340; x_wconf 80' lang='lat' dir='ltr'><strong>beatitudine</strong></span> <span class='ocrx_word' id='word_1_95' title='bbox 1661 1280 1827 1338; x_wconf 90' lang='lat' dir='ltr'><strong>etiam</strong></span> <span class='ocrx_word' id='word_1_96' title='bbox 1855 1279 2037 1337; x_wconf 90' lang='lat' dir='ltr'><strong>carnis</strong></span> 
     </span>
    </p>
   </div>
   <div class='ocr_carea' id='block_1_13' title="bbox 441 1369 1080 1442">
    <p class='ocr_par' dir='ltr' id='par_1_13' title="bbox 441 1369 1080 1442">
     <span class='ocr_line' id='line_1_13' title="bbox 441 1369 1080 1442; baseline 0.005 -17"><span class='ocrx_word' id='word_1_97' title='bbox 441 1369 673 1441; x_wconf 76' lang='lat' dir='ltr'><strong>gloriam</strong></span> <span class='ocrx_word' id='word_1_98' title='bbox 701 1369 1080 1442; x_wconf 87' lang='lat' dir='ltr'><strong>possidebunt.</strong></span> 
     </span>
    </p>
   </div>
   <div class='ocr_carea' id='block_1_14' title="bbox 511 1460 2034 1535">
    <p class='ocr_par' dir='ltr' id='par_1_14' title="bbox 511 1460 2034 1535">
     <span class='ocr_line' id='line_1_14' title="bbox 511 1460 2034 1535; baseline -0.001 -16"><span class='ocrx_word' id='word_1_99' title='bbox 511 1461 599 1519; x_wconf 80' lang='grc'><strong>26.</strong></span> <span class='ocrx_word' id='word_1_100' title='bbox 619 1462 903 1518; x_wconf 82' lang='lat' dir='ltr'><strong>Coucersio</strong></span> <span class='ocrx_word' id='word_1_101' title='bbox 923 1461 1234 1518; x_wconf 70' lang='lat' dir='ltr'><strong>Judworum</strong></span> <span class='ocrx_word' id='word_1_102' title='bbox 1251 1462 1310 1516; x_wconf 83' lang='lat' dir='ltr'><strong>in</strong></span> <span class='ocrx_word' id='word_1_103' title='bbox 1327 1462 1431 1535; x_wconf 70' lang='lat' dir='ltr'><strong>ﬁne</strong></span> <span class='ocrx_word' id='word_1_104' title='bbox 1449 1461 1638 1517; x_wconf 83' lang='lat' dir='ltr'><strong>mundi</strong></span> <span class='ocrx_word' id='word_1_105' title='bbox 1650 1460 2034 1533; x_wconf 66' lang='lat' dir='ltr'><strong>praenuntiata.</strong></span> 
     </span>
    </p>
   </div>
   <div class='ocr_carea' id='block_1_15' title="bbox 437 1548 2036 1624">
    <p class='ocr_par' dir='ltr' id='par_1_15' title="bbox 437 1548 2036 1624">
     <span class='ocr_line' id='line_1_15' title="bbox 437 1548 2036 1624; baseline -0.001 -18"><span class='ocrx_word' id='word_1_106' title='bbox 437 1548 617 1606; x_wconf 90' lang='lat' dir='ltr'><strong>—Sed</strong></span> <span class='ocrx_word' id='word_1_107' title='bbox 644 1565 708 1606; x_wconf 89' lang='lat' dir='ltr'><strong>ea</strong></span> <span class='ocrx_word' id='word_1_108' title='bbox 735 1566 857 1624; x_wconf 81' lang='lat' dir='ltr'><strong>quae</strong></span> <span class='ocrx_word' id='word_1_109' title='bbox 885 1550 1133 1607; x_wconf 78' lang='lat' dir='ltr'><strong>subnexa</strong></span> <span class='ocrx_word' id='word_1_110' title='bbox 1160 1559 1311 1622; x_wconf 90' lang='lat' dir='ltr'><strong>sunt,</strong></span> <span class='ocrx_word' id='word_1_111' title='bbox 1333 1551 1391 1607; x_wconf 87' lang='lat' dir='ltr'><strong>in</strong></span> <span class='ocrx_word' id='word_1_112' title='bbox 1420 1550 1531 1608; x_wconf 89' lang='lat' dir='ltr'><strong>ﬁne</strong></span> <span class='ocrx_word' id='word_1_113' title='bbox 1560 1551 1734 1623; x_wconf 88' lang='lat' dir='ltr'><strong>magis</strong></span> <span class='ocrx_word' id='word_1_114' title='bbox 1760 1549 1927 1622; x_wconf 88' lang='lat' dir='ltr'><strong>hujus</strong></span> <span class='ocrx_word' id='word_1_115' title='bbox 1941 1565 2036 1605; x_wconf 69' lang='lat' dir='ltr'><strong>sae-</strong></span> 
     </span>
    </p>
   </div>
   <div class='ocr_carea' id='block_1_16' title="bbox 438 1639 2035 1715">
    <p class='ocr_par' dir='ltr' id='par_1_16' title="bbox 438 1639 2035 1715">
     <span class='ocr_line' id='line_1_16' title="bbox 438 1639 2035 1715; baseline -0.001 -19"><span class='ocrx_word' id='word_1_116' title='bbox 438 1639 551 1697; x_wconf 88' lang='lat' dir='ltr'><strong>culi</strong></span> <span class='ocrx_word' id='word_1_117' title='bbox 575 1641 994 1697; x_wconf 85' lang='lat' dir='ltr'><strong>conversionem</strong></span> <span class='ocrx_word' id='word_1_118' title='bbox 1023 1657 1080 1699; x_wconf 87' lang='lat' dir='ltr'><strong>se</strong></span> <span class='ocrx_word' id='word_1_119' title='bbox 1106 1640 1323 1699; x_wconf 75' lang='lat' dir='ltr'><strong>Iudaici</strong></span> <span class='ocrx_word' id='word_1_120' title='bbox 1354 1640 1819 1715; x_wconf 89' lang='lat' dir='ltr'><strong>populinuntiare</strong></span> <span class='ocrx_word' id='word_1_121' title='bbox 1834 1647 2035 1696; x_wconf 89' lang='lat' dir='ltr'><strong>testan-</strong></span> 
     </span>
    </p>
   </div>
   <div class='ocr_carea' id='block_1_17' title="bbox 437 1729 2037 1788">
    <p class='ocr_par' dir='ltr' id='par_1_17' title="bbox 437 1729 2037 1788">
     <span class='ocr_line' id='line_1_17' title="bbox 437 1729 2037 1788; baseline 0.001 -3"><span class='ocrx_word' id='word_1_122' title='bbox 437 1735 548 1785; x_wconf 87' lang='lat' dir='ltr'><strong>tur.</strong></span> <span class='ocrx_word' id='word_1_123' title='bbox 579 1731 716 1787; x_wconf 78' lang='lat' dir='ltr'><strong>Nam</strong></span> <span class='ocrx_word' id='word_1_124' title='bbox 747 1729 1034 1786; x_wconf 84' lang='lat' dir='ltr'><strong>subditur:</strong></span> <span class='ocrx_word' id='word_1_125' title='bbox 1078 1731 1340 1788; x_wconf 78' lang='lat' dir='ltr'><strong>Venerunt</strong></span> <span class='ocrx_word' id='word_1_126' title='bbox 1378 1737 1556 1786; x_wconf 85' lang='lat' dir='ltr'><strong>autem</strong></span> <span class='ocrx_word' id='word_1_127' title='bbox 1599 1730 1672 1787; x_wconf 86' lang='lat' dir='ltr'><strong>ad</strong></span> <span class='ocrx_word' id='word_1_128' title='bbox 1712 1747 1829 1786; x_wconf 83' lang='lat' dir='ltr'><strong>eum</strong></span> <span class='ocrx_word' id='word_1_129' title='bbox 1862 1746 2037 1786; x_wconf 83' lang='lat' dir='ltr'><strong>omnes</strong></span> 
     </span>
    </p>
   </div>
   <div class='ocr_carea' id='block_1_18' title="bbox 441 1814 2039 1889">
    <p class='ocr_par' dir='ltr' id='par_1_18' title="bbox 441 1814 2039 1889">
     <span class='ocr_line' id='line_1_18' title="bbox 441 1814 2039 1889; baseline 0.003 -19"><span class='ocrx_word' id='word_1_130' title='bbox 441 1814 645 1887; x_wconf 78' lang='lat' dir='ltr'><strong>fratres</strong></span> <span class='ocrx_word' id='word_1_131' title='bbox 672 1817 777 1885; x_wconf 87' lang='lat' dir='ltr'><strong>sui,</strong></span> <span class='ocrx_word' id='word_1_132' title='bbox 808 1823 856 1872; x_wconf 87' lang='lat' dir='ltr'><strong>et</strong></span> <span class='ocrx_word' id='word_1_133' title='bbox 880 1817 1140 1873; x_wconf 66' lang='lat' dir='ltr'><strong>universa:</strong></span> <span class='ocrx_word' id='word_1_134' title='bbox 1166 1832 1375 1873; x_wconf 82' lang='lat' dir='ltr'><strong>sorores</strong></span> <span class='ocrx_word' id='word_1_135' title='bbox 1402 1834 1528 1886; x_wconf 67' lang='lat' dir='ltr'><strong>suat,</strong></span> <span class='ocrx_word' id='word_1_136' title='bbox 1559 1824 1609 1874; x_wconf 89' lang='lat' dir='ltr'><strong>et</strong></span> <span class='ocrx_word' id='word_1_137' title='bbox 1623 1818 1795 1874; x_wconf 80' lang='lat' dir='ltr'><strong>cuncti</strong></span> <span class='ocrx_word' id='word_1_138' title='bbox 1820 1818 1913 1889; x_wconf 82' lang='lat' dir='ltr'><strong>qui</strong></span> <span class='ocrx_word' id='word_1_139' title='bbox 1931 1834 2039 1874; x_wconf 83' lang='lat' dir='ltr'><strong>no-</strong></span> 
     </span>
    </p>
   </div>
   <div class='ocr_carea' id='block_1_19' title="bbox 2145 726 3769 802">
    <p class='ocr_par' dir='ltr' id='par_1_19' title="bbox 2145 726 3769 802">
     <span class='ocr_line' id='line_1_19' title="bbox 2145 726 3769 802; baseline -0.001 -17"><span class='ocrx_word' id='word_1_140' title='bbox 2145 728 2451 802; x_wconf 88' lang='lat' dir='ltr'><strong>principale</strong></span> <span class='ocrx_word' id='word_1_141' title='bbox 2504 727 2706 784; x_wconf 90' lang='lat' dir='ltr'><strong>mentis</strong></span> <span class='ocrx_word' id='word_1_142' title='bbox 2746 726 3020 799; x_wconf 88' lang='lat' dir='ltr'><strong>accipitur</strong></span> <span class='ocrx_word' id='word_1_143' title='bbox 3039 727 3069 784; x_wconf 81' lang='lat'><strong>?</strong></span> <span class='ocrx_word' id='word_1_144' title='bbox 3105 726 3251 783; x_wconf 81' lang='lat' dir='ltr'><strong>sicut</strong></span> <span class='ocrx_word' id='word_1_145' title='bbox 3277 743 3374 800; x_wconf 89' lang='lat' dir='ltr'><strong>per</strong></span> <span class='ocrx_word' id='word_1_146' title='bbox 3401 727 3769 785; x_wconf 79' lang='lat' dir='ltr'><strong>Psalmistam</strong></span> 
     </span>
    </p>
   </div>
   <div class='ocr_carea' id='block_1_20' title="bbox 2146 817 3766 888">
    <p class='ocr_par' dir='ltr' id='par_1_20' title="bbox 2146 817 3766 888">
     <span class='ocr_line' id='line_1_20' title="bbox 2146 817 3766 888; baseline 0 -15"><span class='ocrx_word' id='word_1_147' title='bbox 2146 817 2354 875; x_wconf 88' lang='lat' dir='ltr'><strong>dicitur</strong></span> <span class='ocrx_word' id='word_1_148' title='bbox 2376 834 2389 873; x_wconf 92' lang='lat'><strong>:</strong></span> <span class='ocrx_word' id='word_1_149' title='bbox 2413 817 2767 888; x_wconf 84' lang='lat' dir='ltr'><strong>Impinguasti</strong></span> <span class='ocrx_word' id='word_1_150' title='bbox 2793 817 2850 870; x_wconf 83' lang='lat' dir='ltr'><strong>in</strong></span> <span class='ocrx_word' id='word_1_151' title='bbox 2877 817 2990 872; x_wconf 85' lang='lat' dir='ltr'><strong>oleo</strong></span> <span class='ocrx_word' id='word_1_152' title='bbox 3018 821 3177 888; x_wconf 84' lang='lat' dir='ltr'><strong>caput</strong></span> <span class='ocrx_word' id='word_1_153' title='bbox 3201 833 3375 872; x_wconf 70' lang='lat' dir='ltr'><strong>meum</strong></span> <span class='ocrx_word' id='word_1_154' title='bbox 3401 817 3589 888; x_wconf 78' lang='lat' dir='ltr'><strong>(Psal.</strong></span> <span class='ocrx_word' id='word_1_155' title='bbox 3608 830 3766 887; x_wconf 72' lang='lat' dir='ltr'><strong>nn,</strong></span> 
     </span>
    </p>
   </div>
   <div class='ocr_carea' id='block_1_21' title="bbox 2146 906 3771 981">
    <p class='ocr_par' dir='ltr' id='par_1_21' title="bbox 2146 906 3771 981">
     <span class='ocr_line' id='line_1_21' title="bbox 2146 906 3771 981; baseline 0 -16"><span class='ocrx_word' id='word_1_156' title='bbox 2146 909 2227 981; x_wconf 83' lang='lat'><strong>5).</strong></span> <span class='ocrx_word' id='word_1_157' title='bbox 2260 908 2343 965; x_wconf 80' lang='lat' dir='ltr'><strong>Ac</strong></span> <span class='ocrx_word' id='word_1_158' title='bbox 2368 907 2416 963; x_wconf 87' lang='lat' dir='ltr'><strong>si</strong></span> <span class='ocrx_word' id='word_1_159' title='bbox 2443 914 2626 979; x_wconf 86' lang='lat' dir='ltr'><strong>aperte</strong></span> <span class='ocrx_word' id='word_1_160' title='bbox 2657 906 2968 962; x_wconf 87' lang='lat' dir='ltr'><strong>diceretur:</strong></span> <span class='ocrx_word' id='word_1_161' title='bbox 3001 907 3265 963; x_wconf 83' lang='lat' dir='ltr'><strong>Arentem</strong></span> <span class='ocrx_word' id='word_1_162' title='bbox 3293 906 3353 963; x_wconf 93' lang='lat' dir='ltr'><strong>in</strong></span> <span class='ocrx_word' id='word_1_163' title='bbox 3382 907 3502 964; x_wconf 80' lang='lat' dir='ltr'><strong>suis</strong></span> <span class='ocrx_word' id='word_1_164' title='bbox 3529 907 3771 980; x_wconf 76' lang='lat' dir='ltr'><strong>cogite-</strong></span> 
     </span>
    </p>
   </div>
   <div class='ocr_carea' id='block_1_22' title="bbox 2144 997 3766 1073">
    <p class='ocr_par' dir='ltr' id='par_1_22' title="bbox 2144 997 3766 1073">
     <span class='ocr_line' id='line_1_22' title="bbox 2144 997 3766 1073; baseline 0.001 -17"><span class='ocrx_word' id='word_1_165' title='bbox 2144 998 2399 1056; x_wconf 87' lang='lat' dir='ltr'><strong>tionibus</strong></span> <span class='ocrx_word' id='word_1_166' title='bbox 2427 1005 2667 1055; x_wconf 84' lang='lat' dir='ltr'><strong>mentem</strong></span> <span class='ocrx_word' id='word_1_167' title='bbox 2698 1014 2875 1054; x_wconf 87' lang='lat' dir='ltr'><strong>meam</strong></span> <span class='ocrx_word' id='word_1_168' title='bbox 2912 997 3203 1054; x_wconf 80' lang='lat' dir='ltr'><strong>cheritatis</strong></span> <span class='ocrx_word' id='word_1_169' title='bbox 3245 1001 3511 1056; x_wconf 88' lang='lat' dir='ltr'><strong>unctione</strong></span> <span class='ocrx_word' id='word_1_170' title='bbox 3538 1000 3766 1073; x_wconf 77' lang='lat' dir='ltr'><strong>rigasti.</strong></span> 
     </span>
    </p>
   </div>
   <div class='ocr_carea' id='block_1_23' title="bbox 2147 1086 3771 1160">
    <p class='ocr_par' dir='ltr' id='par_1_23' title="bbox 2147 1086 3771 1160">
     <span class='ocr_line' id='line_1_23' title="bbox 2147 1086 3771 1160; baseline 0 -16"><span class='ocrx_word' id='word_1_171' title='bbox 2147 1087 2325 1160; x_wconf 87' lang='lat' dir='ltr'><strong>Caput</strong></span> <span class='ocrx_word' id='word_1_172' title='bbox 2351 1104 2480 1160; x_wconf 90' lang='lat' dir='ltr'><strong>ergo</strong></span> <span class='ocrx_word' id='word_1_173' title='bbox 2509 1095 2788 1155; x_wconf 87' lang='lat' dir='ltr'><strong>movetur,</strong></span> <span class='ocrx_word' id='word_1_174' title='bbox 2818 1103 2969 1155; x_wconf 89' lang='lat' dir='ltr'><strong>cum,</strong></span> <span class='ocrx_word' id='word_1_175' title='bbox 3003 1103 3100 1160; x_wconf 89' lang='lat' dir='ltr'><strong>per</strong></span> <span class='ocrx_word' id='word_1_176' title='bbox 3126 1086 3485 1145; x_wconf 85' lang='lat' dir='ltr'><strong>formidinem</strong></span> <span class='ocrx_word' id='word_1_177' title='bbox 3502 1088 3771 1145; x_wconf 75' lang='lat' dir='ltr'><strong>veritatis</strong></span> 
     </span>
    </p>
   </div>
   <div class='ocr_carea' id='block_1_24' title="bbox 2146 1174 3771 1250">
    <p class='ocr_par' dir='ltr' id='par_1_24' title="bbox 2146 1174 3771 1250">
     <span class='ocr_line' id='line_1_24' title="bbox 2146 1174 3771 1250; baseline -0.001 -16"><span class='ocrx_word' id='word_1_178' title='bbox 2146 1184 2312 1246; x_wconf 88' lang='lat' dir='ltr'><strong>tacta,</strong></span> <span class='ocrx_word' id='word_1_179' title='bbox 2340 1177 2411 1233; x_wconf 84' lang='lat' dir='ltr'><strong>ab</strong></span> <span class='ocrx_word' id='word_1_180' title='bbox 2442 1174 2871 1232; x_wconf 82' lang='lat' dir='ltr'><strong>insensibilitate</strong></span> <span class='ocrx_word' id='word_1_181' title='bbox 2899 1191 2998 1232; x_wconf 89' lang='lat' dir='ltr'><strong>sua</strong></span> <span class='ocrx_word' id='word_1_182' title='bbox 3026 1192 3182 1232; x_wconf 88' lang='lat' dir='ltr'><strong>mens</strong></span> <span class='ocrx_word' id='word_1_183' title='bbox 3209 1177 3479 1250; x_wconf 84' lang='lat' dir='ltr'><strong>quatitur.</strong></span> <span class='ocrx_word' id='word_1_184' title='bbox 3511 1176 3771 1234; x_wconf 83' lang='lat' dir='ltr'><strong>Veniant</strong></span> 
     </span>
    </p>
   </div>
   <div class='ocr_carea' id='block_1_25' title="bbox 2144 1266 3768 1341">
    <p class='ocr_par' dir='ltr' id='par_1_25' title="bbox 2144 1266 3768 1341">
     <span class='ocr_line' id='line_1_25' title="bbox 2144 1266 3768 1341; baseline -0.001 -17"><span class='ocrx_word' id='word_1_185' title='bbox 2144 1284 2273 1341; x_wconf 88' lang='lat' dir='ltr'><strong>ergo</strong></span> <span class='ocrx_word' id='word_1_186' title='bbox 2300 1275 2555 1340; x_wconf 82' lang='lat' dir='ltr'><strong>parentes</strong></span> <span class='ocrx_word' id='word_1_187' title='bbox 2584 1266 2653 1323; x_wconf 86' lang='lat' dir='ltr'><strong>ad</strong></span> <span class='ocrx_word' id='word_1_188' title='bbox 2681 1266 3030 1334; x_wconf 83' lang='lat' dir='ltr'><strong>convivium,</strong></span> <span class='ocrx_word' id='word_1_189' title='bbox 3057 1274 3225 1340; x_wconf 88' lang='lat' dir='ltr'><strong>atque</strong></span> <span class='ocrx_word' id='word_1_190' title='bbox 3252 1283 3488 1324; x_wconf 80' lang='lat' dir='ltr'><strong>excusso</strong></span> <span class='ocrx_word' id='word_1_191' title='bbox 3526 1275 3768 1340; x_wconf 83' lang='lat' dir='ltr'><strong>torpore</strong></span> 
     </span>
    </p>
   </div>
   <div class='ocr_carea' id='block_1_26' title="bbox 2145 1355 3769 1429">
    <p class='ocr_par' dir='ltr' id='par_1_26' title="bbox 2145 1355 3769 1429">
     <span class='ocr_line' id='line_1_26' title="bbox 2145 1355 3769 1429; baseline 0 -15"><span class='ocrx_word' id='word_1_192' title='bbox 2145 1364 2406 1414; x_wconf 86' lang='lat' dir='ltr'><strong>moveant</strong></span> <span class='ocrx_word' id='word_1_193' title='bbox 2450 1363 2635 1428; x_wconf 88' lang='lat' dir='ltr'><strong>caput,</strong></span> <span class='ocrx_word' id='word_1_194' title='bbox 2674 1356 2732 1412; x_wconf 90' lang='lat' dir='ltr'><strong>id</strong></span> <span class='ocrx_word' id='word_1_195' title='bbox 2765 1363 2850 1412; x_wconf 89' lang='lat' dir='ltr'><strong>est</strong></span> <span class='ocrx_word' id='word_1_196' title='bbox 2900 1355 2961 1410; x_wconf 88' lang='lat' dir='ltr'><strong>bi</strong></span> <span class='ocrx_word' id='word_1_197' title='bbox 3009 1355 3106 1428; x_wconf 88' lang='lat' dir='ltr'><strong>qui</strong></span> <span class='ocrx_word' id='word_1_198' title='bbox 3153 1355 3513 1429; x_wconf 75' lang='lat' dir='ltr'><strong>Redemptor-1</strong></span> <span class='ocrx_word' id='word_1_199' title='bbox 3561 1364 3769 1415; x_wconf 85' lang='lat' dir='ltr'><strong>nostro</strong></span> 
     </span>
    </p>
   </div>
   <div class='ocr_carea' id='block_1_27' title="bbox 2143 1443 3767 1518">
    <p class='ocr_par' dir='ltr' id='par_1_27' title="bbox 2143 1443 3767 1518">
     <span class='ocr_line' id='line_1_27' title="bbox 2143 1443 3767 1518; baseline -0.001 -15"><span class='ocrx_word' id='word_1_200' title='bbox 2143 1460 2308 1503; x_wconf 88' lang='lat' dir='ltr'><strong>carne</strong></span> <span class='ocrx_word' id='word_1_201' title='bbox 2323 1443 2606 1516; x_wconf 88' lang='lat' dir='ltr'><strong>conjuncti</strong></span> <span class='ocrx_word' id='word_1_202' title='bbox 2622 1444 2842 1500; x_wconf 86' lang='lat' dir='ltr'><strong>fuerant</strong></span> <span class='ocrx_word' id='word_1_203' title='bbox 2868 1444 3226 1500; x_wconf 83' lang='lat' dir='ltr'><strong>refectionem</strong></span> <span class='ocrx_word' id='word_1_204' title='bbox 3246 1444 3586 1518; x_wconf 81' lang='lat' dir='ltr'><strong>quandoque</strong></span> <span class='ocrx_word' id='word_1_205' title='bbox 3601 1445 3767 1502; x_wconf 85' lang='lat' dir='ltr'><strong>verbi</strong></span> 
     </span>
    </p>
   </div>
   <div class='ocr_carea' id='block_1_28' title="bbox 2146 1531 3767 1606">
    <p class='ocr_par' dir='ltr' id='par_1_28' title="bbox 2146 1531 3767 1606">
     <span class='ocr_line' id='line_1_28' title="bbox 2146 1531 3767 1606; baseline 0.001 -17"><span class='ocrx_word' id='word_1_206' title='bbox 2146 1533 2205 1590; x_wconf 92' lang='lat' dir='ltr'><strong>in</strong></span> <span class='ocrx_word' id='word_1_207' title='bbox 2230 1532 2340 1589; x_wconf 88' lang='lat' dir='ltr'><strong>ﬁde</strong></span> <span class='ocrx_word' id='word_1_208' title='bbox 2365 1533 2695 1605; x_wconf 87' lang='lat' dir='ltr'><strong>percipiant,</strong></span> <span class='ocrx_word' id='word_1_209' title='bbox 2725 1541 2781 1589; x_wconf 91' lang='lat' dir='ltr'><strong>et</strong></span> <span class='ocrx_word' id='word_1_210' title='bbox 2820 1531 3268 1589; x_wconf 78' lang='lat' dir='ltr'><strong>insensibilitatis</strong></span> <span class='ocrx_word' id='word_1_211' title='bbox 3309 1533 3560 1606; x_wconf 62' lang='lat' dir='ltr'><strong>pristina</strong></span> <span class='ocrx_word' id='word_1_212' title='bbox 3589 1534 3767 1591; x_wconf 83' lang='lat' dir='ltr'><strong>duri-</strong></span> 
     </span>
    </p>
   </div>
   <div class='ocr_carea' id='block_1_29' title="bbox 2149 1620 3764 1694">
    <p class='ocr_par' dir='ltr' id='par_1_29' title="bbox 2149 1620 3764 1694">
     <span class='ocr_line' id='line_1_29' title="bbox 2149 1620 3764 1694; baseline 0.001 -14"><span class='ocrx_word' id='word_1_213' title='bbox 2149 1624 2280 1680; x_wconf 87' lang='lat' dir='ltr'><strong>tiam</strong></span> <span class='ocrx_word' id='word_1_214' title='bbox 2307 1623 2587 1678; x_wconf 87' lang='lat' dir='ltr'><strong>amittant.</strong></span> <span class='ocrx_word' id='word_1_215' title='bbox 2623 1621 2778 1678; x_wconf 88' lang='lat' dir='ltr'><strong>Unde</strong></span> <span class='ocrx_word' id='word_1_216' title='bbox 2806 1620 2947 1678; x_wconf 86' lang='lat' dir='ltr'><strong>bene</strong></span> <span class='ocrx_word' id='word_1_217' title='bbox 2976 1638 3072 1694; x_wconf 89' lang='lat' dir='ltr'><strong>per</strong></span> <span class='ocrx_word' id='word_1_218' title='bbox 3096 1621 3356 1679; x_wconf 87' lang='lat' dir='ltr'><strong>Habacuc</strong></span> <span class='ocrx_word' id='word_1_219' title='bbox 3376 1621 3589 1679; x_wconf 86' lang='lat' dir='ltr'><strong>dicitur</strong></span> <span class='ocrx_word' id='word_1_220' title='bbox 3616 1642 3629 1680; x_wconf 93' lang='lat'><strong>:</strong></span> <span class='ocrx_word' id='word_1_221' title='bbox 3662 1625 3764 1681; x_wconf 84' lang='lat' dir='ltr'><strong>Pe-</strong></span> 
     </span>
    </p>
   </div>
   <div class='ocr_carea' id='block_1_30' title="bbox 2146 1710 3762 1787">
    <p class='ocr_par' dir='ltr' id='par_1_30' title="bbox 2146 1710 3762 1787">
     <span class='ocr_line' id='line_1_30' title="bbox 2146 1710 3762 1787; baseline 0.001 -19"><span class='ocrx_word' id='word_1_222' title='bbox 2146 1713 2233 1768; x_wconf 85' lang='lat' dir='ltr'><strong>des</strong></span> <span class='ocrx_word' id='word_1_223' title='bbox 2251 1712 2368 1782; x_wconf 84' lang='lat' dir='ltr'><strong>ejus</strong></span> <span class='ocrx_word' id='word_1_224' title='bbox 2392 1716 2664 1780; x_wconf 72' lang='lat' dir='ltr'><strong>stetmnt,</strong></span> <span class='ocrx_word' id='word_1_225' title='bbox 2693 1716 2744 1766; x_wconf 85' lang='lat' dir='ltr'><strong>et</strong></span> <span class='ocrx_word' id='word_1_226' title='bbox 2767 1717 2915 1766; x_wconf 82' lang='lat' dir='ltr'><strong>mota</strong></span> <span class='ocrx_word' id='word_1_227' title='bbox 2955 1716 3030 1766; x_wconf 84' lang='lat' dir='ltr'><strong>est</strong></span> <span class='ocrx_word' id='word_1_228' title='bbox 3064 1716 3211 1766; x_wconf 87' lang='lat' dir='ltr'><strong>terra</strong></span> <span class='ocrx_word' id='word_1_229' title='bbox 3255 1710 3484 1783; x_wconf 86' lang='lat' dir='ltr'><strong>(Habac.</strong></span> <span class='ocrx_word' id='word_1_230' title='bbox 3533 1728 3623 1781; x_wconf 79' lang='lat' dir='ltr'><strong>In,</strong></span> <span class='ocrx_word' id='word_1_231' title='bbox 3673 1713 3762 1787; x_wconf 80' lang='grc'><strong>5).</strong></span> 
     </span>
    </p>
   </div>
   <div class='ocr_carea' id='block_1_31' title="bbox 2145 1798 3754 1873">
    <p class='ocr_par' dir='ltr' id='par_1_31' title="bbox 2145 1798 3754 1873">
     <span class='ocr_line' id='line_1_31' title="bbox 2145 1798 3754 1873; baseline 0 -13"><span class='ocrx_word' id='word_1_232' title='bbox 2145 1803 2334 1860; x_wconf 88' lang='lat' dir='ltr'><strong>Stante</strong></span> <span class='ocrx_word' id='word_1_233' title='bbox 2361 1800 2512 1858; x_wconf 90' lang='lat' dir='ltr'><strong>enim</strong></span> <span class='ocrx_word' id='word_1_234' title='bbox 2550 1799 2791 1857; x_wconf 90' lang='lat' dir='ltr'><strong>Domino</strong></span> <span class='ocrx_word' id='word_1_235' title='bbox 2822 1809 2968 1857; x_wconf 81' lang='lat' dir='ltr'><strong>terra</strong></span> <span class='ocrx_word' id='word_1_236' title='bbox 3007 1798 3203 1873; x_wconf 85' lang='lat' dir='ltr'><strong>procul</strong></span> <span class='ocrx_word' id='word_1_237' title='bbox 3248 1799 3421 1856; x_wconf 88' lang='lat' dir='ltr'><strong>dubio</strong></span> <span class='ocrx_word' id='word_1_238' title='bbox 3464 1809 3754 1872; x_wconf 84' lang='lat' dir='ltr'><strong>movetur,</strong></span> 
     </span>
    </p>
   </div>
   <div class='ocr_carea' id='block_1_32' title="bbox 438 1888 3767 1979">
    <p class='ocr_par' dir='ltr' id='par_1_32' title="bbox 438 1888 3767 1979">
     <span class='ocr_line' id='line_1_32' title="bbox 438 1888 3767 1979; baseline 0.002 -22"><span class='ocrx_word' id='word_1_239' title='bbox 438 1910 626 1960; x_wconf 81' lang='lat' dir='ltr'><strong>verant</strong></span> <span class='ocrx_word' id='word_1_240' title='bbox 652 1921 771 1960; x_wconf 84' lang='lat' dir='ltr'><strong>eum</strong></span> <span class='ocrx_word' id='word_1_241' title='bbox 800 1905 981 1977; x_wconf 85' lang='lat' dir='ltr'><strong>prius,</strong></span> <span class='ocrx_word' id='word_1_242' title='bbox 1003 1911 1053 1961; x_wconf 82' lang='lat' dir='ltr'><strong>et</strong></span> <span class='ocrx_word' id='word_1_243' title='bbox 1077 1907 1409 1963; x_wconf 81' lang='lat' dir='ltr'><strong>comederunt</strong></span> <span class='ocrx_word' id='word_1_244' title='bbox 1427 1924 1545 1962; x_wconf 85' lang='lat' dir='ltr'><strong>cum</strong></span> <span class='ocrx_word' id='word_1_245' title='bbox 1570 1925 1625 1962; x_wconf 78' lang='lat' dir='ltr'><strong>eo</strong></span> <span class='ocrx_word' id='word_1_246' title='bbox 1652 1888 1845 1979; x_wconf 77' lang='lat' dir='ltr'><strong>panem</strong></span> <span class='ocrx_word' id='word_1_247' title='bbox 1871 1907 1931 1962; x_wconf 85' lang='lat' dir='ltr'><strong>in</strong></span> <span class='ocrx_word' id='word_1_248' title='bbox 1948 1907 2036 1962; x_wconf 88' lang='lat' dir='ltr'><strong>do-</strong></span> <span class='ocrx_word' id='word_1_249' title='bbox 2065 1910 2114 1974; x_wconf 90' lang='grc' dir='ltr'>Β</span> <span class='ocrx_word' id='word_1_250' title='bbox 2146 1892 2279 1967; x_wconf 70' lang='lat' dir='ltr'><strong>quia</strong></span> <span class='ocrx_word' id='word_1_251' title='bbox 2309 1906 2438 1950; x_wconf 68' lang='lat' dir='ltr'><strong>cum</strong></span> <span class='ocrx_word' id='word_1_252' title='bbox 2479 1896 2672 1954; x_wconf 73' lang='lat'><strong>1155</strong></span> <span class='ocrx_word' id='word_1_253' title='bbox 2716 1889 2873 1947; x_wconf 64' lang='lat' dir='ltr'><strong>cordi</strong></span> <span class='ocrx_word' id='word_1_254' title='bbox 2918 1896 3109 1946; x_wconf 68' lang='grc' dir='ltr'><strong>ηοεῖτο</strong></span> <span class='ocrx_word' id='word_1_255' title='bbox 3149 1888 3364 1947; x_wconf 58' lang='lat' dir='ltr'><strong>“moris</strong></span> <span class='ocrx_word' id='word_1_256' title='bbox 3400 1889 3489 1947; x_wconf 66' lang='grc' dir='ltr'><strong>δαί</strong></span> <span class='ocrx_word' id='word_1_257' title='bbox 3522 1891 3767 1963; x_wconf 70' lang='grc' dir='ltr'><strong>νθειίείει</strong></span> 
     </span>
    </p>
   </div>
   <div class='ocr_carea' id='block_1_33' title="bbox 439 1991 2037 2068">
    <p class='ocr_par' dir='ltr' id='par_1_33' title="bbox 439 1991 2037 2068">
     <span class='ocr_line' id='line_1_33' title="bbox 439 1991 2037 2068; baseline 0.002 -19"><span class='ocrx_word' id='word_1_258' title='bbox 439 2009 526 2049; x_wconf 85' lang='lat' dir='ltr'><strong>mo</strong></span> <span class='ocrx_word' id='word_1_259' title='bbox 556 1991 688 2063; x_wconf 84' lang='lat' dir='ltr'><strong>ejus.</strong></span> <span class='ocrx_word' id='word_1_260' title='bbox 721 1992 877 2051; x_wconf 90' lang='lat' dir='ltr'><strong>Tunc</strong></span> <span class='ocrx_word' id='word_1_261' title='bbox 905 1994 1108 2068; x_wconf 88' lang='lat' dir='ltr'><strong>quippe</strong></span> <span class='ocrx_word' id='word_1_262' title='bbox 1137 1993 1332 2051; x_wconf 82' lang='lat' dir='ltr'><strong>fratres</strong></span> <span class='ocrx_word' id='word_1_263' title='bbox 1359 1995 1444 2052; x_wconf 91' lang='lat' dir='ltr'><strong>sui</strong></span> <span class='ocrx_word' id='word_1_264' title='bbox 1472 2011 1537 2052; x_wconf 89' lang='lat' dir='ltr'><strong>ac</strong></span> <span class='ocrx_word' id='word_1_265' title='bbox 1564 2011 1777 2052; x_wconf 88' lang='lat' dir='ltr'><strong>sorores</strong></span> <span class='ocrx_word' id='word_1_266' title='bbox 1792 1995 1861 2052; x_wconf 89' lang='lat' dir='ltr'><strong>ad</strong></span> <span class='ocrx_word' id='word_1_267' title='bbox 1881 1994 2037 2054; x_wconf 91' lang='lat' dir='ltr'><strong>Chri-</strong></span> 
     </span>
    </p>
   </div>
   <div class='ocr_carea' id='block_1_34' title="bbox 440 2083 2040 2160">
    <p class='ocr_par' dir='ltr' id='par_1_34' title="bbox 440 2083 2040 2160">
     <span class='ocr_line' id='line_1_34' title="bbox 440 2083 2040 2160; baseline 0.003 -22"><span class='ocrx_word' id='word_1_268' title='bbox 440 2089 588 2139; x_wconf 89' lang='lat' dir='ltr'><strong>stum</strong></span> <span class='ocrx_word' id='word_1_269' title='bbox 620 2083 874 2153; x_wconf 84' lang='lat' dir='ltr'><strong>veniunt,</strong></span> <span class='ocrx_word' id='word_1_270' title='bbox 896 2083 1118 2158; x_wconf 88' lang='lat' dir='ltr'><strong>quando</strong></span> <span class='ocrx_word' id='word_1_271' title='bbox 1133 2101 1203 2140; x_wconf 83' lang='lat' dir='ltr'><strong>ex</strong></span> <span class='ocrx_word' id='word_1_272' title='bbox 1230 2085 1389 2158; x_wconf 89' lang='lat' dir='ltr'><strong>plebe</strong></span> <span class='ocrx_word' id='word_1_273' title='bbox 1403 2085 1630 2142; x_wconf 73' lang='lat' dir='ltr'><strong>Iudaica</strong></span> <span class='ocrx_word' id='word_1_274' title='bbox 1649 2093 1921 2160; x_wconf 87' lang='lat' dir='ltr'><strong>quotquot</strong></span> <span class='ocrx_word' id='word_1_275' title='bbox 1941 2085 2040 2142; x_wconf 92' lang='lat' dir='ltr'><strong>in-</strong></span> 
     </span>
    </p>
   </div>
   <div class='ocr_carea' id='block_1_35' title="bbox 439 2172 2038 2250">
    <p class='ocr_par' dir='ltr' id='par_1_35' title="bbox 439 2172 2038 2250">
     <span class='ocr_line' id='line_1_35' title="bbox 439 2172 2038 2250; baseline 0.001 -20"><span class='ocrx_word' id='word_1_276' title='bbox 439 2173 593 2230; x_wconf 89' lang='lat' dir='ltr'><strong>venti</strong></span> <span class='ocrx_word' id='word_1_277' title='bbox 608 2172 819 2231; x_wconf 87' lang='lat' dir='ltr'><strong>fuerint</strong></span> <span class='ocrx_word' id='word_1_278' title='bbox 833 2175 1350 2233; x_wconf 84' lang='lat' dir='ltr'><strong>convertuntur.Ex</strong></span> <span class='ocrx_word' id='word_1_279' title='bbox 1367 2175 1467 2232; x_wconf 90' lang='lat' dir='ltr'><strong>illo</strong></span> <span class='ocrx_word' id='word_1_280' title='bbox 1481 2174 1626 2231; x_wconf 90' lang='lat' dir='ltr'><strong>enim</strong></span> <span class='ocrx_word' id='word_1_281' title='bbox 1645 2177 1848 2250; x_wconf 89' lang='lat' dir='ltr'><strong>populo</strong></span> <span class='ocrx_word' id='word_1_282' title='bbox 1857 2175 2038 2234; x_wconf 88' lang='lat' dir='ltr'><strong>carnis</strong></span> 
     </span>
    </p>
   </div>
   <div class='ocr_carea' id='block_1_36' title="bbox 442 2263 2036 2339">
    <p class='ocr_par' dir='ltr' id='par_1_36' title="bbox 442 2263 2036 2339">
     <span class='ocr_line' id='line_1_36' title="bbox 442 2263 2036 2339; baseline 0.004 -20"><span class='ocrx_word' id='word_1_283' title='bbox 442 2263 730 2321; x_wconf 83' lang='lat' dir='ltr'><strong>materiam</strong></span> <span class='ocrx_word' id='word_1_284' title='bbox 759 2264 1014 2339; x_wconf 89' lang='lat' dir='ltr'><strong>sumpsit.</strong></span> <span class='ocrx_word' id='word_1_285' title='bbox 1047 2265 1204 2323; x_wconf 89' lang='lat' dir='ltr'><strong>Tunc</strong></span> <span class='ocrx_word' id='word_1_286' title='bbox 1237 2282 1366 2338; x_wconf 85' lang='lat' dir='ltr'><strong>ergo</strong></span> <span class='ocrx_word' id='word_1_287' title='bbox 1389 2264 1458 2322; x_wconf 89' lang='lat' dir='ltr'><strong>ad</strong></span> <span class='ocrx_word' id='word_1_288' title='bbox 1487 2282 1614 2322; x_wconf 90' lang='lat' dir='ltr'><strong>eum</strong></span> <span class='ocrx_word' id='word_1_289' title='bbox 1645 2266 1840 2324; x_wconf 86' lang='lat' dir='ltr'><strong>fratres</strong></span> <span class='ocrx_word' id='word_1_290' title='bbox 1860 2284 1923 2325; x_wconf 91' lang='lat' dir='ltr'><strong>ac</strong></span> <span class='ocrx_word' id='word_1_291' title='bbox 1947 2286 2036 2325; x_wconf 89' lang='lat' dir='ltr'><strong>so-</strong></span> 
     </span>
    </p>
   </div>
   <div class='ocr_carea' id='block_1_37' title="bbox 440 2351 2038 2430">
    <p class='ocr_par' dir='ltr' id='par_1_37' title="bbox 440 2351 2038 2430">
     <span class='ocr_line' id='line_1_37' title="bbox 440 2351 2038 2430; baseline 0.004 -23"><span class='ocrx_word' id='word_1_292' title='bbox 440 2367 593 2410; x_wconf 89' lang='lat' dir='ltr'><strong>rores</strong></span> <span class='ocrx_word' id='word_1_293' title='bbox 620 2351 911 2425; x_wconf 89' lang='lat' dir='ltr'><strong>accedunt,</strong></span> <span class='ocrx_word' id='word_1_294' title='bbox 942 2353 1163 2430; x_wconf 87' lang='lat' dir='ltr'><strong>quando</strong></span> <span class='ocrx_word' id='word_1_295' title='bbox 1191 2372 1261 2412; x_wconf 83' lang='lat' dir='ltr'><strong>ex</strong></span> <span class='ocrx_word' id='word_1_296' title='bbox 1289 2372 1352 2413; x_wconf 88' lang='lat' dir='ltr'><strong>ea</strong></span> <span class='ocrx_word' id='word_1_297' title='bbox 1397 2354 1555 2429; x_wconf 90' lang='lat' dir='ltr'><strong>plebe</strong></span> <span class='ocrx_word' id='word_1_298' title='bbox 1605 2357 1623 2391; x_wconf 85' lang='grc'>¹</span> <span class='ocrx_word' id='word_1_299' title='bbox 1671 2373 1794 2429; x_wconf 73' lang='lat' dir='ltr'><strong>quas</strong></span> <span class='ocrx_word' id='word_1_300' title='bbox 1843 2357 1894 2414; x_wconf 90' lang='lat' dir='ltr'><strong>ei</strong></span> <span class='ocrx_word' id='word_1_301' title='bbox 1941 2374 2038 2430; x_wconf 89' lang='lat' dir='ltr'><strong>per</strong></span> 
     </span>
    </p>
   </div>
   <div class='ocr_carea' id='block_1_38' title="bbox 439 2442 2034 2521">
    <p class='ocr_par' dir='ltr' id='par_1_38' title="bbox 439 2442 2034 2521">
     <span class='ocr_line' id='line_1_38' title="bbox 439 2442 2034 2521; baseline 0.003 -23"><span class='ocrx_word' id='word_1_302' title='bbox 439 2442 825 2514; x_wconf 81' lang='lat' dir='ltr'><strong>cognationem</strong></span> <span class='ocrx_word' id='word_1_303' title='bbox 865 2442 1062 2521; x_wconf 86' lang='lat' dir='ltr'><strong>juncta</strong></span> <span class='ocrx_word' id='word_1_304' title='bbox 1102 2453 1204 2515; x_wconf 90' lang='lat' dir='ltr'><strong>est,</strong></span> <span class='ocrx_word' id='word_1_305' title='bbox 1243 2444 1331 2502; x_wconf 90' lang='lat' dir='ltr'><strong>vel</strong></span> <span class='ocrx_word' id='word_1_306' title='bbox 1358 2444 1454 2519; x_wconf 90' lang='lat' dir='ltr'><strong>qui</strong></span> <span class='ocrx_word' id='word_1_307' title='bbox 1482 2444 1652 2503; x_wconf 88' lang='lat' dir='ltr'><strong>fortes</strong></span> <span class='ocrx_word' id='word_1_308' title='bbox 1680 2445 1855 2503; x_wconf 88' lang='lat' dir='ltr'><strong>futuri</strong></span> <span class='ocrx_word' id='word_1_309' title='bbox 1884 2454 2034 2517; x_wconf 91' lang='lat' dir='ltr'><strong>sunt,</strong></span> 
     </span>
    </p>
   </div>
   <div class='ocr_carea' id='block_1_39' title="bbox 437 2529 2036 2605">
    <p class='ocr_par' dir='ltr' id='par_1_39' title="bbox 437 2529 2036 2605">
     <span class='ocr_line' id='line_1_39' title="bbox 437 2529 2036 2605; baseline 0.004 -21"><span class='ocrx_word' id='word_1_310' title='bbox 437 2529 592 2589; x_wconf 89' lang='lat' dir='ltr'><strong>velut</strong></span> <span class='ocrx_word' id='word_1_311' title='bbox 637 2530 853 2604; x_wconf 84' lang='lat' dir='ltr'><strong>fratres,</strong></span> <span class='ocrx_word' id='word_1_312' title='bbox 892 2533 982 2593; x_wconf 88' lang='lat' dir='ltr'><strong>vel</strong></span> <span class='ocrx_word' id='word_1_313' title='bbox 1012 2532 1242 2605; x_wconf 88' lang='lat' dir='ltr'><strong>inﬁrmi,</strong></span> <span class='ocrx_word' id='word_1_314' title='bbox 1285 2535 1440 2591; x_wconf 89' lang='lat' dir='ltr'><strong>velut</strong></span> <span class='ocrx_word' id='word_1_315' title='bbox 1480 2550 1715 2603; x_wconf 88' lang='lat' dir='ltr'><strong>sorores,</strong></span> <span class='ocrx_word' id='word_1_316' title='bbox 1757 2534 1828 2591; x_wconf 89' lang='lat' dir='ltr'><strong>ad</strong></span> <span class='ocrx_word' id='word_1_317' title='bbox 1855 2550 1981 2592; x_wconf 90' lang='lat' dir='ltr'><strong>eum</strong></span> <span class='ocrx_word' id='word_1_318' title='bbox 2013 2532 2036 2570; x_wconf 78' lang='grc'>³</span> 
     </span>
    </p>
   </div>
   <div class='ocr_carea' id='block_1_40' title="bbox 436 2621 2040 2698">
    <p class='ocr_par' dir='ltr' id='par_1_40' title="bbox 436 2621 2040 2698">
     <span class='ocr_line' id='line_1_40' title="bbox 436 2621 2040 2698; baseline 0.002 -22"><span class='ocrx_word' id='word_1_319' title='bbox 436 2635 536 2694; x_wconf 90' lang='lat' dir='ltr'><strong>per</strong></span> <span class='ocrx_word' id='word_1_320' title='bbox 570 2622 943 2694; x_wconf 76' lang='lat' dir='ltr'><strong>cognitionem</strong></span> <span class='ocrx_word' id='word_1_321' title='bbox 985 2621 1115 2680; x_wconf 89' lang='lat' dir='ltr'><strong>ﬁdei</strong></span> <span class='ocrx_word' id='word_1_322' title='bbox 1157 2622 1356 2680; x_wconf 88' lang='lat' dir='ltr'><strong>devota</strong></span> <span class='ocrx_word' id='word_1_323' title='bbox 1401 2623 1766 2698; x_wconf 77' lang='lat' dir='ltr'><strong>gratulatione</strong></span> <span class='ocrx_word' id='word_1_324' title='bbox 1810 2641 2040 2683; x_wconf 85' lang='lat' dir='ltr'><strong>concur-</strong></span> 
     </span>
    </p>
   </div>
   <div class='ocr_carea' id='block_1_41' title="bbox 436 2707 2036 2785">
    <p class='ocr_par' dir='ltr' id='par_1_41' title="bbox 436 2707 2036 2785">
     <span class='ocr_line' id='line_1_41' title="bbox 436 2707 2036 2785; baseline 0.002 -18"><span class='ocrx_word' id='word_1_325' title='bbox 436 2717 588 2771; x_wconf 85' lang='lat' dir='ltr'><strong>runt.</strong></span> <span class='ocrx_word' id='word_1_326' title='bbox 620 2708 775 2773; x_wconf 84' lang='lat' dir='ltr'><strong>Tunc</strong></span> <span class='ocrx_word' id='word_1_327' title='bbox 802 2707 953 2785; x_wconf 76' lang='lat' dir='ltr'><strong>apud</strong></span> <span class='ocrx_word' id='word_1_328' title='bbox 981 2729 1110 2770; x_wconf 90' lang='lat' dir='ltr'><strong>eum</strong></span> <span class='ocrx_word' id='word_1_329' title='bbox 1141 2713 1512 2785; x_wconf 53' lang='lat' dir='ltr'><strong>celeberrima</strong></span> <span class='ocrx_word' id='word_1_330' title='bbox 1542 2713 1864 2773; x_wconf 86' lang='lat' dir='ltr'><strong>festivitatis</strong></span> <span class='ocrx_word' id='word_1_331' title='bbox 1908 2731 2036 2773; x_wconf 86' lang='lat' dir='ltr'><strong>con-</strong></span> 
     </span>
    </p>
   </div>
   <div class='ocr_carea' id='block_1_42' title="bbox 435 2796 2035 2881">
    <p class='ocr_par' dir='ltr' id='par_1_42' title="bbox 435 2796 2035 2881">
     <span class='ocr_line' id='line_1_42' title="bbox 435 2796 2035 2881; baseline 0.002 -26"><span class='ocrx_word' id='word_1_332' title='bbox 435 2796 654 2861; x_wconf 86' lang='lat' dir='ltr'><strong>vivium</strong></span> <span class='ocrx_word' id='word_1_333' title='bbox 683 2800 975 2872; x_wconf 76' lang='lat' dir='ltr'><strong>exhibent,</strong></span> <span class='ocrx_word' id='word_1_334' title='bbox 1007 2800 1229 2879; x_wconf 91' lang='lat' dir='ltr'><strong>quando</strong></span> <span class='ocrx_word' id='word_1_335' title='bbox 1244 2800 1369 2859; x_wconf 78' lang='lat' dir='ltr'><strong>eum</strong></span> <span class='ocrx_word' id='word_1_336' title='bbox 1377 2801 1491 2876; x_wconf 89' lang='lat' dir='ltr'><strong>jam</strong></span> <span class='ocrx_word' id='word_1_337' title='bbox 1513 2819 1858 2881; x_wconf 87' lang='lat' dir='ltr'><strong>nequaquam</strong></span> <span class='ocrx_word' id='word_1_338' title='bbox 1878 2801 2035 2879; x_wconf 87' lang='lat' dir='ltr'><strong>quasi</strong></span> 
     </span>
    </p>
   </div>
   <div class='ocr_carea' id='block_1_43' title="bbox 434 2883 2034 2967">
    <p class='ocr_par' dir='ltr' id='par_1_43' title="bbox 434 2883 2034 2967">
     <span class='ocr_line' id='line_1_43' title="bbox 434 2883 2034 2967; baseline 0.003 -22"><span class='ocrx_word' id='word_1_339' title='bbox 434 2903 637 2960; x_wconf 87' lang='lat' dir='ltr'><strong>purum</strong></span> <span class='ocrx_word' id='word_1_340' title='bbox 664 2883 955 2949; x_wconf 88' lang='lat' dir='ltr'><strong>hominem</strong></span> <span class='ocrx_word' id='word_1_341' title='bbox 985 2898 1420 2960; x_wconf 86' lang='lat' dir='ltr'><strong>contemnentes,</strong></span> <span class='ocrx_word' id='word_1_342' title='bbox 1465 2891 1895 2967; x_wconf 89' lang='lat' dir='ltr'><strong>propinquitatis</strong></span> <span class='ocrx_word' id='word_1_343' title='bbox 1923 2910 2034 2950; x_wconf 67' lang='lat' dir='ltr'><strong>suae</strong></span> 
     </span>
    </p>
   </div>
   <div class='ocr_carea' id='block_1_44' title="bbox 434 2976 2033 3055">
    <p class='ocr_par' dir='ltr' id='par_1_44' title="bbox 434 2976 2033 3055">
     <span class='ocr_line' id='line_1_44' title="bbox 434 2976 2033 3055; baseline 0.004 -23"><span class='ocrx_word' id='word_1_344' title='bbox 434 2993 727 3049; x_wconf 85' lang='lat' dir='ltr'><strong>memores,</strong></span> <span class='ocrx_word' id='word_1_345' title='bbox 769 2976 1058 3039; x_wconf 88' lang='lat' dir='ltr'><strong>divinitati</strong></span> <span class='ocrx_word' id='word_1_346' title='bbox 1101 2995 1158 3036; x_wconf 91' lang='lat' dir='ltr'><strong>se</strong></span> <span class='ocrx_word' id='word_1_347' title='bbox 1205 2978 1324 3053; x_wconf 88' lang='lat' dir='ltr'><strong>ejus</strong></span> <span class='ocrx_word' id='word_1_348' title='bbox 1369 2976 1638 3038; x_wconf 82' lang='lat' dir='ltr'><strong>inhaerere</strong></span> <span class='ocrx_word' id='word_1_349' title='bbox 1668 2981 2033 3055; x_wconf 83' lang='lat' dir='ltr'><strong>congaudent.</strong></span> 
     </span>
    </p>
   </div>
   <div class='ocr_carea' id='block_1_45' title="bbox 433 3065 2034 3146">
    <p class='ocr_par' dir='ltr' id='par_1_45' title="bbox 433 3065 2034 3146">
     <span class='ocr_line' id='line_1_45' title="bbox 433 3065 2034 3146; baseline 0.004 -25"><span class='ocrx_word' id='word_1_350' title='bbox 433 3065 588 3124; x_wconf 91' lang='lat' dir='ltr'><strong>Tunc</strong></span> <span class='ocrx_word' id='word_1_351' title='bbox 615 3065 674 3122; x_wconf 92' lang='lat' dir='ltr'><strong>in</strong></span> <span class='ocrx_word' id='word_1_352' title='bbox 704 3065 870 3124; x_wconf 91' lang='lat' dir='ltr'><strong>domo</strong></span> <span class='ocrx_word' id='word_1_353' title='bbox 900 3066 1020 3143; x_wconf 87' lang='lat' dir='ltr'><strong>ejus</strong></span> <span class='ocrx_word' id='word_1_354' title='bbox 1049 3083 1247 3142; x_wconf 90' lang='lat' dir='ltr'><strong>panem</strong></span> <span class='ocrx_word' id='word_1_355' title='bbox 1275 3068 1594 3139; x_wconf 89' lang='lat' dir='ltr'><strong>comedunt,</strong></span> <span class='ocrx_word' id='word_1_356' title='bbox 1621 3087 1769 3142; x_wconf 91' lang='lat' dir='ltr'><strong>cum,</strong></span> <span class='ocrx_word' id='word_1_357' title='bbox 1817 3079 2034 3146; x_wconf 89' lang='lat' dir='ltr'><strong>postpo-</strong></span> 
     </span>
    </p>
   </div>
   <div class='ocr_carea' id='block_1_46' title="bbox 432 3152 2038 3231">
    <p class='ocr_par' dir='ltr' id='par_1_46' title="bbox 432 3152 2038 3231">
     <span class='ocr_line' id='line_1_46' title="bbox 432 3152 2038 3231; baseline 0.005 -21"><span class='ocrx_word' id='word_1_358' title='bbox 432 3154 538 3210; x_wconf 90' lang='lat' dir='ltr'><strong>sita</strong></span> <span class='ocrx_word' id='word_1_359' title='bbox 588 3154 975 3214; x_wconf 86' lang='lat' dir='ltr'><strong>observatione</strong></span> <span class='ocrx_word' id='word_1_360' title='bbox 1019 3158 1041 3193; x_wconf 85' lang='grc'>³</span> <span class='ocrx_word' id='word_1_361' title='bbox 1080 3152 1418 3231; x_wconf 87' lang='lat' dir='ltr'><strong>subjacentis</strong></span> <span class='ocrx_word' id='word_1_362' title='bbox 1460 3159 1680 3229; x_wconf 74' lang='lat' dir='ltr'><strong>litterae,</strong></span> <span class='ocrx_word' id='word_1_363' title='bbox 1733 3158 1791 3216; x_wconf 89' lang='lat' dir='ltr'><strong>in</strong></span> <span class='ocrx_word' id='word_1_364' title='bbox 1850 3168 2038 3218; x_wconf 89' lang='lat' dir='ltr'><strong>sancta</strong></span> 
     </span>
    </p>
   </div>
   <div class='ocr_carea' id='block_1_47' title="bbox 2149 1987 3765 2063">
    <p class='ocr_par' dir='ltr' id='par_1_47' title="bbox 2149 1987 3765 2063">
     <span class='ocr_line' id='line_1_47' title="bbox 2149 1987 3765 2063; baseline 0 -17"><span class='ocrx_word' id='word_1_365' title='bbox 2149 1990 2442 2063; x_wconf 89' lang='lat' dir='ltr'><strong>imprimit,</strong></span> <span class='ocrx_word' id='word_1_366' title='bbox 2473 1995 2673 2047; x_wconf 86' lang='lat' dir='ltr'><strong>cuncta</strong></span> <span class='ocrx_word' id='word_1_367' title='bbox 2701 1989 2760 2044; x_wconf 90' lang='lat' dir='ltr'><strong>in</strong></span> <span class='ocrx_word' id='word_1_368' title='bbox 2789 1987 2951 2044; x_wconf 89' lang='lat' dir='ltr'><strong>nobis</strong></span> <span class='ocrx_word' id='word_1_369' title='bbox 2977 1987 3243 2060; x_wconf 80' lang='lat' dir='ltr'><strong>cogitatio</strong></span> <span class='ocrx_word' id='word_1_370' title='bbox 3270 1996 3491 2045; x_wconf 86' lang='lat' dir='ltr'><strong>terrena</strong></span> <span class='ocrx_word' id='word_1_371' title='bbox 3518 1996 3765 2048; x_wconf 86' lang='lat' dir='ltr'><strong>contre-</strong></span> 
     </span>
    </p>
   </div>
   <div class='ocr_carea' id='block_1_48' title="bbox 2149 2077 3766 2150">
    <p class='ocr_par' dir='ltr' id='par_1_48' title="bbox 2149 2077 3766 2150">
     <span class='ocr_line' id='line_1_48' title="bbox 2149 2077 3766 2150; baseline 0.001 -16"><span class='ocrx_word' id='word_1_372' title='bbox 2149 2078 2354 2134; x_wconf 91' lang='lat' dir='ltr'><strong>miscit.</strong></span> <span class='ocrx_word' id='word_1_373' title='bbox 2386 2078 2502 2134; x_wconf 85' lang='lat' dir='ltr'><strong>Hoc</strong></span> <span class='ocrx_word' id='word_1_374' title='bbox 2530 2077 2715 2150; x_wconf 88' lang='lat' dir='ltr'><strong>itaque</strong></span> <span class='ocrx_word' id='word_1_375' title='bbox 2743 2077 2865 2133; x_wconf 93' lang='lat' dir='ltr'><strong>loco</strong></span> <span class='ocrx_word' id='word_1_376' title='bbox 2892 2084 3057 2150; x_wconf 88' lang='lat' dir='ltr'><strong>caput</strong></span> <span class='ocrx_word' id='word_1_377' title='bbox 3085 2092 3308 2133; x_wconf 89' lang='lat' dir='ltr'><strong>movere</strong></span> <span class='ocrx_word' id='word_1_378' title='bbox 3336 2087 3421 2134; x_wconf 91' lang='lat' dir='ltr'><strong>est</strong></span> <span class='ocrx_word' id='word_1_379' title='bbox 3452 2077 3766 2135; x_wconf 90' lang='lat' dir='ltr'><strong>immobili-</strong></span> 
     </span>
    </p>
   </div>
   <div class='ocr_carea' id='block_1_49' title="bbox 2146 2165 3767 2240">
    <p class='ocr_par' dir='ltr' id='par_1_49' title="bbox 2146 2165 3767 2240">
     <span class='ocr_line' id='line_1_49' title="bbox 2146 2165 3767 2240; baseline 0.001 -17"><span class='ocrx_word' id='word_1_380' title='bbox 2146 2174 2317 2223; x_wconf 88' lang='lat' dir='ltr'><strong>tatem</strong></span> <span class='ocrx_word' id='word_1_381' title='bbox 2349 2165 2554 2223; x_wconf 90' lang='lat' dir='ltr'><strong>mentis</strong></span> <span class='ocrx_word' id='word_1_382' title='bbox 2578 2174 2856 2236; x_wconf 84' lang='lat' dir='ltr'><strong>excutere,</strong></span> <span class='ocrx_word' id='word_1_383' title='bbox 2877 2173 2934 2222; x_wconf 91' lang='lat' dir='ltr'><strong>et</strong></span> <span class='ocrx_word' id='word_1_384' title='bbox 2964 2166 3034 2223; x_wconf 80' lang='lat' dir='ltr'><strong>ad</strong></span> <span class='ocrx_word' id='word_1_385' title='bbox 3062 2167 3439 2240; x_wconf 87' lang='lat' dir='ltr'><strong>cognitionem</strong></span> <span class='ocrx_word' id='word_1_386' title='bbox 3465 2166 3602 2225; x_wconf 85' lang='lat' dir='ltr'><strong>ﬁdei</strong></span> <span class='ocrx_word' id='word_1_387' title='bbox 3625 2184 3767 2227; x_wconf 80' lang='lat' dir='ltr'><strong>cre-</strong></span> 
     </span>
    </p>
   </div>
   <div class='ocr_carea' id='block_1_50' title="bbox 2147 2257 3115 2332">
    <p class='ocr_par' dir='ltr' id='par_1_50' title="bbox 2147 2257 3115 2332">
     <span class='ocr_line' id='line_1_50' title="bbox 2147 2257 3115 2332; baseline 0.002 -17"><span class='ocrx_word' id='word_1_388' title='bbox 2147 2257 2399 2315; x_wconf 87' lang='lat' dir='ltr'><strong>dulitatis</strong></span> <span class='ocrx_word' id='word_1_389' title='bbox 2423 2257 2698 2332; x_wconf 88' lang='lat' dir='ltr'><strong>gressibus</strong></span> <span class='ocrx_word' id='word_1_390' title='bbox 2726 2257 3115 2332; x_wconf 89' lang='lat' dir='ltr'><strong>propinquare.</strong></span> 
     </span>
    </p>
   </div>
   <div class='ocr_carea' id='block_1_51' title="bbox 2219 2347 3765 2416">
    <p class='ocr_par' dir='ltr' id='par_1_51' title="bbox 2219 2347 3765 2416">
     <span class='ocr_line' id='line_1_51' title="bbox 2219 2347 3765 2416; baseline 0.001 -12"><span class='ocrx_word' id='word_1_391' title='bbox 2219 2347 2309 2404; x_wconf 72' lang='lat'><strong>27.</strong></span> <span class='ocrx_word' id='word_1_392' title='bbox 2344 2349 2558 2416; x_wconf 81' lang='lat' dir='ltr'><strong>Quanta</strong></span> <span class='ocrx_word' id='word_1_393' title='bbox 2589 2365 2654 2403; x_wconf 75' lang='lat' dir='ltr'><strong>ea:</strong></span> <span class='ocrx_word' id='word_1_394' title='bbox 2681 2364 2865 2403; x_wconf 83' lang='lat' dir='ltr'><strong>eorum</strong></span> <span class='ocrx_word' id='word_1_395' title='bbox 2889 2347 3224 2404; x_wconf 76' lang='lat' dir='ltr'><strong>conversione</strong></span> <span class='ocrx_word' id='word_1_396' title='bbox 3242 2348 3493 2404; x_wconf 65' lang='lat' dir='ltr'><strong>Ecclesiae</strong></span> <span class='ocrx_word' id='word_1_397' title='bbox 3517 2350 3765 2406; x_wconf 79' lang='lat' dir='ltr'><strong>consola-</strong></span> 
     </span>
    </p>
   </div>
   <div class='ocr_carea' id='block_1_52' title="bbox 2150 2436 3755 2508">
    <p class='ocr_par' dir='ltr' id='par_1_52' title="bbox 2150 2436 3755 2508">
     <span class='ocr_line' id='line_1_52' title="bbox 2150 2436 3755 2508; baseline 0.001 -16"><span class='ocrx_word' id='word_1_398' title='bbox 2150 2437 2240 2494; x_wconf 88' lang='lat' dir='ltr'><strong>tio.</strong></span> <span class='ocrx_word' id='word_1_399' title='bbox 2293 2438 2424 2506; x_wconf 68' lang='lat' dir='ltr'><strong>Quae</strong></span> <span class='ocrx_word' id='word_1_400' title='bbox 2475 2436 2734 2506; x_wconf 78' lang='lat' dir='ltr'><strong>conversi,</strong></span> <span class='ocrx_word' id='word_1_401' title='bbox 2793 2437 3005 2493; x_wconf 77' lang='lat' dir='ltr'><strong>Christo</strong></span> <span class='ocrx_word' id='word_1_402' title='bbox 3050 2436 3269 2492; x_wconf 80' lang='lat' dir='ltr'><strong>debeant</strong></span> <span class='ocrx_word' id='word_1_403' title='bbox 3299 2438 3510 2508; x_wconf 70' lang='lat' dir='ltr'><strong>offerre.</strong></span> <span class='ocrx_word' id='word_1_404' title='bbox 3540 2464 3614 2479; x_wconf 89' lang='lat'>—</span> <span class='ocrx_word' id='word_1_405' title='bbox 3642 2437 3755 2494; x_wconf 85' lang='lat' dir='ltr'><strong>Sed</strong></span> 
     </span>
    </p>
   </div>
   <div class='ocr_carea' id='block_1_53' title="bbox 2146 2525 3759 2600">
    <p class='ocr_par' dir='ltr' id='par_1_53' title="bbox 2146 2525 3759 2600">
     <span class='ocr_line' id='line_1_53' title="bbox 2146 2525 3759 2600; baseline 0.001 -18"><span class='ocrx_word' id='word_1_406' title='bbox 2146 2527 2277 2600; x_wconf 87' lang='lat' dir='ltr'><strong>quia</strong></span> <span class='ocrx_word' id='word_1_407' title='bbox 2320 2533 2510 2585; x_wconf 86' lang='lat' dir='ltr'><strong>sancta</strong></span> <span class='ocrx_word' id='word_1_408' title='bbox 2564 2525 2811 2583; x_wconf 88' lang='lat' dir='ltr'><strong>Ecclesia</strong></span> <span class='ocrx_word' id='word_1_409' title='bbox 2869 2541 3018 2582; x_wconf 88' lang='lat' dir='ltr'><strong>nunc</strong></span> <span class='ocrx_word' id='word_1_410' title='bbox 3063 2526 3423 2582; x_wconf 65' lang='lat' dir='ltr'><strong>Hebraeorum</strong></span> <span class='ocrx_word' id='word_1_411' title='bbox 3461 2525 3759 2584; x_wconf 80' lang='lat' dir='ltr'><strong>aversione</strong></span> 
     </span>
    </p>
   </div>
   <div class='ocr_carea' id='block_1_54' title="bbox 2146 2614 3763 2685">
    <p class='ocr_par' dir='ltr' id='par_1_54' title="bbox 2146 2614 3763 2685">
     <span class='ocr_line' id='line_1_54' title="bbox 2146 2614 3763 2685; baseline 0.001 -14"><span class='ocrx_word' id='word_1_412' title='bbox 2146 2614 2404 2685; x_wconf 86' lang='lat' dir='ltr'><strong>aﬁicitur,</strong></span> <span class='ocrx_word' id='word_1_413' title='bbox 2479 2622 2534 2672; x_wconf 92' lang='lat' dir='ltr'><strong>et</strong></span> <span class='ocrx_word' id='word_1_414' title='bbox 2608 2622 2744 2673; x_wconf 88' lang='lat' dir='ltr'><strong>tunc</strong></span> <span class='ocrx_word' id='word_1_415' title='bbox 2811 2615 3176 2673; x_wconf 88' lang='lat' dir='ltr'><strong>conversione</strong></span> <span class='ocrx_word' id='word_1_416' title='bbox 3244 2614 3547 2685; x_wconf 77' lang='lat' dir='ltr'><strong>relevetur,</strong></span> <span class='ocrx_word' id='word_1_417' title='bbox 3606 2623 3763 2673; x_wconf 85' lang='lat' dir='ltr'><strong>recte</strong></span> 
     </span>
    </p>
   </div>
   <div class='ocr_carea' id='block_1_55' title="bbox 2145 2702 3763 2779">
    <p class='ocr_par' dir='ltr' id='par_1_55' title="bbox 2145 2702 3763 2779">
     <span class='ocr_line' id='line_1_55' title="bbox 2145 2702 3763 2779; baseline 0.001 -19"><span class='ocrx_word' id='word_1_418' title='bbox 2145 2703 2502 2778; x_wconf 90' lang='lat' dir='ltr'><strong>subjungitur</strong></span> <span class='ocrx_word' id='word_1_419' title='bbox 2531 2702 2671 2778; x_wconf 74' lang='grc' dir='ltr'><strong>[νει.</strong></span> <span class='ocrx_word' id='word_1_420' title='bbox 2703 2702 2843 2779; x_wconf 77' lang='lat' dir='ltr'><strong>XI]:</strong></span> <span class='ocrx_word' id='word_1_421' title='bbox 2891 2706 2965 2760; x_wconf 89' lang='lat' dir='ltr'><strong>Et</strong></span> <span class='ocrx_word' id='word_1_422' title='bbox 3004 2703 3262 2760; x_wconf 81' lang='lat' dir='ltr'><strong>consolati</strong></span> <span class='ocrx_word' id='word_1_423' title='bbox 3288 2709 3416 2759; x_wconf 82' lang='lat' dir='ltr'><strong>sunt</strong></span> <span class='ocrx_word' id='word_1_424' title='bbox 3445 2720 3566 2760; x_wconf 70' lang='lat' dir='ltr'><strong>eum</strong></span> <span class='ocrx_word' id='word_1_425' title='bbox 3593 2721 3763 2777; x_wconf 84' lang='lat' dir='ltr'><strong>super</strong></span> 
     </span>
    </p>
   </div>
   <div class='ocr_carea' id='block_1_56' title="bbox 2145 2793 3763 2865">
    <p class='ocr_par' dir='ltr' id='par_1_56' title="bbox 2145 2793 3763 2865">
     <span class='ocr_line' id='line_1_56' title="bbox 2145 2793 3763 2865; baseline 0.001 -16"><span class='ocrx_word' id='word_1_426' title='bbox 2145 2793 2289 2849; x_wconf 84' lang='lat' dir='ltr'><strong>omni</strong></span> <span class='ocrx_word' id='word_1_427' title='bbox 2320 2795 2486 2860; x_wconf 83' lang='lat' dir='ltr'><strong>malo,</strong></span> <span class='ocrx_word' id='word_1_428' title='bbox 2517 2794 2658 2864; x_wconf 82' lang='lat' dir='ltr'><strong>quod</strong></span> <span class='ocrx_word' id='word_1_429' title='bbox 2690 2793 3228 2850; x_wconf 79' lang='lat' dir='ltr'><strong>mtaleratDominus</strong></span> <span class='ocrx_word' id='word_1_430' title='bbox 3255 2810 3416 2865; x_wconf 85' lang='lat' dir='ltr'><strong>super</strong></span> <span class='ocrx_word' id='word_1_431' title='bbox 3441 2810 3580 2850; x_wconf 75' lang='lat' dir='ltr'><strong>eum.</strong></span> <span class='ocrx_word' id='word_1_432' title='bbox 3614 2793 3763 2852; x_wconf 81' lang='lat' dir='ltr'><strong>Con-</strong></span> 
     </span>
    </p>
   </div>
   <div class='ocr_carea' id='block_1_57' title="bbox 2148 2884 3759 2956">
    <p class='ocr_par' dir='ltr' id='par_1_57' title="bbox 2148 2884 3759 2956">
     <span class='ocr_line' id='line_1_57' title="bbox 2148 2884 3759 2956; baseline 0.001 -14"><span class='ocrx_word' id='word_1_433' title='bbox 2148 2885 2397 2942; x_wconf 90' lang='lat' dir='ltr'><strong>solantur</strong></span> <span class='ocrx_word' id='word_1_434' title='bbox 2426 2885 2688 2944; x_wconf 91' lang='lat' dir='ltr'><strong>videlicet</strong></span> <span class='ocrx_word' id='word_1_435' title='bbox 2706 2884 3013 2954; x_wconf 87' lang='lat' dir='ltr'><strong>Christum,</strong></span> <span class='ocrx_word' id='word_1_436' title='bbox 3035 2886 3395 2943; x_wconf 85' lang='lat' dir='ltr'><strong>consolantur</strong></span> <span class='ocrx_word' id='word_1_437' title='bbox 3421 2884 3759 2956; x_wconf 88' lang='lat' dir='ltr'><strong>Ecclesiam,</strong></span> 
     </span>
    </p>
   </div>
   <div class='ocr_carea' id='block_1_58' title="bbox 2147 2974 3761 3050">
    <p class='ocr_par' dir='ltr' id='par_1_58' title="bbox 2147 2974 3761 3050">
     <span class='ocr_line' id='line_1_58' title="bbox 2147 2974 3761 3050; baseline 0.001 -18"><span class='ocrx_word' id='word_1_438' title='bbox 2147 2974 2244 3050; x_wconf 91' lang='lat' dir='ltr'><strong>qui</strong></span> <span class='ocrx_word' id='word_1_439' title='bbox 2272 2976 2342 3033; x_wconf 90' lang='lat' dir='ltr'><strong>ab</strong></span> <span class='ocrx_word' id='word_1_440' title='bbox 2383 2975 2732 3033; x_wconf 86' lang='lat' dir='ltr'><strong>inﬁdelitatis</strong></span> <span class='ocrx_word' id='word_1_441' title='bbox 2772 2977 3020 3050; x_wconf 66' lang='lat' dir='ltr'><strong>pristina)</strong></span> <span class='ocrx_word' id='word_1_442' title='bbox 3065 2992 3252 3033; x_wconf 90' lang='lat' dir='ltr'><strong>errore</strong></span> <span class='ocrx_word' id='word_1_443' title='bbox 3290 2975 3647 3049; x_wconf 87' lang='lat' dir='ltr'><strong>resipiscunt,</strong></span> <span class='ocrx_word' id='word_1_444' title='bbox 3700 2984 3761 3033; x_wconf 89' lang='lat' dir='ltr'><strong>et</strong></span> 
     </span>
    </p>
   </div>
   <div class='ocr_carea' id='block_1_59' title="bbox 2146 3065 3760 3142">
    <p class='ocr_par' dir='ltr' id='par_1_59' title="bbox 2146 3065 3760 3142">
     <span class='ocr_line' id='line_1_59' title="bbox 2146 3065 3760 3142; baseline 0.002 -20"><span class='ocrx_word' id='word_1_445' title='bbox 2146 3066 2476 3140; x_wconf 88' lang='lat' dir='ltr'><strong>pravitatem</strong></span> <span class='ocrx_word' id='word_1_446' title='bbox 2507 3067 2657 3136; x_wconf 62' lang='lat' dir='ltr'><strong>vitae,</strong></span> <span class='ocrx_word' id='word_1_447' title='bbox 2688 3083 2785 3141; x_wconf 90' lang='lat' dir='ltr'><strong>per</strong></span> <span class='ocrx_word' id='word_1_448' title='bbox 2813 3084 2977 3142; x_wconf 89' lang='lat' dir='ltr'><strong>quam</strong></span> <span class='ocrx_word' id='word_1_449' title='bbox 3025 3074 3176 3124; x_wconf 87' lang='lat' dir='ltr'><strong>recta</strong></span> <span class='ocrx_word' id='word_1_450' title='bbox 3220 3065 3552 3125; x_wconf 81' lang='lat' dir='ltr'><strong>docentibus</strong></span> <span class='ocrx_word' id='word_1_451' title='bbox 3592 3082 3760 3142; x_wconf 86' lang='lat' dir='ltr'><strong>repu-</strong></span> 
     </span>
    </p>
   </div>
   <div class='ocr_carea' id='block_1_60' title="bbox 2147 3155 3759 3230">
    <p class='ocr_par' dir='ltr' id='par_1_60' title="bbox 2147 3155 3759 3230">
     <span class='ocr_line' id='line_1_60' title="bbox 2147 3155 3759 3230; baseline 0.001 -17"><span class='ocrx_word' id='word_1_452' title='bbox 2147 3164 2472 3228; x_wconf 88' lang='lat' dir='ltr'><strong>gnaverant,</strong></span> <span class='ocrx_word' id='word_1_453' title='bbox 2501 3156 2782 3215; x_wconf 87' lang='lat' dir='ltr'><strong>deserunt.</strong></span> <span class='ocrx_word' id='word_1_454' title='bbox 2814 3157 3018 3214; x_wconf 84' lang='lat' dir='ltr'><strong>Annon</strong></span> <span class='ocrx_word' id='word_1_455' title='bbox 3047 3156 3229 3230; x_wconf 87' lang='lat' dir='ltr'><strong>gravis</strong></span> <span class='ocrx_word' id='word_1_456' title='bbox 3275 3173 3480 3215; x_wconf 72' lang='lat' dir='ltr'><strong>mceror</strong></span> <span class='ocrx_word' id='word_1_457' title='bbox 3525 3164 3610 3213; x_wconf 90' lang='lat' dir='ltr'><strong>est</strong></span> <span class='ocrx_word' id='word_1_458' title='bbox 3651 3155 3759 3214; x_wconf 85' lang='lat' dir='ltr'><strong>du-</strong></span> 
     </span>
    </p>
   </div>
   <div class='ocr_carea' id='block_1_61' title="bbox 431 3242 3756 3336">
    <p class='ocr_par' dir='ltr' id='par_1_61' title="bbox 431 3242 3756 3336">
     <span class='ocr_line' id='line_1_61' title="bbox 431 3242 3756 3336; baseline 0.002 -36"><span class='ocrx_word' id='word_1_459' title='bbox 431 3242 682 3305; x_wconf 86' lang='lat' dir='ltr'><strong>Ecclesia</strong></span> <span class='ocrx_word' id='word_1_460' title='bbox 706 3244 938 3320; x_wconf 81' lang='lat' dir='ltr'><strong>mystici</strong></span> <span class='ocrx_word' id='word_1_461' title='bbox 965 3244 1175 3321; x_wconf 87' lang='lat' dir='ltr'><strong>eloquii</strong></span> <span class='ocrx_word' id='word_1_462' title='bbox 1203 3247 1359 3320; x_wconf 85' lang='lat' dir='ltr'><strong>quasi</strong></span> <span class='ocrx_word' id='word_1_463' title='bbox 1403 3246 1580 3321; x_wconf 84' lang='lat' dir='ltr'><strong>frugis</strong></span> <span class='ocrx_word' id='word_1_464' title='bbox 1626 3249 1868 3307; x_wconf 89' lang='lat' dir='ltr'><strong>medulla</strong></span> <span class='ocrx_word' id='word_1_465' title='bbox 1913 3267 2032 3325; x_wconf 87' lang='lat' dir='ltr'><strong>pas-</strong></span> <span class='ocrx_word' id='word_1_466' title='bbox 2060 3274 2108 3336; x_wconf 79' lang='grc' dir='ltr'>ο</span> <span class='ocrx_word' id='word_1_467' title='bbox 2149 3245 2226 3303; x_wconf 87' lang='lat' dir='ltr'><strong>ris</strong></span> <span class='ocrx_word' id='word_1_468' title='bbox 2279 3244 2541 3336; x_wconf 81' lang='lat' dir='ltr'><strong>cordibus</strong></span> <span class='ocrx_word' id='word_1_469' title='bbox 2606 3246 2948 3336; x_wconf 79' lang='lat' dir='ltr'><strong>infructuose</strong></span> <span class='ocrx_word' id='word_1_470' title='bbox 3001 3244 3318 3336; x_wconf 51' lang='lat' dir='ltr'><strong>praedicare,</strong></span> <span class='ocrx_word' id='word_1_471' title='bbox 3379 3245 3630 3336; x_wconf 78' lang='lat' dir='ltr'><strong>laborem</strong></span> <span class='ocrx_word' id='word_1_472' title='bbox 3690 3245 3756 3306; x_wconf 85' lang='lat' dir='ltr'><strong>in</strong></span> 
     </span>
    </p>
   </div>
   <div class='ocr_carea' id='block_1_62' title="bbox 432 3335 2034 3418">
    <p class='ocr_par' dir='ltr' id='par_1_62' title="bbox 432 3335 2034 3418">
     <span class='ocr_line' id='line_1_62' title="bbox 432 3335 2034 3418; baseline 0.004 -19"><span class='ocrx_word' id='word_1_473' title='bbox 432 3349 639 3399; x_wconf 89' lang='lat' dir='ltr'><strong>cuntur</strong></span> <span class='ocrx_word' id='word_1_474' title='bbox 667 3336 807 3416; x_wconf 79' lang='grc' dir='ltr'><strong>[νει.</strong></span> <span class='ocrx_word' id='word_1_475' title='bbox 831 3335 931 3417; x_wconf 80' lang='grc' dir='ltr'><strong>Χ.]</strong></span> <span class='ocrx_word' id='word_1_476' title='bbox 978 3341 1125 3400; x_wconf 89' lang='lat' dir='ltr'><strong>Bene</strong></span> <span class='ocrx_word' id='word_1_477' title='bbox 1167 3351 1351 3400; x_wconf 89' lang='lat' dir='ltr'><strong>autem</strong></span> <span class='ocrx_word' id='word_1_478' title='bbox 1395 3340 1791 3418; x_wconf 87' lang='lat' dir='ltr'><strong>subjungitur:</strong></span> <span class='ocrx_word' id='word_1_479' title='bbox 1847 3348 2034 3407; x_wconf 80' lang='lat' dir='ltr'><strong>Cuncti</strong></span> 
     </span>
    </p>
   </div>
   <div class='ocr_carea' id='block_1_63' title="bbox 431 3429 2031 3510">
    <p class='ocr_par' dir='ltr' id='par_1_63' title="bbox 431 3429 2031 3510">
     <span class='ocr_line' id='line_1_63' title="bbox 431 3429 2031 3510; baseline 0.006 -23"><span class='ocrx_word' id='word_1_480' title='bbox 431 3429 527 3502; x_wconf 85' lang='lat' dir='ltr'><strong>qui</strong></span> <span class='ocrx_word' id='word_1_481' title='bbox 543 3436 933 3489; x_wconf 80' lang='lat' dir='ltr'><strong>noveranteum</strong></span> <span class='ocrx_word' id='word_1_482' title='bbox 959 3430 1136 3507; x_wconf 83' lang='lat' dir='ltr'><strong>prius.</strong></span> <span class='ocrx_word' id='word_1_483' title='bbox 1166 3430 1327 3488; x_wconf 88' lang='lat' dir='ltr'><strong>Prius</strong></span> <span class='ocrx_word' id='word_1_484' title='bbox 1355 3433 1557 3507; x_wconf 88' lang='lat' dir='ltr'><strong>quippe</strong></span> <span class='ocrx_word' id='word_1_485' title='bbox 1576 3442 2031 3510; x_wconf 87' lang='lat' dir='ltr'><strong>noverant,quem</strong></span> 
     </span>
    </p>
   </div>
   <div class='ocr_carea' id='block_1_64' title="bbox 432 3519 2031 3599">
    <p class='ocr_par' dir='ltr' id='par_1_64' title="bbox 432 3519 2031 3599">
     <span class='ocr_line' id='line_1_64' title="bbox 432 3519 2031 3599; baseline 0.003 -18"><span class='ocrx_word' id='word_1_486' title='bbox 432 3520 494 3581; x_wconf 88' lang='lat' dir='ltr'><strong>in</strong></span> <span class='ocrx_word' id='word_1_487' title='bbox 513 3519 766 3593; x_wconf 84' lang='lat' dir='ltr'><strong>passione</strong></span> <span class='ocrx_word' id='word_1_488' title='bbox 782 3537 880 3578; x_wconf 91' lang='lat' dir='ltr'><strong>sua</strong></span> <span class='ocrx_word' id='word_1_489' title='bbox 893 3521 1050 3599; x_wconf 87' lang='lat' dir='ltr'><strong>quasi</strong></span> <span class='ocrx_word' id='word_1_490' title='bbox 1063 3521 1408 3595; x_wconf 84' lang='lat' dir='ltr'><strong>incognitum</strong></span> <span class='ocrx_word' id='word_1_491' title='bbox 1423 3526 2031 3599; x_wconf 82' lang='lat' dir='ltr'><strong>contempserunt.Nam</strong></span> 
     </span>
    </p>
   </div>
   <div class='ocr_carea' id='block_1_65' title="bbox 430 3606 2032 3687">
    <p class='ocr_par' dir='ltr' id='par_1_65' title="bbox 430 3606 2032 3687">
     <span class='ocr_line' id='line_1_65' title="bbox 430 3606 2032 3687; baseline 0.004 -20"><span class='ocrx_word' id='word_1_492' title='bbox 430 3608 775 3669; x_wconf 86' lang='lat' dir='ltr'><strong>nasciturum</strong></span> <span class='ocrx_word' id='word_1_493' title='bbox 793 3606 1076 3673; x_wconf 85' lang='lat' dir='ltr'><strong>Christum</strong></span> <span class='ocrx_word' id='word_1_494' title='bbox 1109 3612 1299 3671; x_wconf 88' lang='lat' dir='ltr'><strong>nullus</strong></span> <span class='ocrx_word' id='word_1_495' title='bbox 1319 3613 1414 3687; x_wconf 89' lang='lat' dir='ltr'><strong>qui</strong></span> <span class='ocrx_word' id='word_1_496' title='bbox 1441 3613 1601 3687; x_wconf 91' lang='lat' dir='ltr'><strong>plene</strong></span> <span class='ocrx_word' id='word_1_497' title='bbox 1632 3614 1801 3686; x_wconf 86' lang='lat' dir='ltr'><strong>legem</strong></span> <span class='ocrx_word' id='word_1_498' title='bbox 1831 3614 2032 3674; x_wconf 89' lang='lat' dir='ltr'><strong>didicit</strong></span> 
     </span>
    </p>
   </div>
   <div class='ocr_carea' id='block_1_66' title="bbox 429 3700 2030 3779">
    <p class='ocr_par' dir='ltr' id='par_1_66' title="bbox 429 3700 2030 3779">
     <span class='ocr_line' id='line_1_66' title="bbox 429 3700 2030 3779; baseline 0.005 -22"><span class='ocrx_word' id='word_1_499' title='bbox 429 3700 730 3774; x_wconf 87' lang='lat' dir='ltr'><strong>ignoravit.</strong></span> <span class='ocrx_word' id='word_1_500' title='bbox 782 3701 936 3762; x_wconf 86' lang='lat' dir='ltr'><strong>Unde</strong></span> <span class='ocrx_word' id='word_1_501' title='bbox 981 3710 1037 3760; x_wconf 89' lang='lat' dir='ltr'><strong>et</strong></span> <span class='ocrx_word' id='word_1_502' title='bbox 1081 3703 1324 3763; x_wconf 89' lang='lat' dir='ltr'><strong>Herodes</strong></span> <span class='ocrx_word' id='word_1_503' title='bbox 1367 3721 1490 3772; x_wconf 83' lang='lat' dir='ltr'><strong>rex,</strong></span> <span class='ocrx_word' id='word_1_504' title='bbox 1528 3721 1813 3779; x_wconf 88' lang='lat' dir='ltr'><strong>magorum</strong></span> <span class='ocrx_word' id='word_1_505' title='bbox 1843 3724 2030 3765; x_wconf 88' lang='lat' dir='ltr'><strong>occur-</strong></span> 
     </span>
    </p>
   </div>
   <div class='ocr_carea' id='block_1_67' title="bbox 430 3789 2031 3869">
    <p class='ocr_par' dir='ltr' id='par_1_67' title="bbox 430 3789 2031 3869">
     <span class='ocr_line' id='line_1_67' title="bbox 430 3789 2031 3869; baseline 0.004 -22"><span class='ocrx_word' id='word_1_506' title='bbox 430 3789 586 3847; x_wconf 87' lang='lat' dir='ltr'><strong>sione</strong></span> <span class='ocrx_word' id='word_1_507' title='bbox 614 3791 962 3867; x_wconf 87' lang='lat' dir='ltr'><strong>perterritus,</strong></span> <span class='ocrx_word' id='word_1_508' title='bbox 987 3793 1292 3853; x_wconf 83' lang='lat' dir='ltr'><strong>sacerdotes</strong></span> <span class='ocrx_word' id='word_1_509' title='bbox 1311 3801 1365 3852; x_wconf 90' lang='lat' dir='ltr'><strong>et</strong></span> <span class='ocrx_word' id='word_1_510' title='bbox 1393 3794 1670 3869; x_wconf 89' lang='lat' dir='ltr'><strong>principes</strong></span> <span class='ocrx_word' id='word_1_511' title='bbox 1699 3795 1913 3854; x_wconf 87' lang='lat' dir='ltr'><strong>studuit</strong></span> <span class='ocrx_word' id='word_1_512' title='bbox 1930 3814 2031 3854; x_wconf 90' lang='lat' dir='ltr'><strong>so-</strong></span> 
     </span>
    </p>
   </div>
   <div class='ocr_carea' id='block_1_68' title="bbox 429 3878 2029 3961">
    <p class='ocr_par' dir='ltr' id='par_1_68' title="bbox 429 3878 2029 3961">
     <span class='ocr_line' id='line_1_68' title="bbox 429 3878 2029 3961; baseline 0.006 -27"><span class='ocrx_word' id='word_1_513' title='bbox 429 3878 596 3937; x_wconf 87' lang='lat' dir='ltr'><strong>lerter</strong></span> <span class='ocrx_word' id='word_1_514' title='bbox 633 3879 916 3956; x_wconf 89' lang='lat' dir='ltr'><strong>inquirere</strong></span> <span class='ocrx_word' id='word_1_515' title='bbox 940 3882 1036 3943; x_wconf 88' lang='lat' dir='ltr'><strong>ubi</strong></span> <span class='ocrx_word' id='word_1_516' title='bbox 1067 3881 1349 3941; x_wconf 89' lang='lat' dir='ltr'><strong>Christum</strong></span> <span class='ocrx_word' id='word_1_517' title='bbox 1378 3886 1721 3943; x_wconf 88' lang='lat' dir='ltr'><strong>nasciturum</strong></span> <span class='ocrx_word' id='word_1_518' title='bbox 1752 3902 1867 3943; x_wconf 87' lang='lat' dir='ltr'><strong>esse</strong></span> <span class='ocrx_word' id='word_1_519' title='bbox 1895 3903 2029 3961; x_wconf 74' lang='lat' dir='ltr'><strong>prae-</strong></span> 
     </span>
    </p>
   </div>
   <div class='ocr_carea' id='block_1_69' title="bbox 425 3967 2032 4049">
    <p class='ocr_par' dir='ltr' id='par_1_69' title="bbox 425 3967 2032 4049">
     <span class='ocr_line' id='line_1_69' title="bbox 425 3967 2032 4049; baseline 0.003 -21"><span class='ocrx_word' id='word_1_520' title='bbox 425 3967 632 4029; x_wconf 86' lang='lat' dir='ltr'><strong>scirent</strong></span> <span class='ocrx_word' id='word_1_521' title='bbox 652 3988 668 4038; x_wconf 84' lang='lat'><strong>;</strong></span> <span class='ocrx_word' id='word_1_522' title='bbox 700 3971 792 4029; x_wconf 88' lang='lat' dir='ltr'><strong>cui</strong></span> <span class='ocrx_word' id='word_1_523' title='bbox 821 3972 1076 4046; x_wconf 88' lang='lat' dir='ltr'><strong>protinus</strong></span> <span class='ocrx_word' id='word_1_524' title='bbox 1091 3972 1522 4049; x_wconf 87' lang='lat' dir='ltr'><strong>responderunt:</strong></span> <span class='ocrx_word' id='word_1_525' title='bbox 1546 3975 1614 4032; x_wconf 83' lang='lat' dir='ltr'><strong>In</strong></span> <span class='ocrx_word' id='word_1_526' title='bbox 1631 3975 1893 4033; x_wconf 82' lang='lat' dir='ltr'><strong>Bethleem</strong></span> <span class='ocrx_word' id='word_1_527' title='bbox 1918 3977 2032 4033; x_wconf 86' lang='lat' dir='ltr'><strong>Ju-</strong></span> 
     </span>
    </p>
   </div>
   <div class='ocr_carea' id='block_1_70' title="bbox 425 4057 2029 4140">
    <p class='ocr_par' dir='ltr' id='par_1_70' title="bbox 425 4057 2029 4140">
     <span class='ocr_line' id='line_1_70' title="bbox 425 4057 2029 4140; baseline 0.004 -25"><span class='ocrx_word' id='word_1_528' title='bbox 425 4057 506 4115; x_wconf 66' lang='lat' dir='ltr'><strong>dee</strong></span> <span class='ocrx_word' id='word_1_529' title='bbox 537 4057 751 4132; x_wconf 76' lang='lat' dir='ltr'><strong>(Matth.</strong></span> <span class='ocrx_word' id='word_1_530' title='bbox 784 4078 850 4134; x_wconf 78' lang='lat' dir='ltr'><strong>tt,</strong></span> <span class='ocrx_word' id='word_1_531' title='bbox 893 4062 974 4133; x_wconf 82' lang='grc' dir='ltr'><strong>ὅ).</strong></span> <span class='ocrx_word' id='word_1_532' title='bbox 1013 4061 1175 4123; x_wconf 86' lang='lat' dir='ltr'><strong>Prius</strong></span> <span class='ocrx_word' id='word_1_533' title='bbox 1214 4078 1344 4135; x_wconf 88' lang='lat' dir='ltr'><strong>ergo</strong></span> <span class='ocrx_word' id='word_1_534' title='bbox 1387 4071 1658 4120; x_wconf 89' lang='lat' dir='ltr'><strong>noverant</strong></span> <span class='ocrx_word' id='word_1_535' title='bbox 1698 4079 1861 4137; x_wconf 90' lang='lat' dir='ltr'><strong>quem</strong></span> <span class='ocrx_word' id='word_1_536' title='bbox 1912 4082 2029 4140; x_wconf 88' lang='lat' dir='ltr'><strong>pas-</strong></span> 
     </span>
    </p>
   </div>
   <div class='ocr_carea' id='block_1_71' title="bbox 424 4146 2025 4230">
    <p class='ocr_par' dir='ltr' id='par_1_71' title="bbox 424 4146 2025 4230">
     <span class='ocr_line' id='line_1_71' title="bbox 424 4146 2025 4230; baseline 0.003 -23"><span class='ocrx_word' id='word_1_537' title='bbox 424 4146 600 4209; x_wconf 77' lang='lat' dir='ltr'><strong>sionis</strong></span> <span class='ocrx_word' id='word_1_538' title='bbox 649 4164 762 4210; x_wconf 57' lang='lat' dir='ltr'><strong>suae</strong></span> <span class='ocrx_word' id='word_1_539' title='bbox 805 4157 1058 4229; x_wconf 86' lang='lat' dir='ltr'><strong>tempore</strong></span> <span class='ocrx_word' id='word_1_540' title='bbox 1103 4150 1237 4209; x_wconf 88' lang='lat' dir='ltr'><strong>dum</strong></span> <span class='ocrx_word' id='word_1_541' title='bbox 1279 4150 1623 4229; x_wconf 87' lang='lat' dir='ltr'><strong>despicerent</strong></span> <span class='ocrx_word' id='word_1_542' title='bbox 1679 4153 2025 4230; x_wconf 88' lang='lat' dir='ltr'><strong>ignorabant.</strong></span> 
     </span>
    </p>
   </div>
   <div class='ocr_carea' id='block_1_72' title="bbox 423 4234 2029 4320">
    <p class='ocr_par' dir='ltr' id='par_1_72' title="bbox 423 4234 2029 4320">
     <span class='ocr_line' id='line_1_72' title="bbox 423 4234 2029 4320; baseline 0.004 -26"><span class='ocrx_word' id='word_1_543' title='bbox 423 4234 676 4307; x_wconf 79' lang='lat' dir='ltr'><strong>Quorum</strong></span> <span class='ocrx_word' id='word_1_544' title='bbox 701 4245 756 4297; x_wconf 90' lang='lat' dir='ltr'><strong>et</strong></span> <span class='ocrx_word' id='word_1_545' title='bbox 783 4240 984 4299; x_wconf 80' lang='lat' dir='ltr'><strong>notitia</strong></span> <span class='ocrx_word' id='word_1_546' title='bbox 997 4240 1172 4315; x_wconf 85' lang='lat' dir='ltr'><strong>prior,</strong></span> <span class='ocrx_word' id='word_1_547' title='bbox 1187 4248 1243 4297; x_wconf 90' lang='lat' dir='ltr'><strong>et</strong></span> <span class='ocrx_word' id='word_1_548' title='bbox 1270 4240 1580 4313; x_wconf 84' lang='lat' dir='ltr'><strong>ignorantia</strong></span> <span class='ocrx_word' id='word_1_549' title='bbox 1601 4249 1870 4320; x_wconf 81' lang='lat' dir='ltr'><strong>posterior</strong></span> <span class='ocrx_word' id='word_1_550' title='bbox 1889 4242 2029 4301; x_wconf 90' lang='lat' dir='ltr'><strong>bene</strong></span> 
     </span>
    </p>
   </div>
   <div class='ocr_carea' id='block_1_73' title="bbox 424 4321 2027 4400">
    <p class='ocr_par' dir='ltr' id='par_1_73' title="bbox 424 4321 2027 4400">
     <span class='ocr_line' id='line_1_73' title="bbox 424 4321 2027 4400; baseline 0.004 -17"><span class='ocrx_word' id='word_1_551' title='bbox 424 4338 490 4383; x_wconf 79' lang='lat' dir='ltr'><strong>ac</strong></span> <span class='ocrx_word' id='word_1_552' title='bbox 516 4321 762 4385; x_wconf 84' lang='lat' dir='ltr'><strong>breviter</strong></span> <span class='ocrx_word' id='word_1_553' title='bbox 791 4326 945 4387; x_wconf 86' lang='lat' dir='ltr'><strong>Isaac</strong></span> <span class='ocrx_word' id='word_1_554' title='bbox 973 4326 1245 4400; x_wconf 85' lang='lat' dir='ltr'><strong>caligante</strong></span> <span class='ocrx_word' id='word_1_555' title='bbox 1272 4327 1541 4400; x_wconf 88' lang='lat' dir='ltr'><strong>signatur.</strong></span> <span class='ocrx_word' id='word_1_556' title='bbox 1573 4327 1680 4396; x_wconf 85' lang='lat' dir='ltr'><strong>Qui</strong></span> <span class='ocrx_word' id='word_1_557' title='bbox 1709 4328 1842 4385; x_wconf 91' lang='lat' dir='ltr'><strong>dum</strong></span> <span class='ocrx_word' id='word_1_558' title='bbox 1861 4330 2027 4389; x_wconf 84' lang='lat' dir='ltr'><strong>lacob</strong></span> 
     </span>
    </p>
   </div>
   <div class='ocr_carea' id='block_1_74' title="bbox 420 4411 2026 4492">
    <p class='ocr_par' dir='ltr' id='par_1_74' title="bbox 420 4411 2026 4492">
     <span class='ocr_line' id='line_1_74' title="bbox 420 4411 2026 4492; baseline 0.006 -23"><span class='ocrx_word' id='word_1_559' title='bbox 420 4411 794 4483; x_wconf 85' lang='lat' dir='ltr'><strong>benediceret,</strong></span> <span class='ocrx_word' id='word_1_560' title='bbox 823 4421 879 4475; x_wconf 85' lang='lat' dir='ltr'><strong>et</strong></span> <span class='ocrx_word' id='word_1_561' title='bbox 907 4414 1043 4488; x_wconf 86' lang='lat' dir='ltr'><strong>quid</strong></span> <span class='ocrx_word' id='word_1_562' title='bbox 1068 4415 1319 4473; x_wconf 88' lang='lat' dir='ltr'><strong>eveniret</strong></span> <span class='ocrx_word' id='word_1_563' title='bbox 1347 4415 1406 4473; x_wconf 90' lang='lat' dir='ltr'><strong>in</strong></span> <span class='ocrx_word' id='word_1_564' title='bbox 1448 4415 1638 4473; x_wconf 90' lang='lat' dir='ltr'><strong>futuro</strong></span> <span class='ocrx_word' id='word_1_565' title='bbox 1665 4418 2026 4492; x_wconf 58' lang='lat' dir='ltr'><strong>praevidebat,</strong></span> 
     </span>
    </p>
   </div>
   <div class='ocr_carea' id='block_1_75' title="bbox 421 4500 2020 4582">
    <p class='ocr_par' dir='ltr' id='par_1_75' title="bbox 421 4500 2020 4582">
     <span class='ocr_line' id='line_1_75' title="bbox 421 4500 2020 4582; baseline 0.006 -24"><span class='ocrx_word' id='word_1_566' title='bbox 421 4510 477 4563; x_wconf 88' lang='lat' dir='ltr'><strong>et</strong></span> <span class='ocrx_word' id='word_1_567' title='bbox 529 4501 655 4577; x_wconf 87' lang='lat' dir='ltr'><strong>quis</strong></span> <span class='ocrx_word' id='word_1_568' title='bbox 707 4500 794 4562; x_wconf 88' lang='lat' dir='ltr'><strong>illi</strong></span> <span class='ocrx_word' id='word_1_569' title='bbox 842 4518 1082 4579; x_wconf 58' lang='lat' dir='ltr'><strong>praesens</strong></span> <span class='ocrx_word' id='word_1_570' title='bbox 1135 4503 1414 4563; x_wconf 83' lang='lat' dir='ltr'><strong>assisteret</strong></span> <span class='ocrx_word' id='word_1_571' title='bbox 1468 4504 1751 4565; x_wconf 88' lang='lat' dir='ltr'><strong>nesciebat</strong></span> <span class='ocrx_word' id='word_1_572' title='bbox 1808 4507 2020 4582; x_wconf 81' lang='lat' dir='ltr'><strong>(Genes.</strong></span> 
     </span>
    </p>
   </div>
   <div class='ocr_carea' id='block_1_76' title="bbox 346 4588 2022 4677">
    <p class='ocr_par' dir='ltr' id='par_1_76' title="bbox 346 4588 2022 4677">
     <span class='ocr_line' id='line_1_76' title="bbox 346 4588 2022 4677; baseline 0.007 -31"><span class='ocrx_word' id='word_1_573' title='bbox 346 4588 356 4595; x_wconf 71' lang='grc'><strong>”</strong></span> <span class='ocrx_word' id='word_1_574' title='bbox 419 4588 632 4663; x_wconf 80' lang='lat' dir='ltr'><strong>xxvn).</strong></span> <span class='ocrx_word' id='word_1_575' title='bbox 673 4588 767 4649; x_wconf 86' lang='lat' dir='ltr'><strong>Sic</strong></span> <span class='ocrx_word' id='word_1_576' title='bbox 807 4591 1009 4667; x_wconf 86' lang='lat' dir='ltr'><strong>quippe</strong></span> <span class='ocrx_word' id='word_1_577' title='bbox 1053 4590 1424 4651; x_wconf 85' lang='lat' dir='ltr'><strong>Israelitarum</strong></span> <span class='ocrx_word' id='word_1_578' title='bbox 1454 4592 1701 4677; x_wconf 21' lang='lat' dir='ltr'><strong>“populus</strong></span> <span class='ocrx_word' id='word_1_579' title='bbox 1746 4594 1876 4667; x_wconf 90' lang='lat' dir='ltr'><strong>fuit,</strong></span> <span class='ocrx_word' id='word_1_580' title='bbox 1923 4599 2022 4674; x_wconf 87' lang='lat' dir='ltr'><strong>qui</strong></span> 
     </span>
    </p>
   </div>
   <div class='ocr_carea' id='block_1_77' title="bbox 417 4677 2021 4757">
    <p class='ocr_par' dir='ltr' id='par_1_77' title="bbox 417 4677 2021 4757">
     <span class='ocr_line' id='line_1_77' title="bbox 417 4677 2021 4757; baseline 0.005 -21"><span class='ocrx_word' id='word_1_581' title='bbox 417 4677 723 4755; x_wconf 68' lang='lat' dir='ltr'><strong>prophetia:</strong></span> <span class='ocrx_word' id='word_1_582' title='bbox 771 4680 1037 4757; x_wconf 83' lang='lat' dir='ltr'><strong>mysteria</strong></span> <span class='ocrx_word' id='word_1_583' title='bbox 1083 4681 1316 4755; x_wconf 89' lang='lat' dir='ltr'><strong>accepit,</strong></span> <span class='ocrx_word' id='word_1_584' title='bbox 1369 4680 1468 4743; x_wconf 85' lang='lat' dir='ltr'><strong>sed</strong></span> <span class='ocrx_word' id='word_1_585' title='bbox 1512 4691 1697 4743; x_wconf 82' lang='lat' dir='ltr'><strong>tamen</strong></span> <span class='ocrx_word' id='word_1_586' title='bbox 1741 4702 1913 4742; x_wconf 82' lang='lat' dir='ltr'><strong>caecos</strong></span> <span class='ocrx_word' id='word_1_587' title='bbox 1960 4686 2021 4745; x_wconf 91' lang='lat' dir='ltr'><strong>in</strong></span> 
     </span>
    </p>
   </div>
   <div class='ocr_carea' id='block_1_78' title="bbox 415 4769 2022 4848">
    <p class='ocr_par' dir='ltr' id='par_1_78' title="bbox 415 4769 2022 4848">
     <span class='ocr_line' id='line_1_78' title="bbox 415 4769 2022 4848; baseline 0.002 -19"><span class='ocrx_word' id='word_1_588' title='bbox 415 4769 882 4845; x_wconf 84' lang='lat' dir='ltr'><strong>contemplatione</strong></span> <span class='ocrx_word' id='word_1_589' title='bbox 911 4771 1104 4829; x_wconf 91' lang='lat' dir='ltr'><strong>oculos</strong></span> <span class='ocrx_word' id='word_1_590' title='bbox 1131 4772 1156 4806; x_wconf 79' lang='grc'><strong>⁴</strong></span> <span class='ocrx_word' id='word_1_591' title='bbox 1187 4770 1404 4843; x_wconf 86' lang='lat' dir='ltr'><strong>habuit,</strong></span> <span class='ocrx_word' id='word_1_592' title='bbox 1452 4771 1584 4847; x_wconf 89' lang='lat' dir='ltr'><strong>quia</strong></span> <span class='ocrx_word' id='word_1_593' title='bbox 1610 4789 1737 4833; x_wconf 91' lang='lat' dir='ltr'><strong>eum</strong></span> <span class='ocrx_word' id='word_1_594' title='bbox 1767 4790 2022 4848; x_wconf 82' lang='lat' dir='ltr'><strong>praesen-</strong></span> 
     </span>
    </p>
   </div>
   <div class='ocr_carea' id='block_1_79' title="bbox 413 4857 2023 4937">
    <p class='ocr_par' dir='ltr' id='par_1_79' title="bbox 413 4857 2023 4937">
     <span class='ocr_line' id='line_1_79' title="bbox 413 4857 2023 4937; baseline 0.004 -24"><span class='ocrx_word' id='word_1_595' title='bbox 413 4865 528 4914; x_wconf 90' lang='lat' dir='ltr'><strong>tem</strong></span> <span class='ocrx_word' id='word_1_596' title='bbox 562 4874 675 4914; x_wconf 92' lang='lat' dir='ltr'><strong>non</strong></span> <span class='ocrx_word' id='word_1_597' title='bbox 703 4857 870 4926; x_wconf 85' lang='lat' dir='ltr'><strong>vidit,</strong></span> <span class='ocrx_word' id='word_1_598' title='bbox 898 4857 967 4916; x_wconf 87' lang='lat' dir='ltr'><strong>de</strong></span> <span class='ocrx_word' id='word_1_599' title='bbox 1002 4874 1114 4937; x_wconf 84' lang='lat' dir='ltr'><strong>quo</strong></span> <span class='ocrx_word' id='word_1_600' title='bbox 1145 4866 1262 4918; x_wconf 84' lang='lat' dir='ltr'><strong>tam</strong></span> <span class='ocrx_word' id='word_1_601' title='bbox 1290 4860 1469 4919; x_wconf 86' lang='lat' dir='ltr'><strong>multa</strong></span> <span class='ocrx_word' id='word_1_602' title='bbox 1494 4859 1555 4919; x_wconf 86' lang='lat' dir='ltr'><strong>in</strong></span> <span class='ocrx_word' id='word_1_603' title='bbox 1590 4859 1780 4919; x_wconf 88' lang='lat' dir='ltr'><strong>futuro</strong></span> <span class='ocrx_word' id='word_1_604' title='bbox 1809 4861 2023 4935; x_wconf 71' lang='lat' dir='ltr'><strong>praevi-</strong></span> 
     </span>
    </p>
   </div>
   <div class='ocr_carea' id='block_1_80' title="bbox 412 4945 2022 5023">
    <p class='ocr_par' dir='ltr' id='par_1_80' title="bbox 412 4945 2022 5023">
     <span class='ocr_line' id='line_1_80' title="bbox 412 4945 2022 5023; baseline 0.001 -16"><span class='ocrx_word' id='word_1_605' title='bbox 412 4945 516 5007; x_wconf 87' lang='lat' dir='ltr'><strong>dit.</strong></span> <span class='ocrx_word' id='word_1_606' title='bbox 547 4947 695 5005; x_wconf 85' lang='lat' dir='ltr'><strong>Ante</strong></span> <span class='ocrx_word' id='word_1_607' title='bbox 723 4963 780 5006; x_wconf 91' lang='lat' dir='ltr'><strong>se</strong></span> <span class='ocrx_word' id='word_1_608' title='bbox 809 4947 958 5007; x_wconf 89' lang='lat' dir='ltr'><strong>enim</strong></span> <span class='ocrx_word' id='word_1_609' title='bbox 981 4947 1223 5023; x_wconf 89' lang='lat' dir='ltr'><strong>positum</strong></span> <span class='ocrx_word' id='word_1_610' title='bbox 1262 4962 1611 5023; x_wconf 87' lang='lat' dir='ltr'><strong>nequaquam</strong></span> <span class='ocrx_word' id='word_1_611' title='bbox 1651 4964 1872 5006; x_wconf 88' lang='lat' dir='ltr'><strong>cernere</strong></span> <span class='ocrx_word' id='word_1_612' title='bbox 1913 4966 2022 5011; x_wconf 86' lang='lat' dir='ltr'><strong>va-</strong></span> 
     </span>
    </p>
   </div>
   <div class='ocr_carea' id='block_1_81' title="bbox 413 5034 2015 5112">
    <p class='ocr_par' dir='ltr' id='par_1_81' title="bbox 413 5034 2015 5112">
     <span class='ocr_line' id='line_1_81' title="bbox 413 5034 2015 5112; baseline 0.004 -19"><span class='ocrx_word' id='word_1_613' title='bbox 413 5035 542 5106; x_wconf 81' lang='lat' dir='ltr'><strong>luit,</strong></span> <span class='ocrx_word' id='word_1_614' title='bbox 562 5035 725 5109; x_wconf 87' lang='lat' dir='ltr'><strong>cujus</strong></span> <span class='ocrx_word' id='word_1_615' title='bbox 743 5034 1016 5097; x_wconf 87' lang='lat' dir='ltr'><strong>adventus</strong></span> <span class='ocrx_word' id='word_1_616' title='bbox 1043 5038 1345 5112; x_wconf 89' lang='lat' dir='ltr'><strong>potentiam</strong></span> <span class='ocrx_word' id='word_1_617' title='bbox 1376 5035 1539 5112; x_wconf 89' lang='lat' dir='ltr'><strong>longe</strong></span> <span class='ocrx_word' id='word_1_618' title='bbox 1561 5044 1689 5094; x_wconf 89' lang='lat' dir='ltr'><strong>ante</strong></span> <span class='ocrx_word' id='word_1_619' title='bbox 1716 5039 2015 5098; x_wconf 89' lang='lat' dir='ltr'><strong>nuntiavit.</strong></span> 
     </span>
    </p>
   </div>
   <div class='ocr_carea' id='block_1_82' title="bbox 411 5123 2018 5205">
    <p class='ocr_par' dir='ltr' id='par_1_82' title="bbox 411 5123 2018 5205">
     <span class='ocr_line' id='line_1_82' title="bbox 411 5123 2018 5205; baseline 0.004 -24"><span class='ocrx_word' id='word_1_620' title='bbox 411 5123 518 5182; x_wconf 90' lang='lat' dir='ltr'><strong>Sed</strong></span> <span class='ocrx_word' id='word_1_621' title='bbox 537 5141 665 5186; x_wconf 84' lang='lat' dir='ltr'><strong>ecce</strong></span> <span class='ocrx_word' id='word_1_622' title='bbox 693 5125 753 5187; x_wconf 86' lang='lat' dir='ltr'><strong>in</strong></span> <span class='ocrx_word' id='word_1_623' title='bbox 781 5126 894 5189; x_wconf 81' lang='lat' dir='ltr'><strong>ﬁne</strong></span> <span class='ocrx_word' id='word_1_624' title='bbox 920 5124 1122 5187; x_wconf 85' lang='lat' dir='ltr'><strong>mundi</strong></span> <span class='ocrx_word' id='word_1_625' title='bbox 1151 5124 1408 5196; x_wconf 90' lang='lat' dir='ltr'><strong>veniunt,</strong></span> <span class='ocrx_word' id='word_1_626' title='bbox 1429 5135 1485 5185; x_wconf 91' lang='lat' dir='ltr'><strong>et</strong></span> <span class='ocrx_word' id='word_1_627' title='bbox 1510 5142 1639 5183; x_wconf 89' lang='lat' dir='ltr'><strong>eum</strong></span> <span class='ocrx_word' id='word_1_628' title='bbox 1670 5143 1834 5205; x_wconf 87' lang='lat' dir='ltr'><strong>quem</strong></span> <span class='ocrx_word' id='word_1_629' title='bbox 1861 5129 2018 5203; x_wconf 88' lang='lat' dir='ltr'><strong>prius</strong></span> 
     </span>
    </p>
   </div>
   <div class='ocr_carea' id='block_1_83' title="bbox 412 5210 2013 5291">
    <p class='ocr_par' dir='ltr' id='par_1_83' title="bbox 412 5210 2013 5291">
     <span class='ocr_line' id='line_1_83' title="bbox 412 5210 2013 5291; baseline 0.005 -23"><span class='ocrx_word' id='word_1_630' title='bbox 412 5222 688 5273; x_wconf 86' lang='lat' dir='ltr'><strong>noverant</strong></span> <span class='ocrx_word' id='word_1_631' title='bbox 708 5225 1134 5289; x_wconf 81' lang='lat' dir='ltr'><strong>recognoscant.</strong></span> <span class='ocrx_word' id='word_1_632' title='bbox 1165 5212 1308 5273; x_wconf 87' lang='lat' dir='ltr'><strong>Ecce</strong></span> <span class='ocrx_word' id='word_1_633' title='bbox 1345 5214 1406 5275; x_wconf 89' lang='lat' dir='ltr'><strong>in</strong></span> <span class='ocrx_word' id='word_1_634' title='bbox 1454 5210 1620 5272; x_wconf 88' lang='lat' dir='ltr'><strong>domo</strong></span> <span class='ocrx_word' id='word_1_635' title='bbox 1656 5213 1776 5289; x_wconf 88' lang='lat' dir='ltr'><strong>ejus</strong></span> <span class='ocrx_word' id='word_1_636' title='bbox 1817 5233 2013 5291; x_wconf 88' lang='lat' dir='ltr'><strong>panem</strong></span> 
     </span>
    </p>
   </div>
   <div class='ocr_carea' id='block_1_84' title="bbox 409 5300 2016 5381">
    <p class='ocr_par' dir='ltr' id='par_1_84' title="bbox 409 5300 2016 5381">
     <span class='ocr_line' id='line_1_84' title="bbox 409 5300 2016 5381; baseline 0.002 -23"><span class='ocrx_word' id='word_1_637' title='bbox 409 5300 757 5373; x_wconf 82' lang='lat' dir='ltr'><strong>comedunt;</strong></span> <span class='ocrx_word' id='word_1_638' title='bbox 806 5304 938 5378; x_wconf 88' lang='lat' dir='ltr'><strong>quia</strong></span> <span class='ocrx_word' id='word_1_639' title='bbox 982 5303 1044 5361; x_wconf 88' lang='lat' dir='ltr'><strong>in</strong></span> <span class='ocrx_word' id='word_1_640' title='bbox 1084 5312 1274 5362; x_wconf 83' lang='lat' dir='ltr'><strong>sancta</strong></span> <span class='ocrx_word' id='word_1_641' title='bbox 1315 5302 1565 5363; x_wconf 89' lang='lat' dir='ltr'><strong>Ecclesia</strong></span> <span class='ocrx_word' id='word_1_642' title='bbox 1611 5304 1754 5361; x_wconf 88' lang='lat' dir='ltr'><strong>sacri</strong></span> <span class='ocrx_word' id='word_1_643' title='bbox 1808 5304 2016 5381; x_wconf 90' lang='lat' dir='ltr'><strong>eloquii</strong></span> 
     </span>
    </p>
   </div>
   <div class='ocr_carea' id='block_1_85' title="bbox 410 5387 2017 5470">
    <p class='ocr_par' dir='ltr' id='par_1_85' title="bbox 410 5387 2017 5470">
     <span class='ocr_line' id='line_1_85' title="bbox 410 5387 2017 5470; baseline 0.003 -22"><span class='ocrx_word' id='word_1_644' title='bbox 410 5387 568 5465; x_wconf 80' lang='lat' dir='ltr'><strong>fruge</strong></span> <span class='ocrx_word' id='word_1_645' title='bbox 602 5398 923 5465; x_wconf 82' lang='lat' dir='ltr'><strong>pascuntur,</strong></span> <span class='ocrx_word' id='word_1_646' title='bbox 953 5390 976 5428; x_wconf 82' lang='grc'><strong><em>⁸</em></strong></span> <span class='ocrx_word' id='word_1_647' title='bbox 1023 5399 1080 5453; x_wconf 88' lang='lat' dir='ltr'><strong>et</strong></span> <span class='ocrx_word' id='word_1_648' title='bbox 1124 5407 1347 5453; x_wconf 88' lang='lat' dir='ltr'><strong>omnem</strong></span> <span class='ocrx_word' id='word_1_649' title='bbox 1375 5391 1859 5452; x_wconf 87' lang='lat' dir='ltr'><strong>insensibilitatem</strong></span> <span class='ocrx_word' id='word_1_650' title='bbox 1890 5395 2017 5470; x_wconf 90' lang='lat' dir='ltr'><strong>pri-</strong></span> 
     </span>
    </p>
   </div>
   <div class='ocr_carea' id='block_1_86' title="bbox 484 5610 1443 5685">
    <p class='ocr_par' dir='ltr' id='par_1_86' title="bbox 484 5610 1443 5685">
     <span class='ocr_line' id='line_1_86' title="bbox 484 5610 1443 5685; baseline 0.008 -20"><span class='ocrx_word' id='word_1_651' title='bbox 484 5614 502 5685; x_wconf 55' lang='lat'><strong>!</strong></span> <span class='ocrx_word' id='word_1_652' title='bbox 533 5610 793 5685; x_wconf 62' lang='lat' dir='ltr'><strong>Longip.,</strong></span> <span class='ocrx_word' id='word_1_653' title='bbox 818 5613 918 5685; x_wconf 59' lang='lat' dir='ltr'><strong>qui</strong></span> <span class='ocrx_word' id='word_1_654' title='bbox 934 5613 1074 5685; x_wconf 43' lang='grc' dir='ltr'><strong>εἰς..</strong></span> <span class='ocrx_word' id='word_1_655' title='bbox 1103 5615 1274 5685; x_wconf 76' lang='lat' dir='ltr'><strong>juncti</strong></span> <span class='ocrx_word' id='word_1_656' title='bbox 1299 5624 1443 5674; x_wconf 79' lang='lat' dir='ltr'><strong>sunt.</strong></span> 
     </span>
    </p>
   </div>
   <div class='ocr_carea' id='block_1_87' title="bbox 482 5682 1622 5765">
    <p class='ocr_par' dir='ltr' id='par_1_87' title="bbox 482 5682 1622 5765">
     <span class='ocr_line' id='line_1_87' title="bbox 482 5682 1622 5765; baseline 0.006 -29"><span class='ocrx_word' id='word_1_657' title='bbox 482 5682 506 5765; x_wconf 66' lang='grc' dir='ltr'><strong>ξ</strong></span> <span class='ocrx_word' id='word_1_658' title='bbox 532 5682 721 5765; x_wconf 44' lang='grc' dir='ltr'><strong>[λειω.</strong></span> <span class='ocrx_word' id='word_1_659' title='bbox 733 5689 792 5737; x_wconf 86' lang='lat' dir='ltr'><strong>et</strong></span> <span class='ocrx_word' id='word_1_660' title='bbox 803 5682 943 5765; x_wconf 55' lang='lat' dir='ltr'><strong>yal.</strong></span> <span class='ocrx_word' id='word_1_661' title='bbox 963 5684 1088 5765; x_wconf 36' lang='grc' dir='ltr'><strong>,(ΞΙ.ζ</strong></span> <span class='ocrx_word' id='word_1_662' title='bbox 1105 5682 1622 5765; x_wconf 39' lang='grc' dir='ltr'><strong>’ρενκοορπαιίρῖιςῃιε</strong></span> 
     </span>
    </p>
   </div>
   <div class='ocr_carea' id='block_1_88' title="bbox 481 5751 2018 5881">
    <p class='ocr_par' dir='ltr' id='par_1_88' title="bbox 481 5751 2018 5881">
     <span class='ocr_line' id='line_1_88' title="bbox 481 5751 2018 5881; baseline 0.02 -74"><span class='ocrx_word' id='word_1_663' title='bbox 481 5754 774 5881; x_wconf 51' lang='lat' dir='ltr'><strong>:ﬁ‘Gemet&quot;</strong></span> <span class='ocrx_word' id='word_1_664' title='bbox 801 5751 1029 5824; x_wconf 87' lang='lat' dir='ltr'><strong>Pratel.,</strong></span> <span class='ocrx_word' id='word_1_665' title='bbox 1056 5751 1168 5813; x_wconf 76' lang='lat' dir='ltr'><strong>duo</strong></span> <span class='ocrx_word' id='word_1_666' title='bbox 1201 5751 1411 5829; x_wconf 73' lang='lat' dir='ltr'><strong>Gef&#39;m.,</strong></span> <span class='ocrx_word' id='word_1_667' title='bbox 1442 5757 1574 5823; x_wconf 81' lang='lat' dir='ltr'><strong>Val.</strong></span> <span class='ocrx_word' id='word_1_668' title='bbox 1605 5758 1715 5833; x_wconf 75' lang='lat' dir='ltr'><strong>CL,</strong></span> <span class='ocrx_word' id='word_1_669' title='bbox 1759 5762 2018 5837; x_wconf 61' lang='lat' dir='ltr'><strong>tume</strong></span> 
     </span>
    </p>
   </div>
   <div class='ocr_carea' id='block_1_89' title="bbox 2139 3334 3755 3404">
    <p class='ocr_par' dir='ltr' id='par_1_89' title="bbox 2139 3334 3755 3404">
     <span class='ocr_line' id='line_1_89' title="bbox 2139 3334 3755 3404; baseline 0 -12"><span class='ocrx_word' id='word_1_670' title='bbox 2139 3335 2481 3393; x_wconf 88' lang='lat' dir='ltr'><strong>ostendenda</strong></span> <span class='ocrx_word' id='word_1_671' title='bbox 2506 3334 2739 3392; x_wconf 87' lang='lat' dir='ltr'><strong>veritate</strong></span> <span class='ocrx_word' id='word_1_672' title='bbox 2760 3351 2996 3404; x_wconf 88' lang='lat' dir='ltr'><strong>sumere,</strong></span> <span class='ocrx_word' id='word_1_673' title='bbox 3029 3334 3125 3392; x_wconf 87' lang='lat' dir='ltr'><strong>sed</strong></span> <span class='ocrx_word' id='word_1_674' title='bbox 3152 3335 3373 3393; x_wconf 90' lang='lat' dir='ltr'><strong>nullum</strong></span> <span class='ocrx_word' id='word_1_675' title='bbox 3400 3334 3469 3391; x_wconf 91' lang='lat' dir='ltr'><strong>de</strong></span> <span class='ocrx_word' id='word_1_676' title='bbox 3497 3351 3755 3393; x_wconf 89' lang='lat' dir='ltr'><strong>conver-</strong></span> 
     </span>
    </p>
   </div>
   <div class='ocr_carea' id='block_1_90' title="bbox 2138 3424 3758 3485">
    <p class='ocr_par' dir='ltr' id='par_1_90' title="bbox 2138 3424 3758 3485">
     <span class='ocr_line' id='line_1_90' title="bbox 2138 3424 3758 3485; baseline 0.001 -2"><span class='ocrx_word' id='word_1_677' title='bbox 2138 3427 2295 3485; x_wconf 89' lang='lat' dir='ltr'><strong>sione</strong></span> <span class='ocrx_word' id='word_1_678' title='bbox 2327 3424 2675 3483; x_wconf 90' lang='lat' dir='ltr'><strong>audientium</strong></span> <span class='ocrx_word' id='word_1_679' title='bbox 2693 3425 2940 3485; x_wconf 87' lang='lat' dir='ltr'><strong>fructum</strong></span> <span class='ocrx_word' id='word_1_680' title='bbox 2969 3425 3174 3483; x_wconf 89' lang='lat' dir='ltr'><strong>laboris</strong></span> <span class='ocrx_word' id='word_1_681' title='bbox 3204 3425 3502 3482; x_wconf 73' lang='lat' dir='ltr'><strong>invenire?</strong></span> <span class='ocrx_word' id='word_1_682' title='bbox 3530 3427 3607 3482; x_wconf 83' lang='lat' dir='ltr'><strong>At</strong></span> <span class='ocrx_word' id='word_1_683' title='bbox 3617 3443 3758 3485; x_wconf 85' lang='lat' dir='ltr'><strong>con-</strong></span> 
     </span>
    </p>
   </div>
   <div class='ocr_carea' id='block_1_91' title="bbox 2137 3513 3758 3588">
    <p class='ocr_par' dir='ltr' id='par_1_91' title="bbox 2137 3513 3758 3588">
     <span class='ocr_line' id='line_1_91' title="bbox 2137 3513 3758 3588; baseline 0.003 -18"><span class='ocrx_word' id='word_1_684' title='bbox 2137 3522 2244 3585; x_wconf 89' lang='lat' dir='ltr'><strong>tra,</strong></span> <span class='ocrx_word' id='word_1_685' title='bbox 2270 3529 2468 3588; x_wconf 87' lang='lat' dir='ltr'><strong>magna</strong></span> <span class='ocrx_word' id='word_1_686' title='bbox 2495 3514 2923 3586; x_wconf 75' lang='lat' dir='ltr'><strong>praedicatorum</strong></span> <span class='ocrx_word' id='word_1_687' title='bbox 2952 3513 3258 3572; x_wconf 89' lang='lat' dir='ltr'><strong>consolatio</strong></span> <span class='ocrx_word' id='word_1_688' title='bbox 3292 3521 3376 3571; x_wconf 89' lang='lat' dir='ltr'><strong>est</strong></span> <span class='ocrx_word' id='word_1_689' title='bbox 3405 3513 3758 3588; x_wconf 83' lang='lat' dir='ltr'><strong>subsequens</strong></span> 
     </span>
    </p>
   </div>
   <div class='ocr_carea' id='block_1_92' title="bbox 2138 3602 3759 3681">
    <p class='ocr_par' dir='ltr' id='par_1_92' title="bbox 2138 3602 3759 3681">
     <span class='ocr_line' id='line_1_92' title="bbox 2138 3602 3759 3681; baseline 0.004 -23"><span class='ocrx_word' id='word_1_690' title='bbox 2138 3602 2420 3674; x_wconf 85' lang='lat' dir='ltr'><strong>profectus</strong></span> <span class='ocrx_word' id='word_1_691' title='bbox 2450 3602 2787 3661; x_wconf 86' lang='lat' dir='ltr'><strong>auditorum.</strong></span> <span class='ocrx_word' id='word_1_692' title='bbox 2816 3603 3101 3661; x_wconf 82' lang='lat' dir='ltr'><strong>Revelatio</strong></span> <span class='ocrx_word' id='word_1_693' title='bbox 3129 3602 3333 3681; x_wconf 89' lang='lat' dir='ltr'><strong>quippe</strong></span> <span class='ocrx_word' id='word_1_694' title='bbox 3361 3602 3616 3663; x_wconf 88' lang='lat' dir='ltr'><strong>docentis</strong></span> <span class='ocrx_word' id='word_1_695' title='bbox 3665 3614 3759 3665; x_wconf 85' lang='lat' dir='ltr'><strong>est</strong></span> 
     </span>
    </p>
   </div>
   <div class='ocr_carea' id='block_1_93' title="bbox 2138 3691 3755 3769">
    <p class='ocr_par' dir='ltr' id='par_1_93' title="bbox 2138 3691 3755 3769">
     <span class='ocr_line' id='line_1_93' title="bbox 2138 3691 3755 3769; baseline 0.003 -21"><span class='ocrx_word' id='word_1_696' title='bbox 2138 3691 2452 3750; x_wconf 87' lang='lat' dir='ltr'><strong>immutatio</strong></span> <span class='ocrx_word' id='word_1_697' title='bbox 2481 3692 2840 3766; x_wconf 90' lang='lat' dir='ltr'><strong>proﬁcientis.</strong></span> <span class='ocrx_word' id='word_1_698' title='bbox 2878 3694 2952 3751; x_wconf 89' lang='lat' dir='ltr'><strong>Et</strong></span> <span class='ocrx_word' id='word_1_699' title='bbox 3005 3693 3314 3753; x_wconf 87' lang='lat' dir='ltr'><strong>notandum</strong></span> <span class='ocrx_word' id='word_1_700' title='bbox 3362 3693 3512 3769; x_wconf 87' lang='lat' dir='ltr'><strong>quod</strong></span> <span class='ocrx_word' id='word_1_701' title='bbox 3550 3695 3615 3753; x_wconf 91' lang='lat' dir='ltr'><strong>in</strong></span> <span class='ocrx_word' id='word_1_702' title='bbox 3644 3694 3755 3752; x_wconf 85' lang='lat' dir='ltr'><strong>ﬂa-</strong></span> 
     </span>
    </p>
   </div>
   <div class='ocr_carea' id='block_1_94' title="bbox 2139 3783 3753 3857">
    <p class='ocr_par' dir='ltr' id='par_1_94' title="bbox 2139 3783 3753 3857">
     <span class='ocr_line' id='line_1_94' title="bbox 2139 3783 3753 3857; baseline 0.002 -18"><span class='ocrx_word' id='word_1_703' title='bbox 2139 3783 2279 3856; x_wconf 90' lang='lat' dir='ltr'><strong>gello</strong></span> <span class='ocrx_word' id='word_1_704' title='bbox 2308 3783 2551 3857; x_wconf 88' lang='lat' dir='ltr'><strong>positum</strong></span> <span class='ocrx_word' id='word_1_705' title='bbox 2579 3784 2853 3842; x_wconf 87' lang='lat' dir='ltr'><strong>consolari</strong></span> <span class='ocrx_word' id='word_1_706' title='bbox 2874 3784 3196 3855; x_wconf 89' lang='lat' dir='ltr'><strong>noluerunt,</strong></span> <span class='ocrx_word' id='word_1_707' title='bbox 3226 3785 3323 3843; x_wconf 91' lang='lat' dir='ltr'><strong>sed</strong></span> <span class='ocrx_word' id='word_1_708' title='bbox 3352 3785 3422 3843; x_wconf 89' lang='lat' dir='ltr'><strong>ad</strong></span> <span class='ocrx_word' id='word_1_709' title='bbox 3449 3786 3753 3843; x_wconf 85' lang='lat' dir='ltr'><strong>consolan-</strong></span> 
     </span>
    </p>
   </div>
   <div class='ocr_carea' id='block_1_95' title="bbox 2137 3872 3757 3953">
    <p class='ocr_par' dir='ltr' id='par_1_95' title="bbox 2137 3872 3757 3953">
     <span class='ocr_line' id='line_1_95' title="bbox 2137 3872 3757 3953; baseline 0.003 -23"><span class='ocrx_word' id='word_1_710' title='bbox 2137 3872 2271 3931; x_wconf 90' lang='lat' dir='ltr'><strong>dum</strong></span> <span class='ocrx_word' id='word_1_711' title='bbox 2298 3889 2425 3930; x_wconf 90' lang='lat' dir='ltr'><strong>eum</strong></span> <span class='ocrx_word' id='word_1_712' title='bbox 2455 3882 2578 3948; x_wconf 90' lang='lat' dir='ltr'><strong>post</strong></span> <span class='ocrx_word' id='word_1_713' title='bbox 2606 3873 2883 3948; x_wconf 85' lang='lat' dir='ltr'><strong>ﬂagellum</strong></span> <span class='ocrx_word' id='word_1_714' title='bbox 2911 3875 3165 3946; x_wconf 91' lang='lat' dir='ltr'><strong>veniunt,</strong></span> <span class='ocrx_word' id='word_1_715' title='bbox 3183 3876 3315 3953; x_wconf 87' lang='lat' dir='ltr'><strong>quia</strong></span> <span class='ocrx_word' id='word_1_716' title='bbox 3335 3875 3607 3935; x_wconf 86' lang='lat' dir='ltr'><strong>nimirum</strong></span> <span class='ocrx_word' id='word_1_717' title='bbox 3627 3893 3757 3953; x_wconf 85' lang='lat' dir='ltr'><strong>pas-</strong></span> 
     </span>
    </p>
   </div>
   <div class='ocr_carea' id='block_1_96' title="bbox 2137 3962 3754 4040">
    <p class='ocr_par' dir='ltr' id='par_1_96' title="bbox 2137 3962 3754 4040">
     <span class='ocr_line' id='line_1_96' title="bbox 2137 3962 3754 4040; baseline 0.003 -20"><span class='ocrx_word' id='word_1_718' title='bbox 2137 3962 2314 4020; x_wconf 89' lang='lat' dir='ltr'><strong>sionis</strong></span> <span class='ocrx_word' id='word_1_719' title='bbox 2361 3963 2482 4036; x_wconf 88' lang='lat' dir='ltr'><strong>ejus</strong></span> <span class='ocrx_word' id='word_1_720' title='bbox 2532 3971 2780 4038; x_wconf 89' lang='lat' dir='ltr'><strong>tempore</strong></span> <span class='ocrx_word' id='word_1_721' title='bbox 2840 3964 3080 4035; x_wconf 64' lang='lat' dir='ltr'><strong>Hebraei,</strong></span> <span class='ocrx_word' id='word_1_722' title='bbox 3139 3965 3570 4040; x_wconf 69' lang='lat' dir='ltr'><strong>praedicamenta</strong></span> <span class='ocrx_word' id='word_1_723' title='bbox 3612 3965 3754 4025; x_wconf 85' lang='lat' dir='ltr'><strong>ﬁdei</strong></span> 
     </span>
    </p>
   </div>
   <div class='ocr_carea' id='block_1_97' title="bbox 2135 4052 3753 4130">
    <p class='ocr_par' dir='ltr' id='par_1_97' title="bbox 2135 4052 3753 4130">
     <span class='ocr_line' id='line_1_97' title="bbox 2135 4052 3753 4130; baseline 0.002 -20"><span class='ocrx_word' id='word_1_724' title='bbox 2135 4060 2552 4110; x_wconf 90' lang='lat' dir='ltr'><strong>contemnentes</strong></span> <span class='ocrx_word' id='word_1_725' title='bbox 2582 4068 2745 4127; x_wconf 91' lang='lat' dir='ltr'><strong>quem</strong></span> <span class='ocrx_word' id='word_1_726' title='bbox 2763 4052 3048 4113; x_wconf 88' lang='lat' dir='ltr'><strong>hominem</strong></span> <span class='ocrx_word' id='word_1_727' title='bbox 3064 4071 3135 4113; x_wconf 82' lang='lat' dir='ltr'><strong>ex</strong></span> <span class='ocrx_word' id='word_1_728' title='bbox 3164 4064 3341 4115; x_wconf 90' lang='lat' dir='ltr'><strong>morte</strong></span> <span class='ocrx_word' id='word_1_729' title='bbox 3369 4054 3753 4130; x_wconf 87' lang='lat' dir='ltr'><strong>probaverant</strong></span> 
     </span>
    </p>
   </div>
   <div class='ocr_carea' id='block_1_98' title="bbox 2134 4142 3752 4221">
    <p class='ocr_par' dir='ltr' id='par_1_98' title="bbox 2134 4142 3752 4221">
     <span class='ocr_line' id='line_1_98' title="bbox 2134 4142 3752 4221; baseline 0.004 -23"><span class='ocrx_word' id='word_1_730' title='bbox 2134 4143 2311 4199; x_wconf 90' lang='lat' dir='ltr'><strong>Deum</strong></span> <span class='ocrx_word' id='word_1_731' title='bbox 2350 4142 2571 4200; x_wconf 90' lang='lat' dir='ltr'><strong>credere</strong></span> <span class='ocrx_word' id='word_1_732' title='bbox 2617 4142 3007 4216; x_wconf 85' lang='lat' dir='ltr'><strong>despexerunt.</strong></span> <span class='ocrx_word' id='word_1_733' title='bbox 3051 4144 3206 4203; x_wconf 89' lang='lat' dir='ltr'><strong>Unde</strong></span> <span class='ocrx_word' id='word_1_734' title='bbox 3253 4161 3350 4221; x_wconf 89' lang='lat' dir='ltr'><strong>per</strong></span> <span class='ocrx_word' id='word_1_735' title='bbox 3389 4145 3752 4205; x_wconf 76' lang='lat' dir='ltr'><strong>Psalmistam</strong></span> 
     </span>
    </p>
   </div>
   <div class='ocr_carea' id='block_1_99' title="bbox 2134 4232 3753 4309">
    <p class='ocr_par' dir='ltr' id='par_1_99' title="bbox 2134 4232 3753 4309">
     <span class='ocr_line' id='line_1_99' title="bbox 2134 4232 3753 4309; baseline 0.001 -20"><span class='ocrx_word' id='word_1_736' title='bbox 2134 4232 2405 4290; x_wconf 89' lang='lat' dir='ltr'><strong>Dominus</strong></span> <span class='ocrx_word' id='word_1_737' title='bbox 2419 4232 2576 4291; x_wconf 87' lang='lat' dir='ltr'><strong>dicit:</strong></span> <span class='ocrx_word' id='word_1_738' title='bbox 2598 4233 2842 4290; x_wconf 84' lang='lat' dir='ltr'><strong>Sustinui</strong></span> <span class='ocrx_word' id='word_1_739' title='bbox 2869 4233 2962 4309; x_wconf 82' lang='lat' dir='ltr'><strong>qui</strong></span> <span class='ocrx_word' id='word_1_740' title='bbox 2990 4234 3155 4291; x_wconf 83' lang='lat' dir='ltr'><strong>simul</strong></span> <span class='ocrx_word' id='word_1_741' title='bbox 3170 4251 3369 4295; x_wconf 85' lang='lat' dir='ltr'><strong>mecum</strong></span> <span class='ocrx_word' id='word_1_742' title='bbox 3398 4235 3753 4291; x_wconf 81' lang='lat' dir='ltr'><strong>contristare-</strong></span> 
     </span>
    </p>
   </div>
   <div class='ocr_carea' id='block_1_100' title="bbox 2136 4323 3755 4401">
    <p class='ocr_par' dir='ltr' id='par_1_100' title="bbox 2136 4323 3755 4401">
     <span class='ocr_line' id='line_1_100' title="bbox 2136 4323 3755 4401; baseline 0.004 -24"><span class='ocrx_word' id='word_1_743' title='bbox 2136 4327 2244 4392; x_wconf 90' lang='lat' dir='ltr'><strong>tur,</strong></span> <span class='ocrx_word' id='word_1_744' title='bbox 2277 4329 2324 4380; x_wconf 86' lang='lat' dir='ltr'><strong>et</strong></span> <span class='ocrx_word' id='word_1_745' title='bbox 2359 4340 2470 4379; x_wconf 82' lang='lat' dir='ltr'><strong>non</strong></span> <span class='ocrx_word' id='word_1_746' title='bbox 2495 4323 2644 4396; x_wconf 85' lang='lat' dir='ltr'><strong>fuit;</strong></span> <span class='ocrx_word' id='word_1_747' title='bbox 2670 4324 3024 4380; x_wconf 74' lang='lat' dir='ltr'><strong>consulentem</strong></span> <span class='ocrx_word' id='word_1_748' title='bbox 3050 4341 3131 4381; x_wconf 83' lang='lat' dir='ltr'><strong>me</strong></span> <span class='ocrx_word' id='word_1_749' title='bbox 3169 4325 3412 4401; x_wconf 68' lang='lat' dir='ltr'><strong>quaesivi,</strong></span> <span class='ocrx_word' id='word_1_750' title='bbox 3440 4332 3490 4380; x_wconf 88' lang='lat' dir='ltr'><strong>et</strong></span> <span class='ocrx_word' id='word_1_751' title='bbox 3524 4342 3637 4381; x_wconf 84' lang='lat' dir='ltr'><strong>non</strong></span> <span class='ocrx_word' id='word_1_752' title='bbox 3662 4326 3755 4383; x_wconf 62' lang='lat' dir='ltr'><strong>iw</strong></span> 
     </span>
    </p>
   </div>
   <div class='ocr_carea' id='block_1_101' title="bbox 2132 4412 3753 4489">
    <p class='ocr_par' dir='ltr' id='par_1_101' title="bbox 2132 4412 3753 4489">
     <span class='ocr_line' id='line_1_101' title="bbox 2132 4412 3753 4489; baseline 0.002 -22"><span class='ocrx_word' id='word_1_753' title='bbox 2132 4413 2251 4469; x_wconf 84' lang='lat' dir='ltr'><strong>veni</strong></span> <span class='ocrx_word' id='word_1_754' title='bbox 2271 4413 2448 4487; x_wconf 87' lang='lat' dir='ltr'><strong>(Psal.</strong></span> <span class='ocrx_word' id='word_1_755' title='bbox 2484 4428 2684 4484; x_wconf 79' lang='lat' dir='ltr'><strong>vam,</strong></span> <span class='ocrx_word' id='word_1_756' title='bbox 2713 4412 2832 4487; x_wconf 84' lang='grc'><strong>21).</strong></span> <span class='ocrx_word' id='word_1_757' title='bbox 2864 4412 3255 4473; x_wconf 87' lang='lat' dir='ltr'><strong>Consolantem</strong></span> <span class='ocrx_word' id='word_1_758' title='bbox 3285 4413 3490 4489; x_wconf 85' lang='lat' dir='ltr'><strong>quippe</strong></span> <span class='ocrx_word' id='word_1_759' title='bbox 3521 4413 3583 4470; x_wconf 93' lang='lat' dir='ltr'><strong>in</strong></span> <span class='ocrx_word' id='word_1_760' title='bbox 3614 4430 3753 4488; x_wconf 84' lang='lat' dir='ltr'><strong>pas-</strong></span> 
     </span>
    </p>
   </div>
   <div class='ocr_carea' id='block_1_102' title="bbox 2131 4500 3753 4577">
    <p class='ocr_par' dir='ltr' id='par_1_102' title="bbox 2131 4500 3753 4577">
     <span class='ocr_line' id='line_1_102' title="bbox 2131 4500 3753 4577; baseline 0.004 -19"><span class='ocrx_word' id='word_1_761' title='bbox 2131 4501 2287 4558; x_wconf 90' lang='lat' dir='ltr'><strong>sione</strong></span> <span class='ocrx_word' id='word_1_762' title='bbox 2311 4500 2542 4559; x_wconf 85' lang='lat' dir='ltr'><strong>minime</strong></span> <span class='ocrx_word' id='word_1_763' title='bbox 2571 4501 2807 4572; x_wconf 88' lang='lat' dir='ltr'><strong>invenit,</strong></span> <span class='ocrx_word' id='word_1_764' title='bbox 2838 4503 2967 4577; x_wconf 85' lang='lat' dir='ltr'><strong>quia</strong></span> <span class='ocrx_word' id='word_1_765' title='bbox 2988 4503 3047 4560; x_wconf 93' lang='lat' dir='ltr'><strong>in</strong></span> <span class='ocrx_word' id='word_1_766' title='bbox 3067 4503 3331 4577; x_wconf 89' lang='lat' dir='ltr'><strong>despectu</strong></span> <span class='ocrx_word' id='word_1_767' title='bbox 3343 4501 3542 4561; x_wconf 87' lang='lat' dir='ltr'><strong>mortis</strong></span> <span class='ocrx_word' id='word_1_768' title='bbox 3566 4503 3753 4565; x_wconf 80' lang='lat' dir='ltr'><strong>etiam</strong></span> 
     </span>
    </p>
   </div>
   <div class='ocr_carea' id='block_1_103' title="bbox 2133 4590 3747 4667">
    <p class='ocr_par' dir='ltr' id='par_1_103' title="bbox 2133 4590 3747 4667">
     <span class='ocr_line' id='line_1_103' title="bbox 2133 4590 3747 4667; baseline 0.005 -21"><span class='ocrx_word' id='word_1_769' title='bbox 2133 4590 2280 4664; x_wconf 90' lang='lat' dir='ltr'><strong>ipsos</strong></span> <span class='ocrx_word' id='word_1_770' title='bbox 2305 4591 2490 4648; x_wconf 90' lang='lat' dir='ltr'><strong>hostes</strong></span> <span class='ocrx_word' id='word_1_771' title='bbox 2523 4593 2771 4666; x_wconf 90' lang='lat' dir='ltr'><strong>pertulit,</strong></span> <span class='ocrx_word' id='word_1_772' title='bbox 2801 4610 2900 4667; x_wconf 89' lang='lat' dir='ltr'><strong>pro</strong></span> <span class='ocrx_word' id='word_1_773' title='bbox 2930 4592 3131 4667; x_wconf 87' lang='lat' dir='ltr'><strong>quibus</strong></span> <span class='ocrx_word' id='word_1_774' title='bbox 3170 4592 3242 4651; x_wconf 90' lang='lat' dir='ltr'><strong>ad</strong></span> <span class='ocrx_word' id='word_1_775' title='bbox 3286 4602 3523 4651; x_wconf 90' lang='lat' dir='ltr'><strong>mortem</strong></span> <span class='ocrx_word' id='word_1_776' title='bbox 3560 4597 3747 4655; x_wconf 88' lang='lat' dir='ltr'><strong>venit.</strong></span> 
     </span>
    </p>
   </div>
   <div class='ocr_carea' id='block_1_104' title="bbox 2054 4655 3750 4757">
    <p class='ocr_par' dir='ltr' id='par_1_104' title="bbox 2054 4655 3750 4757">
     <span class='ocr_line' id='line_1_104' title="bbox 2054 4655 3750 4757; baseline 0.005 -22"><span class='ocrx_word' id='word_1_777' title='bbox 2054 4655 2104 4714; x_wconf 82' lang='lat' dir='ltr'><strong>D</strong></span> <span class='ocrx_word' id='word_1_778' title='bbox 2132 4655 2262 4737; x_wconf 51' lang='lat' dir='ltr'><strong>[lost</strong></span> <span class='ocrx_word' id='word_1_779' title='bbox 2297 4655 2668 4754; x_wconf 61' lang='lat' dir='ltr'><strong>ﬂagellaergo</strong></span> <span class='ocrx_word' id='word_1_780' title='bbox 2707 4655 3007 4757; x_wconf 71' lang='lat' dir='ltr'><strong>propinqui</strong></span> <span class='ocrx_word' id='word_1_781' title='bbox 3051 4681 3124 4738; x_wconf 90' lang='lat' dir='ltr'><strong>ad</strong></span> <span class='ocrx_word' id='word_1_782' title='bbox 3169 4682 3617 4743; x_wconf 87' lang='lat' dir='ltr'><strong>consolationem</strong></span> <span class='ocrx_word' id='word_1_783' title='bbox 3649 4702 3750 4744; x_wconf 81' lang='lat' dir='ltr'><strong>ve-</strong></span> 
     </span>
    </p>
   </div>
   <div class='ocr_carea' id='block_1_105' title="bbox 2130 4768 3750 4851">
    <p class='ocr_par' dir='ltr' id='par_1_105' title="bbox 2130 4768 3750 4851">
     <span class='ocr_line' id='line_1_105' title="bbox 2130 4768 3750 4851; baseline 0.004 -26"><span class='ocrx_word' id='word_1_784' title='bbox 2130 4768 2317 4839; x_wconf 88' lang='lat' dir='ltr'><strong>niunt,</strong></span> <span class='ocrx_word' id='word_1_785' title='bbox 2346 4770 2477 4844; x_wconf 88' lang='lat' dir='ltr'><strong>quia</strong></span> <span class='ocrx_word' id='word_1_786' title='bbox 2503 4769 2562 4827; x_wconf 92' lang='lat' dir='ltr'><strong>in</strong></span> <span class='ocrx_word' id='word_1_787' title='bbox 2590 4770 2855 4828; x_wconf 90' lang='lat' dir='ltr'><strong>membris</strong></span> <span class='ocrx_word' id='word_1_788' title='bbox 2883 4773 2999 4830; x_wconf 91' lang='lat' dir='ltr'><strong>suis</strong></span> <span class='ocrx_word' id='word_1_789' title='bbox 3027 4788 3177 4830; x_wconf 90' lang='lat' dir='ltr'><strong>nunc</strong></span> <span class='ocrx_word' id='word_1_790' title='bbox 3204 4789 3424 4851; x_wconf 88' lang='lat' dir='ltr'><strong>quoque</strong></span> <span class='ocrx_word' id='word_1_791' title='bbox 3460 4775 3750 4835; x_wconf 85' lang='lat' dir='ltr'><strong>Dominus</strong></span> 
     </span>
    </p>
   </div>
   <div class='ocr_carea' id='block_1_106' title="bbox 2129 4858 3749 4935">
    <p class='ocr_par' dir='ltr' id='par_1_106' title="bbox 2129 4858 3749 4935">
     <span class='ocr_line' id='line_1_106' title="bbox 2129 4858 3749 4935; baseline 0.006 -21"><span class='ocrx_word' id='word_1_792' title='bbox 2129 4858 2375 4931; x_wconf 88' lang='lat' dir='ltr'><strong>patitur;</strong></span> <span class='ocrx_word' id='word_1_793' title='bbox 2408 4859 2504 4916; x_wconf 90' lang='lat' dir='ltr'><strong>sed</strong></span> <span class='ocrx_word' id='word_1_794' title='bbox 2530 4867 2779 4918; x_wconf 81' lang='lat' dir='ltr'><strong>extremo</strong></span> <span class='ocrx_word' id='word_1_795' title='bbox 2822 4868 3066 4935; x_wconf 87' lang='lat' dir='ltr'><strong>tempore</strong></span> <span class='ocrx_word' id='word_1_796' title='bbox 3111 4862 3373 4920; x_wconf 58' lang='lat' dir='ltr'><strong>Israelita:</strong></span> <span class='ocrx_word' id='word_1_797' title='bbox 3420 4878 3620 4921; x_wconf 87' lang='lat' dir='ltr'><strong>omnes</strong></span> <span class='ocrx_word' id='word_1_798' title='bbox 3669 4864 3749 4923; x_wconf 84' lang='lat' dir='ltr'><strong>ad</strong></span> 
     </span>
    </p>
   </div>
   <div class='ocr_carea' id='block_1_107' title="bbox 2129 4945 3748 5028">
    <p class='ocr_par' dir='ltr' id='par_1_107' title="bbox 2129 4945 3748 5028">
     <span class='ocr_line' id='line_1_107' title="bbox 2129 4945 3748 5028; baseline 0.004 -25"><span class='ocrx_word' id='word_1_799' title='bbox 2129 4945 2318 5018; x_wconf 87' lang='lat' dir='ltr'><strong>ﬁdem,</strong></span> <span class='ocrx_word' id='word_1_800' title='bbox 2348 4949 2569 5022; x_wconf 88' lang='lat' dir='ltr'><strong>cognita</strong></span> <span class='ocrx_word' id='word_1_801' title='bbox 2595 4950 2732 5006; x_wconf 70' lang='lat' dir='ltr'><strong>Eliaa</strong></span> <span class='ocrx_word' id='word_1_802' title='bbox 2753 4950 3165 5024; x_wconf 86' lang='lat' dir='ltr'><strong>praedicatione,</strong></span> <span class='ocrx_word' id='word_1_803' title='bbox 3187 4960 3553 5022; x_wconf 87' lang='lat' dir='ltr'><strong>concurrunt,</strong></span> <span class='ocrx_word' id='word_1_804' title='bbox 3572 4961 3748 5028; x_wconf 87' lang='lat' dir='ltr'><strong>atque</strong></span> 
     </span>
    </p>
   </div>
   <div class='ocr_carea' id='block_1_108' title="bbox 2126 5035 3752 5115">
    <p class='ocr_par' dir='ltr' id='par_1_108' title="bbox 2126 5035 3752 5115">
     <span class='ocr_line' id='line_1_108' title="bbox 2126 5035 3752 5115; baseline 0.006 -23"><span class='ocrx_word' id='word_1_805' title='bbox 2126 5035 2196 5092; x_wconf 89' lang='lat' dir='ltr'><strong>ad</strong></span> <span class='ocrx_word' id='word_1_806' title='bbox 2224 5036 2344 5111; x_wconf 90' lang='lat' dir='ltr'><strong>ejus</strong></span> <span class='ocrx_word' id='word_1_807' title='bbox 2358 5039 2753 5110; x_wconf 90' lang='lat' dir='ltr'><strong>protectionem</strong></span> <span class='ocrx_word' id='word_1_808' title='bbox 2771 5056 2933 5115; x_wconf 88' lang='lat' dir='ltr'><strong>quem</strong></span> <span class='ocrx_word' id='word_1_809' title='bbox 2958 5040 3216 5113; x_wconf 85' lang='lat' dir='ltr'><strong>fugerant</strong></span> <span class='ocrx_word' id='word_1_810' title='bbox 3243 5040 3499 5113; x_wconf 89' lang='lat' dir='ltr'><strong>redeunt,</strong></span> <span class='ocrx_word' id='word_1_811' title='bbox 3527 5049 3583 5098; x_wconf 90' lang='lat' dir='ltr'><strong>et</strong></span> <span class='ocrx_word' id='word_1_812' title='bbox 3604 5051 3752 5104; x_wconf 86' lang='lat' dir='ltr'><strong>tunc</strong></span> 
     </span>
    </p>
   </div>
   <div class='ocr_carea' id='block_1_109' title="bbox 2124 5124 3745 5205">
    <p class='ocr_par' dir='ltr' id='par_1_109' title="bbox 2124 5124 3745 5205">
     <span class='ocr_line' id='line_1_109' title="bbox 2124 5124 3745 5205; baseline 0.006 -24"><span class='ocrx_word' id='word_1_813' title='bbox 2124 5124 2267 5185; x_wconf 89' lang='lat' dir='ltr'><strong>illud</strong></span> <span class='ocrx_word' id='word_1_814' title='bbox 2296 5128 2565 5186; x_wconf 83' lang='lat' dir='ltr'><strong>eximium</strong></span> <span class='ocrx_word' id='word_1_815' title='bbox 2616 5129 2917 5203; x_wconf 90' lang='lat' dir='ltr'><strong>multiplici</strong></span> <span class='ocrx_word' id='word_1_816' title='bbox 2965 5130 3349 5203; x_wconf 85' lang='lat' dir='ltr'><strong>aggregatione</strong></span> <span class='ocrx_word' id='word_1_817' title='bbox 3393 5132 3745 5205; x_wconf 90' lang='lat' dir='ltr'><strong>populorum</strong></span> 
     </span>
    </p>
   </div>
   <div class='ocr_carea' id='block_1_110' title="bbox 2123 5216 3748 5294">
    <p class='ocr_par' dir='ltr' id='par_1_110' title="bbox 2123 5216 3748 5294">
     <span class='ocr_line' id='line_1_110' title="bbox 2123 5216 3748 5294; baseline 0.004 -21"><span class='ocrx_word' id='word_1_818' title='bbox 2123 5217 2448 5274; x_wconf 90' lang='lat' dir='ltr'><strong>convivium</strong></span> <span class='ocrx_word' id='word_1_819' title='bbox 2483 5216 2814 5276; x_wconf 87' lang='lat' dir='ltr'><strong>celebratur.</strong></span> <span class='ocrx_word' id='word_1_820' title='bbox 2846 5219 3003 5276; x_wconf 91' lang='lat' dir='ltr'><strong>Tunc</strong></span> <span class='ocrx_word' id='word_1_821' title='bbox 3027 5226 3151 5293; x_wconf 87' lang='lat' dir='ltr'><strong>post</strong></span> <span class='ocrx_word' id='word_1_822' title='bbox 3195 5216 3412 5294; x_wconf 84' lang='lat' dir='ltr'><strong>ﬂagella</strong></span> <span class='ocrx_word' id='word_1_823' title='bbox 3443 5223 3607 5294; x_wconf 89' lang='lat' dir='ltr'><strong>quasi</strong></span> <span class='ocrx_word' id='word_1_824' title='bbox 3637 5221 3748 5280; x_wconf 82' lang='lat' dir='ltr'><strong>Job</strong></span> 
     </span>
    </p>
   </div>
   <div class='ocr_carea' id='block_1_111' title="bbox 2122 5306 3748 5383">
    <p class='ocr_par' dir='ltr' id='par_1_111' title="bbox 2122 5306 3748 5383">
     <span class='ocr_line' id='line_1_111' title="bbox 2122 5306 3748 5383; baseline 0.004 -21"><span class='ocrx_word' id='word_1_825' title='bbox 2122 5321 2288 5363; x_wconf 86' lang='lat' dir='ltr'><strong>sanus</strong></span> <span class='ocrx_word' id='word_1_826' title='bbox 2319 5308 2650 5378; x_wconf 89' lang='lat' dir='ltr'><strong>ostenditur,</strong></span> <span class='ocrx_word' id='word_1_827' title='bbox 2683 5306 2906 5383; x_wconf 90' lang='lat' dir='ltr'><strong>quando</strong></span> <span class='ocrx_word' id='word_1_828' title='bbox 2933 5324 2966 5364; x_wconf 85' lang='lat' dir='ltr'><strong>a</strong></span> <span class='ocrx_word' id='word_1_829' title='bbox 2995 5308 3280 5366; x_wconf 89' lang='lat' dir='ltr'><strong>conversis</strong></span> <span class='ocrx_word' id='word_1_830' title='bbox 3306 5314 3476 5382; x_wconf 88' lang='lat' dir='ltr'><strong>atque</strong></span> <span class='ocrx_word' id='word_1_831' title='bbox 3507 5311 3748 5369; x_wconf 86' lang='lat' dir='ltr'><strong>creden-</strong></span> 
     </span>
    </p>
   </div>
   <div class='ocr_carea' id='block_1_112' title="bbox 2119 5396 3747 5475">
    <p class='ocr_par' dir='ltr' id='par_1_112' title="bbox 2119 5396 3747 5475">
     <span class='ocr_line' id='line_1_112' title="bbox 2119 5396 3747 5475; baseline 0.004 -21"><span class='ocrx_word' id='word_1_832' title='bbox 2119 5396 2272 5454; x_wconf 88' lang='lat' dir='ltr'><strong>tibus</strong></span> <span class='ocrx_word' id='word_1_833' title='bbox 2298 5405 2424 5475; x_wconf 89' lang='lat' dir='ltr'><strong>post</strong></span> <span class='ocrx_word' id='word_1_834' title='bbox 2445 5398 2755 5474; x_wconf 89' lang='lat' dir='ltr'><strong>passionem</strong></span> <span class='ocrx_word' id='word_1_835' title='bbox 2773 5413 2932 5456; x_wconf 85' lang='lat' dir='ltr'><strong>suam</strong></span> <span class='ocrx_word' id='word_1_836' title='bbox 2950 5414 3015 5457; x_wconf 89' lang='lat' dir='ltr'><strong>ac</strong></span> <span class='ocrx_word' id='word_1_837' title='bbox 3042 5399 3510 5458; x_wconf 87' lang='lat' dir='ltr'><strong>resurrectionem</strong></span> <span class='ocrx_word' id='word_1_838' title='bbox 3543 5402 3747 5461; x_wconf 87' lang='lat' dir='ltr'><strong>Domi-</strong></span> 
     </span>
    </p>
   </div>
   <div class='ocr_carea' id='block_1_113' title="bbox 2194 5615 3494 5686">
    <p class='ocr_par' dir='ltr' id='par_1_113' title="bbox 2194 5615 3494 5686">
     <span class='ocr_line' id='line_1_113' title="bbox 2194 5615 3494 5686; baseline 0.002 -13"><span class='ocrx_word' id='word_1_839' title='bbox 2194 5618 2218 5654; x_wconf 70' lang='grc' dir='ltr'><strong><em>ὀ</em></strong></span> <span class='ocrx_word' id='word_1_840' title='bbox 2244 5615 2445 5686; x_wconf 90' lang='lat' dir='ltr'><strong>Laud.,</strong></span> <span class='ocrx_word' id='word_1_841' title='bbox 2472 5616 2710 5686; x_wconf 90' lang='lat' dir='ltr'><strong>Gemet.,</strong></span> <span class='ocrx_word' id='word_1_842' title='bbox 2737 5615 2848 5674; x_wconf 91' lang='lat' dir='ltr'><strong>duo</strong></span> <span class='ocrx_word' id='word_1_843' title='bbox 2874 5617 3061 5674; x_wconf 86' lang='lat' dir='ltr'><strong>Germ.</strong></span> <span class='ocrx_word' id='word_1_844' title='bbox 3091 5624 3151 5674; x_wconf 90' lang='lat' dir='ltr'><strong>et</strong></span> <span class='ocrx_word' id='word_1_845' title='bbox 3174 5616 3276 5686; x_wconf 78' lang='lat' dir='ltr'><strong>al.,</strong></span> <span class='ocrx_word' id='word_1_846' title='bbox 3305 5619 3494 5675; x_wconf 81' lang='lat' dir='ltr'><strong>tenuit.</strong></span> 
     </span>
    </p>
   </div>
   <div class='ocr_carea' id='block_1_114' title="bbox 2192 5687 3636 5758">
    <p class='ocr_par' dir='ltr' id='par_1_114' title="bbox 2192 5687 3636 5758">
     <span class='ocr_line' id='line_1_114' title="bbox 2192 5687 3636 5758; baseline 0.004 -14"><span class='ocrx_word' id='word_1_847' title='bbox 2192 5690 2215 5724; x_wconf 74' lang='grc'><strong>³</strong></span> <span class='ocrx_word' id='word_1_848' title='bbox 2236 5690 2359 5745; x_wconf 92' lang='lat' dir='ltr'><strong>Duo</strong></span> <span class='ocrx_word' id='word_1_849' title='bbox 2386 5688 2596 5758; x_wconf 86' lang='lat' dir='ltr'><strong>Germ.,</strong></span> <span class='ocrx_word' id='word_1_850' title='bbox 2622 5688 2845 5746; x_wconf 88' lang='lat' dir='ltr'><strong>Ebroic.</strong></span> <span class='ocrx_word' id='word_1_851' title='bbox 2885 5697 2942 5745; x_wconf 88' lang='lat' dir='ltr'><strong>et</strong></span> <span class='ocrx_word' id='word_1_852' title='bbox 2969 5689 3093 5747; x_wconf 82' lang='lat' dir='ltr'><strong>Val.</strong></span> <span class='ocrx_word' id='word_1_853' title='bbox 3126 5687 3237 5758; x_wconf 78' lang='lat' dir='ltr'><strong>CL,</strong></span> <span class='ocrx_word' id='word_1_854' title='bbox 3267 5705 3374 5747; x_wconf 83' lang='lat' dir='ltr'><strong>ecce</strong></span> <span class='ocrx_word' id='word_1_855' title='bbox 3399 5707 3636 5750; x_wconf 82' lang='lat' dir='ltr'><strong>omnem.</strong></span> 
     </span>
    </p>
   </div>
   <div class='ocr_carea' id='block_1_115' title="bbox 2195 5759 3735 5849">
    <p class='ocr_par' dir='ltr' id='par_1_115' title="bbox 2195 5759 3735 5849">
     <span class='ocr_line' id='line_1_115' title="bbox 2195 5759 3735 5849; baseline 0.003 -32"><span class='ocrx_word' id='word_1_856' title='bbox 2195 5760 2356 5849; x_wconf 63' lang='lat' dir='ltr'><strong>fHoc</strong></span> <span class='ocrx_word' id='word_1_857' title='bbox 2381 5767 2477 5849; x_wconf 75' lang='lat' dir='ltr'><strong>est</strong></span> <span class='ocrx_word' id='word_1_858' title='bbox 2516 5759 2664 5848; x_wconf 82' lang='lat' dir='ltr'><strong>quod</strong></span> <span class='ocrx_word' id='word_1_859' title='bbox 2684 5759 2886 5849; x_wconf 40' lang='lat' dir='ltr'><strong>.Graaci</strong></span> <span class='ocrx_word' id='word_1_860' title='bbox 2928 5759 3126 5822; x_wconf 85' lang='lat' dir='ltr'><strong>dicunt</strong></span> <span class='ocrx_word' id='word_1_861' title='bbox 3166 5768 3228 5825; x_wconf 63' lang='lat' dir='ltr'><strong>rt</strong></span> <span class='ocrx_word' id='word_1_862' title='bbox 3253 5764 3580 5849; x_wconf 65' lang='grc' dir='ltr'><strong>ἠτιμνιιδν,</strong></span> <span class='ocrx_word' id='word_1_863' title='bbox 3629 5781 3735 5824; x_wconf 86' lang='lat' dir='ltr'><strong>seu</strong></span> 
     </span>
    </p>
   </div>
   <div class='ocr_carea' id='block_1_116' title="bbox 2121 5836 2720 5912">
    <p class='ocr_par' dir='ltr' id='par_1_116' title="bbox 2121 5836 2720 5912">
     <span class='ocr_line' id='line_1_116' title="bbox 2121 5836 2720 5912; baseline 0.003 -18"><span class='ocrx_word' id='word_1_864' title='bbox 2121 5836 2497 5912; x_wconf 87' lang='lat' dir='ltr'><strong>principatum</strong></span> <span class='ocrx_word' id='word_1_865' title='bbox 2524 5837 2720 5896; x_wconf 85' lang='lat' dir='ltr'><strong>animi.</strong></span> 
     </span>
    </p>
   </div>
  </div>
