3956 6382
138 394 139 397 γ
223 422 332 479 765

968 419 1344 477 MORALIUM
1384 420 1515 477 LIB.
1560 421 1799 478 XXXV.
1838 452 1909 466 —
1947 424 2020 479 IN
2057 423 2285 481 CAPUT
2324 425 2429 481 XII
2470 427 2532 481 B.
2573 426 2715 482 JOB.

3434 432 3537 490 106

219 563 328 604 nus
372 546 432 603 in
478 548 632 604 ccelis
684 548 1014 604 immortalis
1060 547 1249 603 vivere
1304 562 1401 618 per
1438 547 1827 605 certitudinem
1855 550 1908 610 Α
1936 564 2092 604 suam
2125 548 2221 605 sed
2250 549 2427 605 Patris
2456 550 2798 608 voluntatem
2827 552 2978 622 facit,
3014 571 3107 611 eos
3137 557 3233 629 qui
3263 556 3331 613 ad
3361 572 3417 614 se
3446 575 3537 613 ve-

220 638 350 695 ﬁdei
381 639 573 696 scitur.
608 640 762 696 Tunc
790 642 947 711 quasi
992 647 1378 695 remuneratus
1409 639 1512 694 Job
1558 640 1827 708 cernitur,

220 728 445 802 quando
489 729 548 784 in
599 729 898 801 majestatis
947 747 1058 787 suae
1108 730 1355 801 potentia
1404 728 1548 785 sicut
1577 736 1658 784 est
1686 731 1829 784 Deus

220 818 487 886 creditur,
519 828 572 874 et
601 818 720 891 ejus
740 819 869 875 ﬁdei
902 819 1101 891 subjici
1127 820 1185 875 hi
1216 819 1310 893 qui
1342 820 1496 891 prius
1518 820 1832 875 restiterant

223 908 506 965 videntur.
531 910 593 965 In
614 909 726 964 line
741 910 911 981 igitur
930 910 1127 966 mundi
1156 910 1443 967 credentes
1464 909 1680 965 Hebraei
1701 925 1831 965 con-

222 998 472 1065 veniant,
508 1006 564 1054 et
593 998 823 1054 humani
855 1000 1068 1070 generis
1110 999 1449 1070 redemptori
1480 1000 1538 1055 in
1587 1004 1833 1072 potentia

220 1088 536 1144 divinitatis
565 1089 721 1160 quasi
752 1105 885 1144 sano
930 1090 1031 1145 Job
1079 1090 1416 1146 oblationem
1450 1108 1674 1148 suarum
1704 1102 1834 1151 vota

219 1179 540 1251 persolvant
571 1176 710 1251 [Vet.
761 1178 921 1252 XII.]
969 1177 1123 1235 Unde
1171 1186 1224 1234 et
1252 1179 1391 1236 bene
1421 1181 1679 1238 subditur
1714 1202 1724 1239 :
1757 1186 1833 1240 Et

219 1268 479 1324 dederunt
508 1269 554 1322 ei
584 1270 942 1340 unusquisque
978 1286 1123 1322 ovem
1154 1285 1333 1337 unam,
1376 1276 1426 1325 et
1450 1270 1695 1327 ianurem
1722 1291 1833 1328 au-

218 1376 345 1413 ram
376 1375 555 1415 unam.
600 1356 745 1425 Quid
774 1374 869 1428 per
888 1374 1047 1413 ovem
1077 1357 1188 1413 nisi
1216 1358 1553 1428 innocentia,
1578 1362 1711 1433 quid
1738 1378 1834 1433 per

220 1448 473 1505 inaurem
497 1447 603 1502 nisi
620 1446 936 1501 obedientia
956 1445 1306 1517 designatur?
1328 1448 1428 1502 Per
1448 1466 1607 1504 ovem
1631 1450 1831 1521 quippe

218 1538 462 1609 simplex
488 1536 726 1604 animus,
756 1551 851 1607 per
880 1537 1127 1590 inaurem
1160 1552 1290 1592 vero
1323 1545 1553 1594 ornatus
1587 1538 1832 1595 humili-

218 1626 356 1682 tatis
388 1626 560 1698 gratia
588 1625 811 1680 auditus
839 1624 1197 1697 exprimitur.

295 1716 435 1787 [Sea
471 1717 566 1790 X.]
616 1716 704 1772 28.
737 1716 1052 1771 Obedientia:
1085 1717 1489 1775 commendatio.
1528 1718 1833 1775 Obedientia

216 1825 386 1879 usque
412 1808 484 1863 ad
516 1813 731 1860 mortem
760 1806 1044 1861 servanda.
1075 1836 1144 1847 —
1165 1806 1271 1861 Sed
1287 1807 1415 1880 quia
1435 1808 1504 1863 ad
1530 1810 1837 1865 ostenden—

217 1897 352 1954 dam
371 1897 646 1952 ‘virtutem
668 1894 997 1973 obedientia:
1024 1897 1239 1951 occasio
1267 1905 1581 1967 Opportuna
1613 1915 1669 1953 se
1697 1916 1831 1970 prae-
1858 1913 1907 1975 Β

218 1980 510 2055 buit,1ibét
528 1988 670 2043 hanc
691 1987 854 2058 paulo
877 1986 1200 2058 vigilantius
1220 1986 1625 2060 sollicitiusque
1645 1988 1831 2045 discu-

220 2086 364 2145 tere,
387 2085 441 2132 et
471 2076 661 2148 quanti
692 2076 765 2131 sit
793 2076 979 2131 meriti
1009 2075 1406 2132 demonstrare.
1439 2076 1568 2132 Sola
1596 2093 1833 2151 namque

226 2168 408 2224 virtus
436 2175 517 2237 est
536 2166 854 2222 obedientia
874 2183 995 2238 qua
1035 2166 1273 2222 virtutes
1304 2174 1529 2223 caeteras
1548 2169 1721 2224 menti
1751 2169 1832 2226 in.

222 2260 379 2328 serit,
425 2260 765 2330 insertasque
802 2257 1064 2315 custodit.
1118 2257 1277 2314 Unde
1324 2266 1379 2314 et
1422 2259 1634 2331 primus
1666 2260 1834 2316 homo

223 2356 561 2422 praeceptum
583 2348 729 2422 quod
758 2356 1003 2404 servaret
1018 2348 1231 2419 accepit
1257 2349 1467 2419 (Genes.
1503 2366 1566 2417 ιι,
1601 2350 1714 2421 17),
1743 2348 1835 2406 cui

221 2456 287 2495 se
308 2439 354 2495 si
374 2441 543 2495 vellet
562 2439 830 2494 obediens
850 2438 1108 2506 subdere,
1140 2440 1208 2493 ad
1238 2446 1497 2494 aeternam
1528 2439 1838 2496 beatitudi-

226 2546 359 2584 nem
388 2530 508 2586 sine
548 2528 735 2585 labore
764 2528 1104 2599 perveniret.
1128 2527 1273 2582 Hinc
1300 2528 1519 2583 Samuel
1558 2528 1636 2582 ait
1670 2546 1681 2584 :
1713 2529 1837 2585 Me-

226 2619 339 2675 lior
363 2625 438 2673 est
456 2618 748 2673 obedientia
776 2634 938 2687 quam
966 2616 1213 2681 victimae,
1257 2621 1305 2670 et
1336 2618 1640 2671 auscultare
1667 2617 1838 2687 magis

222 2726 390 2779 quam
406 2710 597 2778 offerre
624 2708 836 2778 adipem
853 2707 1103 2772 arietum,
1120 2707 1372 2777 quoniam
1393 2708 1549 2777 quasi
1569 2714 1839 2777 peccatum

217 2798 503 2854 ariolandi
559 2803 633 2852 est
659 2812 974 2867 repugnare,
1023 2804 1071 2852 et
1125 2796 1283 2867 quasi
1320 2798 1487 2852 scelus
1519 2796 1840 2852 idololatriae

217 2888 371 2944 nolle
398 2887 718 2956 acquiescere
741 2887 798 2957 (Ι
821 2887 944 2956 Reg.
978 2902 1076 2954 xv,
1107 2886 1226 2956 22).
1262 2885 1590 2942 Obedientia
1637 2885 1839 2956 quippe

225 2975 479 3033 victimis
502 2974 627 3046 jure
677 2973 1017 3047 praeponitur
1055 2975 1134 3047 (8,
1179 2992 1231 3045 q.
1290 2976 1340 3031 1.
1390 2991 1509 3029 can.
1551 2974 1838 3041 sciendum,

228 3065 648 3139 §Obedientia),
696 3065 827 3136 quia
877 3080 972 3134 per
1019 3062 1276 3117 victimas
1322 3063 1503 3121 aliena
1550 3079 1696 3132 caro,
1745 3078 1841 3135 per

228 3158 609 3217 obedientiam
638 3173 772 3217 vero
800 3159 991 3218 1156
1025 3156 1284 3212 voluntas
1312 3157 1533 3229 propria
1548 3164 1838 3213 mactatur.

1938 637 2103 693 niunt
2134 638 2280 694 foras
2308 655 2419 694 non
2466 639 2638 711 ejicit,
2683 641 2813 714 quia
2857 643 2988 698 dum
3020 646 3275 717 exemplo
3305 664 3405 703 suo
3437 663 3539 704 nos

1939 726 2264 784 obedientia:
2293 728 2540 800 subjicit,
2574 730 2721 785 viam
2765 731 2926 787 nobis
2952 734 3281 803 egressionis
3304 736 3536 793 claudit.

1941 818 2085 875 Hinc
2125 836 2346 876 rursum
2376 822 2453 876 ait
2503 838 2515 876 :
2573 822 2695 877 Non
2716 838 2934 893 possum
2961 838 3051 893 ego
3073 841 3109 877 a
3135 824 3331 895 meipso
3368 825 3541 894 facere

1939 909 2252 980 quidquam,
2283 912 2371 965 sed
2409 911 2545 966 sicut
2564 911 2728 966 audio
2749 911 2936 982 judico
2956 913 3203 984 (Ioan.v,
3225 912 3341 984 30).
3371 914 3540 970 Nobis

1942 999 2145 1071 quippe
2174 1001 2488 1057 obedientia
2504 1018 2676 1075 usque
2695 1002 2764 1058 ad
2785 1010 3019 1058 mortem
3038 1004 3308 1059 servanda
3341 1004 3543 1075 praeci-

1942 1089 2110 1160 pitur.
2144 1092 2263 1162 Ipse
2291 1100 2472 1147 autem
2499 1093 2545 1149 si
2567 1094 2711 1149 sicut
2737 1092 2892 1148 audit
2914 1092 3150 1164 judicat,
3172 1101 3306 1149 tunc
3326 1109 3543 1167 quoque

1942 1178 2152 1249 obedit,
2181 1197 2309 1236 cum
2335 1180 2510 1253 judex
2539 1182 2712 1237 venit.
2745 1182 2823 1237 Ne
2865 1181 3036 1254 igitur
3082 1182 3245 1238 nobis
3273 1199 3445 1256 usque
3474 1182 3543 1239 ad

1942 1271 2226 1342 praesentis
2256 1273 2379 1327 vitae
2408 1272 2709 1328 terminum
2730 1272 3045 1328 obedientia
3072 1272 3346 1328 laboriosa
3366 1287 3546 1345 appa-

1942 1365 2079 1426 reat,
2110 1358 2450 1432 Redemptor
2502 1368 2691 1416 noster
2745 1360 2976 1429 indicat,
3008 1362 3138 1434 quia
3187 1360 3332 1419 hanc
3377 1364 3543 1419 etiam

1942 1464 2067 1505 cum
2083 1447 2260 1519 judex
2277 1447 2493 1506 venerit
2522 1458 2722 1506 servat.
2759 1450 2906 1518 Quid
2934 1466 3062 1521 ergo
3083 1451 3286 1507 mirum
3306 1451 3354 1505 si
3375 1451 3544 1508 homo

1942 1548 2193 1612 peccator
2221 1556 2278 1597 se
2306 1538 2631 1596 obedientiae
2676 1539 2736 1595 in
2782 1541 3067 1612 praesentis
3096 1541 3225 1596 vitae
3274 1540 3543 1597 brevitate

1942 1629 2169 1702 subjicit
2201 1632 2313 1703 (11,
2347 1649 2399 1702 q.
2432 1632 2486 1701 3,
2516 1648 2560 1688 c.
2598 1631 2738 1699 Quid
2765 1631 2934 1702 ergo),
2962 1632 2985 1665 ²
3013 1630 3233 1705 quando
3262 1630 3406 1688 hanc
3434 1647 3544 1687 me-

1942 1721 2122 1778 diator
2144 1724 2306 1778 Deiet
2327 1723 2617 1778 hominum
2634 1730 2828 1779 etcum
2848 1722 3189 1791 obedientes,
3206 1730 3540 1791 remunerat,

1943 1830 2054 1869 non
2085 1813 2397 1885 relinquit?

2017 1899 2156 1974 [νει.
2182 1898 2371 1973 ΧΙΙΙ.]
2408 1901 2493 1956 19.
2547 1900 2757 1957 Malum
2799 1914 3073 1969 nunquam
3126 1894 3248 1968 ﬁeri
3275 1895 3419 1950 debet
3448 1914 3546 1968 per

1939 1974 2305 2057 obEdientiam,
2328 1989 2414 2043 sed
2430 1989 2622 2043 bonum
2639 1987 2933 2058 aliquando
2953 1984 3251 2041 intermitti.
3273 2016 3344 2028 —
3361 1984 3546 2041 Scien-

1941 2077 2074 2135 dum
2106 2094 2238 2133 vero
2270 2086 2352 2133 est
2382 2077 2533 2150 quod
2584 2094 2870 2150 nunquam
2910 2092 3007 2149 per
3034 2075 3407 2131 obedientiam
3436 2092 3547 2132 ma-

1941 2168 2058 2224 lum
2089 2167 2209 2223 ﬁeri
2259 2166 2555 2242 aliquando
2608 2174 2791 2223 autem
2823 2166 2983 2222 debet
3033 2181 3130 2238 per
3176 2164 3545 2221 obedientiam

1942 2258 2150 2315 bonum
2187 2258 2336 2332 quod
2364 2259 2567 2331 agitur,
2602 2257 2919 2314 intermitti.
2937 2258 3123 2330 Neque
3148 2256 3295 2312 enim
3316 2256 3460 2312 mala
3487 2256 3547 2311 in

1943 2348 2201 2422 paradiso
2230 2348 2392 2405 arbor
2420 2348 2659 2416 exstitit,
2690 2364 2855 2420 quam
2884 2348 3030 2404 Deus
3060 2344 3274 2401 homini
3323 2361 3391 2400 ne
3420 2361 3548 2402 con-

1943 2440 2180 2510 tingeret
2210 2436 2502 2493 interdixit
2534 2438 2744 2510 (Genes.
2802 2437 2890 2508 II).
2941 2435 3048 2493 Sed
3096 2444 3157 2491 ut
3210 2436 3408 2491 melius
3452 2452 3549 2507 per

1944 2526 2273 2583 obedientia
2299 2526 2558 2583 meritum
2593 2525 2763 2583 homo
2793 2525 2934 2581 bene
2963 2523 3222 2582 conditus
3260 2531 3547 2592 cresceret,

1945 2620 2175 2691 dignum
2207 2618 2385 2674 fuerat
2417 2619 2437 2651 ³
2461 2625 2523 2674 ut
2551 2617 2717 2673 etiam
2749 2634 2781 2673 a
2808 2615 2957 2673 bono
2988 2614 3390 2688 prohiberetur,
3418 2630 3547 2687 qua-

1944 2718 2107 2766 tenus
2152 2716 2307 2765 tanto
2348 2707 2534 2764 verius
2575 2706 2682 2764 hoc
2727 2707 2875 2781 quod
2921 2716 3104 2777 ageret
3156 2705 3335 2762 virtus
3386 2711 3547 2774 esset,

1947 2806 2152 2872 quanto
2182 2805 2235 2854 et
2261 2814 2293 2853 a
2320 2798 2467 2855 bono
2496 2814 2734 2867 cessans,
2767 2797 2980 2853 auctori
3026 2813 3125 2851 suo
3183 2812 3239 2851 se
3264 2793 3546 2851 subditum

1946 2887 2219 2947 humilius
2250 2885 2558 2942 exhiberet.
2592 2886 2698 2943 Sed
2728 2885 3035 2941 notandum
3080 2883 3228 2957 quod
3254 2884 3372 2940 illic
3399 2881 3550 2938 dici-

1947 2984 2040 3033 tur
2073 2993 2084 3032 :
2119 2976 2211 3032 Ea:
2239 2977 2381 3033 omni
2414 2976 2553 3047 ligno
2578 2974 2828 3047 paradisi
2850 2974 3194 3038 comedite,de
3222 2974 3361 3044 ligno
3376 2976 3550 3027 autem

1948 3067 2174 3123 scientiae
2196 3066 2318 3122 boni
2346 3072 2393 3121 et
2419 3065 2551 3120 mali
2572 3081 2634 3119 ne
2673 3064 2943 3135 tetigeritis
2975 3062 3165 3134 (Ibid.,
3197 3061 3414 3130 16,17).
3442 3058 3550 3128 Qui

1948 3157 2097 3213 enim
2133 3155 2202 3213 ab
2233 3172 2343 3212 uno
2367 3155 2612 3229 quolibet
2653 3153 2799 3211 bono
2829 3151 3105 3225 subjectos
3133 3157 3304 3220 vetat,
3334 3163 3551 3205 necesse

233 3257 414 3312 Tanto
467 3254 636 3326 igitur
690 3254 923 3326 quisque
970 3254 1147 3308 Deum
1192 3254 1361 3309 citius
1409 3254 1605 3325 placat,
1635 3261 1841 3324 quanto
1872 3270 1917 3333 α
1952 3255 2033 3303 est
2058 3254 2121 3303 ut
2150 3246 2325 3305 multa
2353 3244 2640 3312 concedat,
2670 3260 2739 3299 ne
2768 3243 3077 3299 obedientia
3105 3257 3261 3333 meus
3300 3236 3553 3333 funditus

230 3354 363 3404 ante
391 3344 509 3417 ejus
538 3346 726 3402 oculos
771 3362 1017 3416 repressa
1043 3345 1258 3401 arbitrii
1288 3346 1375 3402 sui
1404 3345 1680 3417 superbia,
1714 3347 1838 3415 gla-

224 3438 323 3496 dio
351 3437 607 3510 praecepti
637 3437 995 3493 se'immolat.
1027 3435 1148 3503 Quo
1178 3445 1370 3492 contra
1399 3435 1670 3493 ariolandi
1703 3452 1838 3507 pec-

226 3535 415 3584 catum
441 3526 821 3584 inobedientia
840 3526 1068 3593 dicitur,
1093 3534 1155 3583 ut
1185 3536 1390 3599 quanta
1417 3528 1489 3583 sit
1511 3528 1687 3583 virtus
1714 3526 1839 3581 obe-

228 3618 445 3674 dientia
469 3617 901 3675 demonstretur.
931 3616 1017 3671 Ex
1043 3616 1275 3673 adverso
1305 3618 1477 3689 igitur
1512 3616 1711 3673 melius
1739 3634 1839 3671 os-

227 3706 505 3775 tenditur,
536 3706 673 3779 quid
700 3706 768 3761 de
790 3705 910 3777 ejus
937 3705 1097 3762 laude
1118 3706 1406 3763 sentiatur.
1432 3706 1488 3763 Si
1503 3706 1653 3762 enim
1682 3706 1839 3779 quasi

227 3801 507 3860 ariolandi
539 3810 826 3874 peccatum
869 3808 953 3856 est
999 3815 1320 3870 repugnare,
1352 3806 1407 3854 et
1454 3799 1611 3871 quasi
1664 3800 1840 3855 scelus

229 3891 564 3948 idololatriae
592 3890 740 3945 nolle
772 3889 1139 3961 acquiescere,
1170 3888 1285 3943 sola
1309 3896 1390 3943 est
1411 3904 1531 3959 quae
1557 3886 1683 3942 ﬁdei
1716 3903 1840 3942 me-

228 3982 407 4039 ritum
437 3980 700 4052 possidet,
732 3979 849 4035 sine
876 3996 985 4051 qua
1028 3979 1260 4050 quisque
1301 3976 1543 4033 inﬁdelis
1569 3993 1686 4032 esse
1714 3994 1839 4033 con-

228 4074 502 4142 vincitur,
532 4073 749 4129 etiamsi
770 4072 947 4128 ﬁdelis
969 4088 1084 4127 esse
1100 4070 1370 4125 videatur.
1408 4070 1550 4126 Hinc
1577 4086 1673 4141 per
1694 4070 1842 4125 Salo-

232 4164 551 4235 monemjn
580 4165 894 4219 ostensione
933 4160 1261 4218 obedientia:
1307 4160 1515 4217 dicitur
1546 4177 1558 4215 :
1611 4161 1703 4218 Vir
1731 4161 1842 4215 obe-

230 4254 386 4311 diens
420 4253 658 4324 loquitur
686 4253 935 4307 victorias
967 4253 1154 4324 (Prov.
1192 4268 1312 4318 χχι,
1346 4251 1461 4322 28).
1512 4250 1614 4306 Vir
1641 4266 1843 4323 quippe

232 4343 503 4401 obediens
531 4344 793 4400 victorias
834 4342 1102 4416 loquitur,
1146 4342 1277 4415 quia
1315 4341 1448 4398 dum
1496 4340 1688 4396 alienas
1717 4340 1841 4395 voci

234 4432 531 4491 humiliter
564 4436 580 4468 ¹
613 4433 928 4501 subdimur,
958 4432 1327 4504 nosmetipsos
1346 4431 1405 4486 in
1434 4431 1597 4487 corde
1626 4447 1842 4503 supera-

237 4541 384 4582 mus.
408 4524 553 4581 Hinc
582 4524 641 4579 in
660 4524 963 4595 Evangelio
985 4522 1351 4581 Veritasdicit
1382 4525 1558 4579 :Eum
1585 4526 1678 4595 qui
1706 4525 1848 4579 venit

1952 3338 2205 3405 intereat,
2238 3337 2337 3393 sia
2364 3335 2527 3391 bonis
2555 3334 2816 3390 omnibus
2843 3334 3065 3405 penitus
3086 3332 3304 3404 repulsa
3314 3329 3549 3401 jejunat.

1950 3428 2164 3484 Omnes
2207 3434 2393 3482 autem
2426 3424 2669 3497 paradisi
2705 3422 2937 3479 arbores
2992 3421 3060 3478 ad
3089 3436 3243 3477 esum
3286 3416 3557 3476 Dominus

1951 3517 2243 3585 concessit,
2267 3532 2395 3572 cum
2424 3514 2494 3571 ab
2518 3531 2629 3570 una
2650 3512 3028 3586 probibuit,ut
3057 3518 3363 3567 creaturam
3381 3522 3558 3574 suam,

1951 3624 2117 3681 quam
2148 3606 2373 3662 nolebat
2398 3604 2704 3678 exstingui,
2737 3603 2831 3660 sed
2861 3601 3117 3675 provehi,
3148 3607 3306 3659 tanto
3342 3595 3561 3654 facilius

1950 3697 2019 3753 ab
2048 3713 2158 3754 una
2186 3703 2558 3767 restrtngeret,
2589 3701 2796 3768 quanto
2835 3691 2907 3749 ad
2934 3696 3164 3748 cunctas
3210 3689 3233 3723 ‘
3280 3686 3448 3744 latius
3475 3700 3559 3740 re-

1951 3787 2182 3845 laxaret.

2024 3878 2113 3935 30.
2149 3876 2371 3946 Quando
2426 3875 2631 3931 nullius
2678 3872 2856 3931 meriti
2910 3872 2980 3928 sit
3006 3868 3317 3936 obedientia,
3345 3865 3560 3937 quando

1951 3968 2178 4023 minimi.
2237 3997 2309 4008 —
2361 3964 2468 4023 Sed
2523 3965 2657 4039 quia
2709 3976 3111 4034 nonnunquam
3182 3956 3342 4014 nobis
3394 3955 3561 4027 hujus

1953 4057 2149 4114 mundi
2170 4042 2862 4130 prospera,nonnunquam
2880 4067 3015 4107 vero
3024 4041 3294 4121 jubentu'r
3308 4045 3560 4113 adversa,

1954 4146 2243 4203 sciendum
2299 4160 2646 4216 summepere
2692 4152 2775 4199 est
2834 4140 2985 4214 quod
3042 4136 3363 4203 obedientia
3405 4135 3426 4168 ⁵
3464 4132 3561 4189 ali-

1954 4235 2195 4309 quando,
2228 4234 2371 4291 side
2426 4250 2526 4291 suo
2554 4230 2768 4306 aliquid
2814 4230 3033 4298 haheat,
3077 4229 3233 4284 nulla
3285 4232 3402 4292 est;
3450 4223 3565 4280 ali-

1954 4324 2174 4398 quando
2204 4331 2411 4393 autem,
2440 4324 2487 4379 si
2517 4322 2584 4379 de
2612 4338 2712 4378 suo
2768 4319 2983 4394 aliquid
3024 4333 3137 4374 non
3180 4315 3403 4380 habeat,
3447 4312 3565 4398 mi-f

1954 4396 2169 4472 ninima
2191 4414 2267 4489 (8,
2290 4432 2341 4487 q.
2370 4415 2471 4485 1,6.
2509 4411 2836 4482 Sciendum).
2866 4410 3003 4466 Nam
3024 4425 3152 4467 cum
3172 4406 3341 4479 hujus
3370 4396 3565 4463 mundi

1955 4525 2241 4568 successus
2296 4507 2635 4581 praecipitur,
2674 4509 2864 4566 1157
2917 4518 3045 4559 cum
3108 4500 3262 4556 locus
3316 4498 3566 4572 superior

235 4615 313 4671 ad
330 4632 431 4680 me,
458 4630 566 4669 non
595 4615 808 4683 ejiciam
838 4613 1014 4684 foras,
1051 4616 1180 4684 quia
1200 4616 1263 4669 de
1282 4616 1406 4671 ccelo
1452 4615 1711 4683 descendi,
1742 4632 1847 4670 non
1882 4633 1934 4694 ι)
1965 4605 2289 4694 imperatur,
2320 4604 2368 4661 is
2409 4604 2505 4677 qui
2548 4603 2615 4661 ad
2663 4600 3018 4694 percipienda
3044 4599 3164 4694 haec
3189 4596 3397 4694 obedit,
3425 4595 3567 4652 obe-

237 4711 302 4759 αι
328 4703 527 4774 faciam
550 4706 875 4759 voluntatem
917 4719 1108 4769 meam,
1157 4703 1246 4757 sed
1274 4705 1599 4759 voluntatem
1628 4706 1739 4774 ejus
1767 4712 1861 4777 qui

236 4795 391 4852 misit
416 4811 497 4849 me
520 4791 889 4865 (Joan.vr,37,
910 4789 1182 4864 38).Quid
1198 4792 1381 4849 enim?
1399 4793 1446 4849 si
1478 4810 1633 4849 suam
1658 4795 1857 4856 faceret

238 4902 337 4943 eos
352 4885 449 4958 qui
464 4884 536 4943 ad
555 4901 613 4941 se
640 4882 874 4939 veniunt
902 4882 1246 4954 repulisset?
1267 4882 1402 4950 Quis
1432 4891 1617 4940 autem
1651 4886 1862 4943 nesciat

239 4974 394 5049 quod
420 4975 679 5031 voluntas
709 4973 839 5030 Filii
886 4989 918 5029 a
961 4971 1139 5027 Patris
1169 4972 1457 5027 voluntate
1504 4988 1616 5027 non
1645 4974 1862 5032 discre-

240 5074 335 5140 pet
356 5066 383 5122 ?
412 5065 519 5123 Sed
547 5064 810 5138 quoniam
842 5063 1056 5137 primus
1085 5062 1275 5131 homo,
1331 5061 1465 5135 quia
1496 5078 1653 5118 suam
1683 5064 1861 5122 facere

240 5156 591 5213 voluntatem
613 5154 813 5223 voluit,
836 5170 868 5210 a
887 5153 1128 5227 paradisi
1152 5151 1353 5225 gaudio
1373 5152 1858 5224 exivit(Genes.m,

240 5244 363 5318 24),
394 5243 668 5302 secundus
696 5243 767 5301 ad
814 5242 1252 5315 redemptionem
1282 5241 1575 5299 hominum
1606 5244 1853 5312 veniens,

243 5332 381 5392 dum
402 5334 746 5390 voluntatem
774 5348 832 5389 se
860 5332 1036 5389 Patris
1056 5339 1111 5388 et
1144 5348 1256 5387 non
1286 5348 1440 5387 suam
1472 5332 1648 5389 facere
1679 5340 1859 5389 osten-

246 5423 352 5494 dit,
385 5439 710 5496 permanere
767 5439 869 5478 nos
926 5422 1079 5479 intus
1129 5421 1340 5479 docuit.
1377 5421 1516 5479 Cum
1546 5421 1717 5494 igitur
1744 5439 1857 5479 non

324 5635 341 5668 ¹
374 5632 573 5701 Laud.,
595 5630 862 5699 subditur,
894 5630 1225 5703 semetipsum
1251 5631 1311 5686 in
1338 5630 1493 5686 corde
1520 5638 1756 5703 superat.

322 5706 347 5744 ²
372 5700 669 5762 Gratianus
717 5703 899 5759 locum
972 5700 1122 5775 hunc
1175 5702 1256 5759 sic
1301 5704 1511 5775 profert
1570 5700 1601 5760 ;“
1644 5702 1858 5775 quando

246 5777 474 5860 liena...
510 5777 695 5843 tenuit,
752 5780 799 5829 et
829 5774 1102 5830 tenendam
1156 5774 1405 5847 praecepit
1430 5793 1451 5841 ;
1484 5782 1532 5831 et
1582 5774 1701 5832 cum
1728 5776 1857 5831 obe-

246 5852 614 5977 dwguéseinet"
646 5918 875 5987 Pratel.,
922 5918 1049 5977 Val.
1096 5917 1205 5987 CL,
1237 5919 1349 5975 duo
1378 5916 1589 5988 Germ.,
1613 5926 1675 5974 ut
1720 5920 1857 5974 hunc

1969 4696 2193 4755 dientiae
2223 4693 2331 4751 sibi
2359 4695 2623 4751 virtutem
2673 4700 2926 4759 evacuat,
2957 4692 3002 4749 sl
3033 4691 3101 4748 ad
3145 4689 3265 4746 haec
3304 4686 3468 4744 etiam
3498 4701 3568 4741 ex

1968 4786 2192 4859 proprio
2247 4783 2519 4843 desiderio
2575 4782 2816 4839 anhelat.
2883 4782 3069 4852 Neque
3130 4778 3280 4835 enim
3353 4790 3410 4832 se
3464 4772 3568 4829 sub

1969 4875 2285 4932 obedientia
2314 4873 2527 4947 dirigit,
2550 4873 2645 4946 qui
2671 4871 2740 4930 ad
2768 4870 3087 4943 accipienda
3113 4866 3280 4939 hujus
3299 4863 3427 4919 vitae
3446 4878 3569 4934 pro-

1968 4983 2128 5039 spera
2181 4965 2406 5024 libidini
2440 4966 2675 5038 propriae
2719 4961 3040 5020 ambitionis
3090 4957 3280 5015 servit.
3328 4956 3568 5012 Rursum

1970 5074 2097 5114 cum
2126 5056 2321 5115 mundi
2351 5057 2639 5129 despectus
2667 5052 3007 5127 praecipitur,
3050 5065 3177 5106 cum
3224 5046 3424 5119 probra
3453 5044 3566 5101 sdi-

1971 5147 2183 5220 pisciet
2209 5146 2561 5204 contumeliae
2583 5143 2870 5216 jubentur,
2903 5139 3011 5196 nisi
3049 5156 3119 5195 ex
3140 5138 3318 5209 seipse
3348 5135 3571 5192 animus

1972 5237 2090 5295 haec
2119 5244 2358 5308 appetat,
2390 5233 2720 5292 obedientia)
2749 5230 2857 5287 sibi
2893 5228 3152 5285 meritum
3182 5224 3407 5295 minuit,
3438 5225 3572 5299 quia

1967 5336 2037 5393 ad
2065 5351 2127 5391 ea
2154 5351 2276 5407 quin
2306 5333 2365 5390 in
2394 5333 2498 5390 hac
2525 5331 2641 5387 vita
2668 5329 2921 5399 despecta
2948 5334 3077 5383 sunt
3111 5325 3323 5382 invitus
3350 5324 3569 5380 nolens-

1968 5441 2075 5500 que
2103 5424 2407 5481 descendit.
2432 5422 2521 5479 Ad
2541 5421 2873 5478 detrimenta
2902 5418 3105 5492 quippe
3138 5414 3455 5473 obedientia
3470 5413 3568 5470 du-

1968 5631 2125 5685 etiam
2143 5648 2178 5684 a
2212 5628 2341 5684 bono
2362 5625 2683 5699 prohiberet.

2040 5691 2883 5777 inndoc.,_‘_Corb.‘Germ.,_ac
2927 5692 3005 5768 pl.
3053 5695 3270 5777 Noun?
3305 5691 3563 5777 licentius.

2048 5734 2056 5737 ‘
2107 5734 2355 5769 vuluuu.,
2387 5734 2550 5757 UUIU.
2576 5734 2790 5767 υυιιυο,
2816 5734 2883 5753 (ιν
2928 5734 3005 5768 ιιι,
3053 5734 3246 5753 ιῑνιιιιο
3305 5734 3563 5753 νυνυισννν--ι

1965 5846 1995 5901 b
2039 5776 2059 5809 ⁵
2090 5772 2285 5854 La_ud.,
2314 5750 2604 5842 aliquando
2634 5777 2728 5836 est,
2755 5768 2805 5825 si
2829 5768 2893 5825 de
2920 5785 3016 5824 suo
3055 5734 3270 5837 aliquid
3300 5780 3406 5823 non
3458 5762 3565 5815 ha-

1997 5852 2081 5903 eat
2107 5861 2348 5901 minima.
