3956 6394
406 424 507 482 767

1604 419 1851 476 SANCTI
1890 416 2226 474 GREGORII
2264 417 2489 472 MAGNI

3610 412 3719 466 768

401 549 566 616 citur,
597 564 722 604 cum
758 555 996 603 mentem
1025 547 1092 602 ad
1122 547 1469 620 suscipienda
1496 545 1694 618 probra
1714 544 1880 617 hujus
1897 560 1992 598 βω·
2019 547 2070 604 Α
2181 547 2372 605 1158
2394 541 2535 615 [Vet.
2565 543 2648 599 XI
2656 540 2740 615 V.]
2765 539 2850 596 32.
2877 541 3192 596 Innocentius
3215 546 3598 596 ornamentum
3630 547 3726 594 est

402 637 516 694 culi
545 650 888 708 nequaquam
917 650 987 690 ex
1017 643 1170 707 parte
1217 636 1402 708 aliqua
1430 636 1596 691 etiam
1627 651 1724 689 sua
1754 642 1883 688 vota
1907 648 1996 689 co-

403 727 691 781 mitantur.
721 724 892 780 Debet
921 741 1049 796 ergo
1097 725 1411 781 obedientia
1441 732 1494 780 et
1521 724 1578 778 in
1600 722 1846 778 adversis
1879 725 1894 757 ¹
1927 739 1995 777 ex

403 833 504 873 suo
533 816 742 888 aliquid
773 815 993 884 habere,
1039 823 1095 871 et
1145 833 1364 872 rursum
1396 817 1453 871 in
1499 817 1774 888 prosperis
1802 831 1870 871 ex
1898 832 1998 872 suo

403 905 612 978 aliquid
645 905 971 962 omnimodo
1012 921 1122 961 non
1163 904 1382 971 habere,
1413 913 1684 978 quatenus
1712 913 1765 960 et
1794 905 1852 960 in
1890 905 2001 961 ad—

403 996 578 1050 versis
598 1002 752 1051 tanto
774 995 845 1050 sit
864 995 1156 1066 gloriosior
1170 1003 1374 1067 quanto
1403 996 1596 1052 divino
1619 997 1802 1052 ordini
1831 997 1996 1051 etiam

404 1101 474 1139 ex
490 1081 764 1142 desiderio
779 1083 1056 1156 jungitur,
1086 1092 1141 1140 et
1162 1085 1218 1140 in
1249 1085 1522 1156 prosperis
1547 1093 1700 1141 tanto
1731 1087 1801 1142 sit
1816 1087 2000 1140 verior

405 1183 611 1246 quanto
631 1191 663 1230 a
691 1175 945 1246 praesenti
967 1173 1084 1246 ipsa
1113 1190 1277 1248 quam
1307 1175 1580 1231 divinitus
1610 1175 1843 1247 percipit
1873 1176 2000 1246 glo-

403 1264 488 1320 ria
515 1263 768 1320 funditus
797 1280 867 1319 ex
901 1273 1082 1321 mente
1107 1273 1409 1336 separatur.

477 1379 563 1434 31.
599 1381 875 1436 Subeunda
900 1397 1162 1453 prospera
1217 1401 1281 1438 ea:
1320 1385 1434 1438 sola
1481 1383 1742 1454 jussione,
1777 1385 1998 1438 adversa

402 1484 526 1522 vero
576 1470 733 1524 etiam
765 1487 830 1524 ea:
860 1470 1148 1538 devotione,
1189 1474 1436 1527 docemur
1476 1477 1715 1544 exemplo
1764 1476 1926 1530 Mosis
1956 1478 2002 1526 et

404 1559 582 1615 Pauli.
603 1591 673 1601 —
689 1561 790 1616 Sed
817 1563 922 1621 hoc
943 1563 1165 1618 virtutis
1189 1563 1400 1636 pondus
1421 1565 1620 1620 melius
1637 1567 1997 1636 ostendimus,

404 1651 450 1705 si
485 1651 722 1706 ccelestis
751 1654 942 1724 patriae
963 1653 1200 1708 duorum
1234 1655 1255 1687 ²
1284 1654 1574 1710 hominum
1606 1656 1748 1711 facta
1783 1673 2003 1712 inemo-

405 1757 608 1796 remus.
629 1742 845 1812 Moyses
867 1759 1103 1813 namque
1125 1759 1249 1796 cnm
1276 1745 1330 1796 in
1352 1744 1566 1799 deserto
1587 1761 1717 1800 oves
1739 1755 2001 1816 pasceret,

405 1844 436 1883 a
463 1829 703 1884 Domino
733 1847 828 1900 per
851 1831 1104 1900 angelum
1137 1832 1192 1886 in
1214 1833 1336 1902 igne
1360 1833 1613 1904 loquente
1644 1843 1870 1890 vocatus
1899 1844 1999 1904 est,

2104 640 2413 695 obedientia.
2437 671 2508 682 —
2542 639 2855 696 Notandum
2881 653 3012 691 vero
3034 644 3116 690 est
3135 634 3284 708 quod
3301 635 3408 692 hoc
3431 637 3556 693 loco
3585 653 3725 693 cum

2107 728 2296 785 inaure
2316 731 2458 797 ovis,
2479 747 2602 786 cum
2627 745 2729 784 ove
2764 728 2971 782 inauris
2999 725 3248 792 offertur,
3281 725 3411 799 quia
3443 725 3726 782 nimirum

2107 814 2366 872 innocuis
2397 818 2678 873 mentibus
2718 824 3106 872 ornamentum
3137 831 3351 885 semper
3379 813 3727 870 obedientiie

2102 903 2393 976 jungitur;
2427 907 2665 962 Domino
2694 912 3006 971 attestante,
3037 904 3132 976 qui
3163 905 3241 958 ait
3275 921 3286 958 ε
3315 904 3445 959 Oves
3463 919 3596 956 mea:
3619 919 3730 957 vo-

2105 1012 2209 1049 cem
2239 1013 2404 1049 meum
2432 998 2682 1062 audiunt,
2730 1003 2777 1049 et
2821 1013 2908 1062 ego
2937 1010 3181 1064 cognosco
3210 1010 3316 1059 eas,
3349 999 3396 1046 et
3424 998 3730 1062 sequuntur

2105 1103 2184 1139 me
2216 1087 2395 1156 (Joan.
2430 1104 2486 1155 x,
2517 1087 2632 1157 27).
2691 1088 2858 1141 Beato
2908 1083 3076 1156 igitur
3117 1082 3221 1138 Job
3274 1098 3437 1138 nemo
3465 1083 3730 1138 inaurem

2107 1181 2225 1236 sine
2255 1193 2378 1244 ove,
2408 1195 2571 1234 nemo
2599 1194 2758 1232 ovem
2819 1176 2938 1230 sine
2971 1177 3160 1230 inaure
3195 1171 3558 1244 obtulit,quia
3603 1187 3730 1242 pro-

2108 1275 2250 1330 fecto
2280 1269 2635 1342 Redemptori
2677 1285 2778 1323 suo
2809 1284 2919 1322 non
2949 1265 3161 1333 obedit,
3185 1264 3278 1336 qui
3313 1264 3585 1318 innocens
3609 1279 3732 1318 non

2108 1375 2220 1433 est;
2255 1375 2309 1421 et
2339 1367 2603 1420 innocens
2632 1368 2747 1416 'es'se
2793 1377 2902 1414 non
2935 1366 3140 1430 potest,
3177 1355 3274 1429 qui
3320 1353 3550 1410 obedire
3579 1369 3734 1409 con-

2109 1455 2324 1510 temnit.
2357 1454 2496 1521 Quia
2522 1468 2651 1507 vero
2701 1450 2814 1521 ipsa
2843 1447 3158 1504 obedientia
3187 1461 3298 1500 non
3343 1443 3540 1500 servili
3573 1451 3734 1498 metu

2109 1545 2202 1600 sed
2231 1543 2520 1599 charitatis
2571 1541 2768 1596 affectu
2799 1537 3064 1593 servanda
3099 1543 3201 1601 est,
3233 1551 3346 1589 non
3379 1542 3592 1590 terrore
3616 1550 3732 1605 pm-

2112 1651 2213 1701 nze,
2245 1632 2339 1688 sed
2370 1647 2554 1688 amore
2605 1628 2860 1701 justitize,
2912 1625 3098 1681 cuncti
3132 1625 3226 1697 qui
3275 1623 3342 1678 ad
3397 1623 3734 1680 convivium

2111 1722 2364 1789 veniunt,
2395 1735 2614 1777 auream
2648 1718 2896 1772 inaurem
2947 1715 3212 1770 obtulisse
3244 1712 3633 1784 perhibentur,
3667 1719 3731 1766 ut

2111 1811 2372 1866 videlicet
2403 1809 2459 1864 in
2484 1825 2546 1862 ea
2576 1824 2696 1879 quae
2745 1806 3045 1861 exhibetur
3090 1803 3424 1869 obedientia,
3479 1801 3729 1858 Charitas

405 1925 468 1973 ut
491 1917 788 1989 eripienda:
808 1920 959 1974 omni
990 1922 1358 1976 Israelitarum
1385 1923 1730 1980 multitudini
1752 1937 2002 1994 praeesset
2030 1897 2075 1956 B
2107 1901 2332 1994 fulgeit’
2361 1913 2482 1970 quae
2509 1896 2746 1994 ‘imftes
2789 1911 2980 1950 omnes
3011 1909 3315 1966 quasl'aun
3346 1908 3499 1972 mor-8
3530 1900 3730 1947 eam”

409 2006 612 2076 (Exod.
646 2009 756 2078 In).
786 2007 1036 2080 Sedquia
1061 2010 1204 2081 apud
1228 2028 1283 2064 se
1306 2019 1486 2066 mente
1507 2011 1736 2067 humilis
1765 2015 2000 2084 exstitit,

407 2093 646 2149 oblatam
679 2096 932 2166 protinus
979 2099 1117 2153 tanti
1167 2100 1451 2170 regiminis
1497 2101 1725 2170 gloriam
1755 2103 1999 2174 expavit,

407 2198 646 2255 moxque
675 2185 743 2240 ad
767 2185 1106 2241 inﬁrmitatis
1123 2189 1486 2259 patrocinium
1512 2193 1763 2259 recurrit,
1793 2193 1998 2248 dicens:

409 2271 649 2337 Obsecro,
682 2275 918 2341 Domine,
949 2293 1051 2330 non
1079 2295 1192 2330 smn
1240 2280 1480 2348 eloquens
1503 2299 1522 2345 ;
1549 2282 1613 2334 ab
1643 2284 1757 2336 heri
1800 2290 1847 2337 et
1900 2301 2001 2338 nu-

406 2361 714 2416 diustertius
743 2382 809 2418 ex
833 2381 935 2433 quo
964 2367 1161 2436 cerpisti
1193 2369 1335 2437 loqui
1365 2370 1435 2423 ad
1464 2387 1670 2424 servum
1703 2377 1870 2437 tuum,
1895 2379 2002 2426 tar-

407 2450 576 2505 dioris
592 2459 639 2506 et
658 2453 1006 2523 impeditioris
1033 2456 1222 2525 lingua:
1236 2474 1347 2510 sum
1377 2457 1549 2526 factus
1581 2460 1766 2528 (Ibid,
1797 2479 1856 2529 ν,
1887 2463 2000 2534 10).

405 2540 496 2608 Et,
545 2557 601 2596 se
647 2542 976 2614 postposito,
1032 2545 1202 2600 alium
1261 2546 1530 2618 deposcit,
1587 2547 1823 2605 dicens:
1859 2551 2006 2607 Mitte

410 2649 558 2701 quem
588 2632 852 2687 missurus
872 2651 922 2688 es
949 2633 1144 2702 (Ibid.,
1179 2636 1291 2705 13).
1323 2637 1464 2693 Ecce
1493 2654 1617 2694 cum
1646 2649 1866 2698 auctore
1899 2645 1998 2698 lin-

409 2737 526 2791 guee
549 2723 814 2794 loquitur,
827 2731 881 2779 et
905 2739 974 2779 ne
1002 2725 1138 2780 tanti
1173 2727 1281 2798 regi
1292 2729 1456 2785 minis
1484 2737 1804 2801 potestatem
1837 2735 2004 2790 susci-

407 2809 544 2882 piat,
576 2812 852 2883 elinguem
883 2830 940 2869 se
968 2831 1081 2870 esse
1108 2823 1381 2872 causatur.
1417 2818 1618 2874 Paulus
1665 2837 1882 2894 quoque
1911 2823 2008 2878 di-

410 2900 623 2954 vinitus
652 2901 828 2958 fuerat
856 2911 918 2958 ut
949 2903 1005 2958 in
1045 2905 1344 2961 Jerusalem
1385 2907 1665 2965 debuisset
1715 2911 2005 2968 ascendere

407 2989 741 3060 admonitus,
772 2992 916 3048 sicut
966 2992 1082 3065 ipse
1113 2994 1323 3052 Galatis
1365 2996 1504 3054 dicit
1538 3016 1550 3052 :
1588 3016 1600 3052 :
1635 3001 1836 3056 Deinde
1890 3011 2006 3073 post

404 3096 572 3133 annos
599 3083 993 3150 quatuordeeim
1010 3083 1029 3117 ³
1060 3083 1251 3138 iterum
1275 3087 1485 3140 ascendi
1513 3089 1895 3161 Jerosolymam
1922 3109 2004 3147 as-

405 3174 609 3239 sumpto
639 3169 895 3225 Barnaba
925 3177 973 3225 et
1007 3171 1158 3237 Tito;
1185 3174 1396 3229 ascendi
1419 3183 1594 3231 autem
1623 3180 1905 3235 secundum
1926 3199 2003 3236 re-

404 3258 710 3313 velationem
742 3259 950 3329 (Galat.
983 3278 1043 3326 ιι,
1069 3260 1180 3331 12).
1214 3263 1372 3336 Isque
1401 3263 1459 3320 in
1490 3265 1684 3322 itinere
1711 3285 1835 3324 cum
1867 3286 2006 3343 pro—
2039 3244 2084 3305 Ο

406 3344 626 3418 phetam
667 3347 916 3415 Agabum
953 3349 1259 3419 reperisset,
1291 3362 1495 3423 quanta
1520 3371 1576 3410 se
1619 3355 1921 3414 adversitas
1949 3361 2007 3416 in

405 3433 763 3504 Jerosolymis
790 3445 1034 3491 maneret
1075 3437 1290 3494 audivit
1333 3442 1481 3511 (Act.
1531 3444 1678 3515 XXI).
1729 3446 2006 3520 Scriptum

407 3521 610 3593 quippe
630 3529 710 3576 est
731 3523 874 3594 quod
909 3523 1055 3581 idem
1076 3527 1296 3598 Agabus
1325 3547 1517 3587 zonam
1540 3533 1694 3588 Pauli
1717 3535 1830 3592 suis
1860 3537 2009 3608 pedi-

405 3609 509 3666 bus
529 3611 944 3678 inserens,dixit
967 3632 978 3670 ε
1012 3617 1195 3674 Virum
1223 3619 1374 3688 cujus
1402 3623 1509 3677 hac
1548 3640 1685 3680 zona
1713 3633 1788 3680 est
1813 3627 1887 3681 sic
1915 3635 2009 3682 at-

410 3699 645 3769 ligabunt
668 3701 720 3755 in
736 3703 1031 3760 Jerusalem
1051 3705 1238 3776 (Ibid,
1266 3709 1378 3781 11).
1398 3711 1444 3766 Α
1467 3711 1635 3768 Paulo
1655 3721 1836 3770 autem
1871 3733 2008 3788 pro—

406 3789 564 3846 tinus
593 3793 954 3863 respondetur
982 3812 993 3850 :
1028 3798 1144 3867 Ego
1171 3815 1278 3854 non
1333 3802 1506 3856 solum
1550 3804 1794 3871 alligari,
1821 3807 1912 3860 sed
1961 3814 2008 3862 et

403 3879 546 3934 mori
562 3881 618 3934 in
645 3881 940 3938 Jerusalem
962 3893 1192 3956 paratus
1237 3905 1352 3943 sum
1375 3907 1480 3960 pro
1499 3893 1707 3947 nomine
1733 3895 1878 3960 Jesu,
1904 3913 2008 3951 ne-

405 3985 504 4038 que
547 3975 685 4025 enim
709 3973 1076 4043 pretiosiorem
1105 3975 1246 4046 facio
1275 3979 1514 4036 animam
1541 3999 1709 4036 meam
1737 4001 1898 4054 quam
1926 4004 2006 4040 me

403 4059 555 4130 (Ibid
582 4105 597 4129 ,
630 4060 740 4132 13).
775 4064 1144 4135 Praeceptione
1187 4067 1359 4138 igitur
1397 4070 1752 4128 revelationis
1779 4075 2006 4130 Jeroso—

408 4148 616 4220 lymam
647 4167 895 4225 pergens,
927 4155 1156 4212 adversa
1184 4158 1488 4226 cognoscit,
1529 4167 1581 4214 et
1601 4168 1783 4216 tamen
1810 4161 2006 4220 hzecli-

403 4237 598 4294 benter
619 4243 824 4310 appetit
842 4261 856 4308 ;
876 4243 1030 4299 audit
1045 4261 1166 4316 quas
1195 4247 1406 4314 timeat,
1437 4248 1532 4302 sed
1569 4249 1635 4304 ad
1673 4249 1792 4305 haec
1815 4251 2005 4308 arden-

403 4327 517 4382 tius
543 4328 784 4385 anhelat.
816 4331 1030 4402 Moyses
1060 4334 1242 4406 itaque
1270 4334 1337 4390 ad
1360 4351 1615 4406 prospera
1641 4337 1708 4393 de
1735 4355 1834 4395 suo
1863 4342 2004 4399 nihil

408 4412 726 4486 habet,quia
768 4417 1020 4488 precibus
1047 4423 1067 4454 ⁴
1117 4421 1395 4488 renititur,
1415 4440 1481 4479 ne
1512 4425 1822 4484 Israeliticae
1859 4430 2001 4501 plebi

407 4505 746 4576 praeferatur.
785 4507 986 4564 Paulus
1042 4510 1106 4566 ad
1140 4511 1370 4568 adversa
1401 4515 1567 4572 etiam
1629 4534 1697 4574 ex
1745 4537 1844 4577 suo
1873 4531 2006 4579 voto

2114 1989 2335 2044 metalla
2362 1984 2732 2042 transcendat.

2184 2078 2272 2134 33.
2296 2078 2458 2134 Nulla
2485 2082 2654 2147 potest
2679 2091 2783 2129 esse
2811 2081 2906 2127 aut
2935 2072 3227 2127 innocentia
3257 2078 3354 2126 aut
3401 2072 3728 2138 obedientia,

2115 2167 2220 2221 nisi
2250 2167 2306 2220 in
2336 2184 2445 2220 una
2475 2183 2603 2219 vera
2633 2165 2890 2220 Ecclesia.
2923 2194 2993 2204 —
3023 2162 3129 2218 Sed
3158 2162 3286 2235 quia
3316 2162 3473 2217 nulla
3503 2177 3624 2216 esse
3648 2162 3730 2216 in-

2116 2257 2393 2322 nocentia,
2421 2255 2574 2309 nulla
2595 2270 2710 2308 esse
2737 2272 2760 2306 \
2777 2269 2868 2308 era
2890 2252 3204 2308 obcdientia
3235 2251 3291 2306 in
3311 2249 3733 2321 multiplicibus

2115 2348 2499 2403 ha‘reticorum
2533 2344 2907 2400 divisionibus
2937 2351 3133 2416 potest,
3167 2343 3234 2398 ad
3255 2342 3635 2412 cognitionem
3672 2340 3733 2395 ﬁ-

2115 2438 2202 2494 dei
2236 2437 2518 2492 venientes
2546 2438 2780 2492 ollerant
2811 2454 2870 2492 οι
2885 2451 2992 2502 em,
3025 2433 3116 2489 sed
3149 2449 3353 2498 unam;
3386 2433 3628 2486 olferant
3651 2430 3734 2485 in-

2116 2545 2324 2598 aurem,
2355 2529 2448 2584 sed
2478 2526 2644 2583 unam
2671 2545 2684 2593 ;
2717 2526 2773 2582 id
2803 2534 2906 2593 est,
2933 2527 3070 2581 tales
3101 2525 3352 2591 veniant,
3385 2523 3482 2596 qui
3514 2523 3574 2577 in
3605 2522 3734 2578 uni-

2117 2627 2226 2674 tate
2255 2629 2453 2676 sanctze
2485 2619 2744 2674 Ecclesiae
2794 2617 3023 2672 innocui
3071 2615 3507 2686 obedientesque
3540 2613 3737 2685 persi—

2119 2717 2286 2764 stant.
2307 2709 2486 2763 Unum
2511 2707 2712 2780 quippe
2734 2705 2912 2761 dividi
2940 2708 2961 2740 δ
2981 2721 3076 2776 per
3095 2719 3354 2760 numeros
3381 2719 3494 2757 non
3516 2711 3736 2774 potest,

2119 2799 2250 2872 quia
2269 2799 2442 2855 ethoc
2469 2799 2645 2870 ipsum
2669 2814 2842 2853 unum
2868 2795 3015 2870 quod
3047 2794 3288 2850 dicimus
3319 2809 3587 2848 numerus
3615 2810 3736 2848 non

2118 2898 2217 2944 est.
2237 2889 2479 2943 Oll'erant
2503 2887 2668 2957 igitur
2687 2904 2870 2954 ovem,
2913 2886 3008 2941 sed
3037 2901 3205 2940 unam
3232 2903 3245 2950 ;
3277 2885 3514 2940 offerant
3556 2884 3739 2939 inau-

2118 2994 2255 3044 rem,
2285 2977 2378 3032 sed
2409 2993 2574 3032 unam
2600 2995 2613 3038 ;
2644 2976 2698 3031 id
2735 2983 2838 3042 est,
2871 2974 2939 3030 ad
2969 2983 3214 3031 sanetam
3263 2975 3572 3030 Ecclesiam
3599 2989 3734 3029 cum

2117 3066 2434 3123 innocentia
2451 3075 2614 3139 atque
2648 3064 2967 3120 obedientia
2993 3067 3303 3132 venientes,
3331 3080 3450 3120 eam
3485 3071 3736 3118 mentem

2115 3157 2362 3212 deferant
2392 3173 2553 3228 quam
2583 3163 2853 3211 sectarum
2886 3153 3184 3210 schismata
3233 3171 3342 3208 non
3370 3153 3656 3209 dividant.

2186 3245 2322 3319 [Vet.
2355 3245 2500 3317 ΧΗ
2560 3243 2646 3300 34.
2703 3246 2974 3311 Quantum
3028 3244 3090 3298 de
3139 3245 3452 3299 Judteorum
3516 3261 3740 3298 conver-

2114 3336 2258 3391 sione
2287 3334 2533 3406 futurum
2562 3335 2618 3388 in
2646 3336 2885 3390 Ecclesia
2933 3334 3210 3406 gaudium,
3266 3342 3314 3389 et
3359 3335 3739 3390 celebrandum

2116 3425 2408 3494 aliquando
2437 3423 2753 3479 convivium.
2775 3453 2846 3465 —
2867 3425 3097 3494 Aperire
3124 3423 3258 3480 libet
3287 3424 3479 3481 oculos
3501 3423 3656 3491 ﬁdei,
3681 3433 3741 3479 et

2118 3512 2256 3567 illud
2283 3519 2590 3566 extremum
2643 3520 2844 3568 sanctae
2875 3513 3134 3568 Ecclesiae
3168 3513 3234 3569 de
3274 3514 3627 3584 susceptione
3659 3516 3740 3570 Is-

2117 3603 2348 3659 raelitici
2380 3603 2570 3675 pepuli
2593 3602 2917 3658 convivium
2941 3603 3328 3674 contemplari.
3362 3603 3450 3659 Ad
3476 3603 3627 3676 quod
3649 3605 3738 3660 ni-

2118 3695 2319 3750 mirum
2348 3693 2670 3750 convivium
2702 3710 2931 3763 magnus
2974 3693 3068 3747 ille
3099 3693 3328 3748 veniens
3358 3693 3509 3748 Elias
3539 3695 3740 3750 convi-

2117 3783 2370 3839 vantium
2389 3783 2656 3838 invitator
2675 3783 2980 3838 adhibetur
3000 3800 3013 3848 ;
3039 3790 3094 3838 et
3115 3790 3250 3837 tunc
3265 3783 3742 3855 propinqui,tunc

2117 3873 2234 3928 noti
2255 3872 2321 3927 ad
2340 3889 2464 3927 eum
2491 3888 2618 3927 cum
2637 3871 2964 3926 muneribus
2986 3871 3415 3944 veniunt,quem
3437 3871 3496 3927 in
3512 3871 3744 3944 ﬂagello

2117 3963 2280 4034 paulo
2312 3970 2442 4017 ante
2460 3961 2706 4032 positum
2737 3967 3208 4032 contempserunt.
3232 3962 3746 4035 Appropinquante

2115 4055 2260 4108 enim
2286 4053 2375 4109 die
2385 4052 2699 4123 judicii,vel
2723 4068 2903 4122 przecu
2918 4054 3088 4108 rsoris
3107 4052 3359 4120 vocibus,
3385 4053 3476 4108 vel
3499 4053 3746 4126 quibus-

2117 4143 2240 4198 dam
2261 4142 2681 4214 erumpentibus
2711 4140 2905 4212 signis,
2935 4142 3055 4213 ipsa
3089 4143 3169 4198 eis
3197 4140 3312 4213 jam
3335 4140 3528 4214 aliquo
3559 4143 3743 4200 modo

2115 4233 2459 4288 advenientis
2475 4232 2698 4287 Domini
2719 4231 2898 4287 virtus
2921 4230 3416 4302 interlucet.Cujus
3435 4231 3576 4286 iram
3594 4231 3744 4288 dum

2117 4321 2416 4392 prmvenire
2449 4321 2734 4389 festinant,
2768 4321 3150 4378 conversionis
3178 4339 3290 4378 suae
3322 4330 3545 4392 tempus
3578 4338 3744 4379 acce-

2115 4410 2308 4464 lerant.
2341 4409 2606 4465 Conversi
2659 4419 2841 4466 autem
2899 4428 3025 4468 cum
3089 4412 3415 4467 muneribus
3463 4412 3739 4474 veniunt,

2113 4499 2241 4572 quia
2269 4515 2393 4554 eum
2425 4514 2586 4570 quem
2617 4500 2781 4570 paulo
2828 4509 2954 4556 ante
3003 4501 3061 4556 in
3097 4503 3350 4573 passione
3380 4500 3738 4572 deriserunt,

406 4593 650 4662 ducitur,
686 4595 814 4668 quia
845 4598 1116 4654 malorum
1172 4601 1582 4661 imminentium
1633 4610 2004 4679 cngnitionem
2037 4606 2086 4664 D
2112 4594 2245 4642 tunc
2273 4588 2546 4644 virtutum
2577 4605 2744 4660 opera
2771 4589 2926 4660 quasi
2957 4607 3188 4645 munera
3207 4591 3516 4659 offerendo,
3551 4609 3746 4650 vene-

406 4683 659 4756 percipit,
682 4685 776 4742 sed
803 4686 1095 4744 devotione
1125 4690 1351 4761 spiritus
1379 4695 1540 4750 etiam
1576 4697 1643 4753 ad
1663 4700 1874 4755 acriora
1888 4701 2008 4755 fer-

406 4773 597 4830 vescit.
630 4774 728 4830 Ille
760 4778 1041 4847 praesentis
1098 4783 1380 4850 potestatis
1411 4785 1640 4854 gloriam
1671 4789 1786 4843 Deo
1827 4790 2006 4844 voluit

398 4861 628 4934 jubente
655 4863 967 4932 declinare;
1021 4867 1141 4936 iste,
1198 4871 1310 4925 Deo
1357 4889 1548 4944 aspera
1573 4882 1627 4930 et
1654 4876 1794 4930 dura
1823 4877 2002 4949 dispo-

403 4960 588 5021 nente,
621 4970 677 5009 se
721 4953 937 5011 studuit
965 4956 1032 5012 ad
1062 4957 1315 5028 graviora
1364 4976 1686 5032 praeparare.
1721 4965 2002 5022 Prmennte

404 5059 530 5114 ergo
559 5051 921 5118 utrorumque
952 5045 1156 5103 ducum
1190 5047 1428 5105 infracta
1445 5051 1652 5108 virtute
1683 5055 1703 5088 ⁵
1745 5055 2004 5110 institui-

404 5147 548 5199 mur,
581 5141 644 5188 ut
675 5134 721 5188 si
748 5133 1076 5190 obedientiaa
1099 5137 1334 5207 palmam
1356 5138 1764 5210 apprehendere
1782 5146 2002 5200 veraci—

405 5225 489 5273 ter
517 5219 771 5290 nitimur,
787 5224 1064 5294 prosperis
1094 5224 1260 5297 hujus
1273 5227 1462 5282 seaculi
1496 5243 1566 5284 ex
1595 5231 1711 5286 sola
1729 5230 1998 5302 jussione,

405 5306 652 5364 adversis
678 5319 862 5368 autem
895 5312 1064 5368 etiam
1097 5330 1167 5369 ex
1197 5313 1497 5372 devotione
1526 5317 1848 5377 militemus.

483 5484 498 5516 ¹
533 5482 727 5550 Laud.,
760 5501 826 5537 ea:
853 5502 948 5540 suo
977 5489 1185 5552 aliquid
1214 5493 1512 5547 omnimodo
1542 5511 1647 5548 non
1666 5497 1872 5552 habere.

451 5553 500 5636 .9
531 5553 759 5636 Turong,
793 5555 986 5636 Laud.,
1018 5553 1504 5629 Val.Cl.,he-roum.
1539 5566 1796 5624 Pratel.et
1816 5570 2001 5625 Germ.

407 5625 668 5678 virorum.
693 5624 854 5682 Corh.
889 5624 1096 5697 Germ.,
1128 5624 1377 5688 verorum
1405 5637 1616 5692 civ-ium.

480 5697 500 5728 ³
533 5695 594 5748 In
630 5695 798 5753 Laud.
832 5697 985 5754 deest
1012 5700 1225 5756 iterum.

479 5768 500 5800 ι
532 5766 652 5823 Val.
687 5765 792 5835 CL,
824 5771 1035 5824 nititur.
1215 5747 1225 5758 ’

478 5839 498 5871 ⁵
533 5837 704 5895 Laud.
729 5847 784 5896 et
813 5841 936 5897 Val.
966 5839 1076 5908 CL,
1101 5842 1444 5902 instruimur.

2115 4685 2325 4745 rantur,
2359 4677 2500 4732 illud
2529 4679 2718 4749 procul
2749 4677 2920 4734 dubio
2972 4680 3076 4734 hac
3119 4696 3217 4735 sua
3261 4681 3550 4737 oblatione
3582 4701 3742 4740 com-

2115 4765 2327 4836 plentes
2344 4767 2492 4838 quod
2510 4775 2565 4821 et
2585 4767 2867 4823 cernimus
2884 4785 3079 4839 magna
3099 4783 3167 4824 ex
3191 4777 3341 4841 parte
3356 4768 3474 4840 jam
3491 4771 3742 4841 factum,

2113 4873 2166 4919 et
2189 4865 2370 4921 adhuc
2403 4865 2678 4922 credimus
2700 4868 2718 4900 ⁷
2739 4866 2979 4936 perfecte
3014 4865 3328 4922 faciendum
3360 4883 3371 4921 :
3405 4869 3745 4925 Adorabunt

2111 4971 2226 5007 eum
2263 4955 2389 5026 ﬁlia:
2426 4956 2556 5027 Tyri
2585 4956 2640 5008 in
2667 4955 2978 5010 muneribus
3017 4956 3191 5018 (Psal.
3225 4973 3380 5026 XLIV,
3421 4958 3538 5030 13).
3574 4959 3744 5018 Tunc

2111 5067 2344 5124 namque
2384 5051 2542 5108 illum
2575 5052 2796 5124 plenius
2829 5052 2957 5107 filiae
2986 5052 3119 5124 Tyri
3152 5053 3210 5109 in
3242 5055 3574 5111 muneribus
3605 5057 3743 5114 ado-

2108 5148 2250 5207 rant,
2281 5158 2406 5196 cum
2464 5143 2833 5198 lsraelitarum
2865 5150 3075 5198 mentes
3131 5143 3301 5216 hujus
3329 5160 3482 5200 nunc
3531 5146 3743 5204 mundi

2113 5229 2348 5285 subditae
2398 5231 2708 5299 desideriis,
2761 5232 2809 5286 ei
2843 5248 3006 5304 quem
3068 5233 3452 5304 superbientes
3499 5252 3742 5308 negave-

2115 5327 2263 5387 runt,
2295 5320 2626 5392 quandoque
2656 5321 2899 5392 cognito,
2962 5337 3074 5377 suae
3117 5321 3328 5378 hostias
3357 5323 3740 5384 confessionis

2185 5500 2204 5532 ⁷
2239 5498 2362 5553 Val.
2396 5498 2505 5563 CL,
2533 5516 2634 5569 per
2661 5500 2987 5556 innumeros.

2188 5570 2208 5602 ⁸
2236 5570 2339 5624 Ed.
2376 5569 2544 5624 etiam
2575 5578 2714 5644 vet.,
2747 5588 2812 5625 ex
2838 5590 3033 5644 mag-na
3057 5578 3231 5644 parte.
3267 5573 3440 5630 Gilot.
3476 5574 3549 5631 ad
3581 5591 3736 5630 mar-

2115 5639 2294 5719 ginem
2327 5641 2613 5719 annotavit
2643 5659 2742 5719 pro
2762 5659 2886 5719 _var.
2931 5639 3075 5700 lect.-
3112 5644 3358 5719 perfecte.
3421 5645 3630 5719 Sicque
3660 5647 3739 5701 le-

2113 5712 2350 5839 gemam
2383 5727 2450 5766 ex
2475 5713 2600 5768 Mss.
2635 5714 2852 5785 Anglic.
2886 5724 2940 5772 et
2971 5712 3197 5784 nostris,
3227 5731 3367 5787 quos
3421 5716 3518 5773 hic
3537 5712 3736 5792 'sequi-

2141 5799 2206 5838 ur
2283 5799 2505 5839 ussanv.

2141 5799 2206 5838 111'
2234 5799 2505 5840 ωιδδειηγ.
