3956 6380
254 318 358 375 769

983 326 1355 383 MORALIUM
1397 328 1530 384 LIB.
1574 329 1809 387 XXXV.
1851 360 1924 373 —
1960 333 2032 388 IN
2069 335 2300 393 CAPUT
2340 337 2488 395 XLII
2527 339 2588 394 Β.
2632 340 2775 397 JOB.

3468 352 3569 407 770

247 456 561 545 apportaut.
594 451 665 505 Et
707 453 961 545 quamvis
1007 436 1210 510 eisdem
1259 456 1601 529 temporibus
1649 460 1853 532 quibus
1878 466 1928 523 A
1962 471 2097 535 quot
2127 465 2333 535 amisit,
2364 474 2419 522 et
2447 467 2650 523 liberos
2678 469 2974 541 dupliciter
3011 474 3247 545 addidit,
3267 478 3357 535 cui
3380 478 3568 537 decem

248 540 636 595 Antichristus
653 544 1075 615 appropinquat,
1106 544 1455 617 aliquatenus
1474 548 1585 602 vita
1606 549 1857 605 ﬁdelium

250 629 485 685 minoris
515 648 629 686 esse
663 632 885 687 virtutis
921 642 1194 704 appareat,
1230 637 1485 707 quamvis
1516 637 1573 692 in
1594 639 1858 695 conﬂictu

250 718 405 773 illius
422 719 625 791 perditi
645 720 891 776 hominis
923 724 1103 794 gravis
1124 725 1285 780 etiam
1307 727 1471 783 corda
1500 728 1727 785 fortium
1750 732 1856 786 for-

248 807 403 864 mido
433 809 808 881 constringat:
841 812 967 866 Elia
995 819 1178 868 tamen
1224 816 1556 885 praedicante
1592 817 1851 885 roborati,

249 916 360 955 non
386 899 565 954 solum
594 898 784 954 ﬁdeles
818 901 1023 973 quique
1064 901 1121 955 in
1152 912 1351 958 sanctae
1378 906 1637 961 Ecclesiae
1669 908 1855 962 solidi-

248 994 359 1041 tate
387 988 710 1058 persistunt,
743 988 857 1055 sed,
895 990 1040 1045 sicut
1070 993 1326 1060 superius
1359 993 1626 1061 diximus,
1659 995 1725 1049 ad
1769 1013 1854 1050 co-

245 1076 554 1147 gnitionem
582 1076 712 1132 ﬁdei
746 1078 907 1132 multi
938 1095 1159 1151 quoque
1182 1097 1250 1135 ex
1280 1081 1598 1138 inﬁdelibus
1627 1100 1854 1140 conver-

246 1174 462 1232 tuntur;
487 1167 565 1222 ita
585 1174 645 1221 ut
664 1168 977 1223 Israeliticae
1000 1170 1176 1240 gentis
1198 1170 1463 1242 reliquiw,
1488 1189 1608 1244 quae
1626 1175 1853 1246 repulsa:

246 1256 402 1327 prius
432 1256 687 1312 funditus
707 1256 946 1325 fuerant,
970 1258 1039 1313 ad
1055 1260 1241 1315 sinum
1268 1262 1460 1316 matris
1479 1264 1737 1319 Ecclesiae
1766 1266 1853 1335 pia

244 1346 570 1401 omnimodo
600 1346 897 1402 devotione
928 1358 1279 1405 concurrant.
1306 1351 1459 1407 Unde
1479 1360 1531 1408 et
1552 1353 1689 1411 bene
1705 1371 1852 1411 nunc

241 1435 503 1492 subditur
536 1455 547 1491 :

665 1526 897 1583 CAPUT
940 1528 1046 1585 xv
1088 1527 1228 1602 [Vet.
1260 1531 1438 1606 XVI].

316 1617 489 1674 Vsus.
542 1617 627 1673 12.
687 1647 757 1658 -
814 1623 1004 1680 1159
1062 1621 1322 1676 Dominus
1373 1630 1547 1679 autem
1588 1624 1852 1680 benedixit

238 1713 547 1767 novissimis
576 1714 671 1769 Job
702 1714 893 1786 magis,
921 1733 1077 1785 quam
1104 1718 1373 1789 principio
1392 1719 1522 1788 ejus.

314 1802 404 1856 35.
434 1803 578 1857 Deus
606 1804 905 1859 novissimis
934 1808 1203 1873 Ecclesiae,
1233 1809 1519 1879 multiplici
1545 1811 1847 1865 animarum
1886 1824 1932 1883 Β

237 1894 540 1949 collectione
582 1896 855 1952 benedicet.
887 1928 957 1938 —
1006 1898 1133 1953 lIzec
1172 1897 1436 1956 historice
1492 1902 1635 1957 facta
1681 1901 1852 1958 credi-

241 2000 386 2051 mus,
417 1984 534 2040 hzec
576 1988 811 2057 mystice
856 1987 1109 2043 facienda
1152 2005 1451 2060 speramus.
1490 1991 1661 2061 Magis
1703 1990 1849 2045 enim

238 2074 562 2130 novissimis
608 2077 711 2132 Job
767 2094 941 2149 quam
995 2079 1273 2151 principio
1319 2080 1689 2148 benedicitur,
1722 2080 1852 2152 quia

239 2173 508 2236 quantum
542 2165 609 2221 ad
631 2167 919 2223 Israelitici
952 2168 1142 2239 populi
1164 2169 1565 2239 susceptionem
1590 2169 1846 2240 pertinet,

238 2263 469 2325 urgente
499 2255 607 2310 ﬁne
638 2256 920 2328 praesentis
952 2256 1158 2324 saeculi,
1193 2257 1438 2312 dolorem
1489 2266 1687 2313 sanctae
1733 2258 1849 2313 Ec-

237 2344 420 2401 clesia:
449 2348 720 2403 Dominus
748 2348 1059 2403 animarum
1102 2348 1403 2419 multiplici
1458 2350 1471 2382 ί
1519 2348 1846 2405 collectione

234 2436 587 2491 consolatur.
650 2438 823 2492 Tanto
895 2438 1096 2509 quippe
1164 2438 1491 2509 locupletius
1555 2437 1842 2506 ditabitur,

237 2533 447 2597 quanto
476 2534 530 2580 et
556 2525 906 2581 manifestius
928 2526 1226 2581 innotescit
1258 2526 1404 2596 quod
1426 2526 1494 2580 ad
1516 2526 1680 2582 ﬁnem
1714 2544 1845 2599 prm-

234 2617 411 2670 sentis
442 2614 569 2671 vitae
594 2616 971 2686 temporalitas
1002 2624 1247 2686 urgetur.
1282 2615 1672 2671 Praedicatores
1690 2634 1844 2672 nam-

232 2721 348 2777 que
374 2714 575 2761 sanctae
605 2706 863 2761 Ecclesiw
892 2706 1276 2762 benedictione
1323 2708 1555 2762 extremi
1582 2709 1846 2779 temporis

231 2794 531 2848 Psalmista
559 2793 725 2849 ditari
755 2802 1136 2865 conspexerat,
1181 2811 1309 2851 cum
1352 2795 1571 2851 dicebat
1600 2815 1611 2852 :
1657 2799 1845 2853 Adhuc

231 2882 743 2951 multiplicabuntur
797 2884 853 2937 in
904 2891 1104 2938 senecta
1133 2884 1305 2948 uberi,
1339 2890 1385 2937 et
1429 2884 1549 2937 bene
1587 2886 1845 2954 patientes

236 2976 421 3034 erunt,
441 2977 499 3023 ut
526 2973 842 3025 annmitient
871 2973 1050 3042 (Psal.
1087 2973 1333 3043 xcr,15).
1359 2974 1417 3028 In
1436 2982 1652 3029 senecta
1683 2975 1845 3029 scili-

232 3067 323 3117 cet
357 3058 513 3115 uberi
537 3060 1002 3131 multiplicantur,
1025 3062 1154 3133 quia
1169 3078 1294 3117 cum
1317 3078 1506 3118 eorum
1525 3064 1639 3118 vita
1659 3064 1841 3120 diﬂ'er-

1970 554 2320 624 postmodum
2339 554 2397 609 in
2427 572 2589 611 carne
2620 557 2880 626 restituit,
2905 560 3089 617 decem
3113 581 3244 621 vero
3265 567 3358 639 qui
3381 568 3569 624 amissi

1971 642 2187 697 fuerant
2235 643 2291 698 in
2335 645 2551 701 occulta
2590 646 2902 702 animarum
2922 640 3050 705 ‘vita
3071 656 3389 713 reservavit.
3426 656 3566 731 [Vet.

1970 731 2175 805 XVII.]
2210 732 2264 787 Si
2296 734 2419 805 quis
2453 741 2634 789 autem
2668 734 2723 789 in
2756 735 3032 807 praedictis
3054 742 3403 812 animalibus,
3424 756 3568 818 post-

1972 819 2147 889 posito
2176 821 2361 875 culmo
2392 821 2659 890 historiae,
2692 829 2755 878 ut
2783 823 3157 883 intellectuale
3174 828 3433 887 videlicet
3453 835 3568 889 ani-

1970 908 2099 974 mal,
2134 908 2280 978 pasci
2302 911 2695 981 mysteriorum
2725 910 2880 983 fruge
2909 914 3203 985 desiderat,
3238 934 3459 975 necesse
3489 931 3570 978 est

1970 1005 2030 1050 ut
2059 1011 2179 1069 quae
2207 998 2478 1054 sentimus
2498 1009 2783 1070 agnoscat.
2819 1002 3137 1075 Intelligere
3179 1006 3327 1062 enim
3372 1026 3571 1079 possu-

1969 1104 2092 1142 mus
2126 1088 2272 1160 quod
2304 1088 2360 1142 in
2392 1088 2479 1145 his
2510 1090 2842 1146 animalibus
2870 1103 3159 1166 aggregata
3186 1094 3571 1155 ﬁdeliumuni-

1969 1176 2200 1231 versitas
2228 1177 2569 1249 designatur.
2593 1180 2736 1236 Hinc
2764 1187 2845 1235 est
2871 1197 3110 1255 namque
3135 1185 3283 1256 quod
3305 1202 3401 1257 per
3430 1188 3569 1243 Psal-

1968 1267 2185 1322 mistam
2217 1266 2364 1323 Patri
2392 1268 2458 1323 de
2486 1269 2628 1324 Filio
2656 1268 2863 1326 dicitur
2894 1289 2905 1326 :
2942 1273 3129 1329 Omnia
3176 1274 3439 1343 subjecisti
3476 1279 3570 1333 sub

1959 1357 2180 1427 pedibus
2208 1358 2343 1427 ejus,
2375 1375 2492 1412 oves
2520 1364 2566 1412 et
2595 1359 2741 1413 boves
2758 1362 3053 1431 universas,
3071 1363 3291 1433 insuper
3310 1372 3357 1419 et
3377 1384 3569 1435 pecora

1964 1448 2136 1517 campi
2160 1448 2341 1517 (Psal.
2373 1464 2496 1515 VIII,
2529 1449 2609 1519 8).
2642 1449 2785 1506 Hinc
2813 1458 2894 1505 est
2924 1450 3071 1523 quod
3101 1451 3247 1507 idem
3304 1454 3571 1525 propheta

1963 1544 2207 1592 sanctam
2228 1537 2530 1593 Ecclesiam
2552 1538 2832 1609 simplices
2852 1555 3097 1611 quosque
3111 1540 3421 1597 inhabitare
3441 1560 3567 1598 con-

1963 1626 2222 1696 spiciens,
2254 1626 2332 1681 ait
2362 1643 2373 1681 :
2406 1626 2685 1682 Animalia
2730 1633 2821 1682 tua
2864 1628 3178 1684 habitabant
3208 1630 3268 1685 in
3297 1649 3356 1687 ea
3388 1632 3563 1703 (Psal.

1963 1730 2138 1782 LXVII,
2175 1715 2287 1786 11).

2035 1804 2121 1858 37.
2159 1803 2305 1869 Quid
2334 1820 2463 1874 ergo
2495 1804 2551 1858 in
2583 1804 2782 1860 ovibus
2811 1806 2918 1860 nisi
2953 1806 3292 1874 innocentes,
3326 1809 3460 1880 quid
3508 1811 3565 1865 in

1962 1894 2187 1949 camelis
2210 1894 2317 1948 nisi
2345 1910 2437 1949 eos
2460 1894 2553 1966 qui
2574 1902 2897 1949 caeterorum
2922 1897 3063 1950 mala
3086 1904 3370 1953 transeunt
3393 1902 3412 1935 ³
3435 1916 3565 1955 exu-

1960 1982 2275 2039 berantium
2307 1990 2555 2039 tortuosa
2587 1983 2729 2039 mole
2759 1984 3046 2053 vitiorum,
3080 1986 3216 2059 quid
3265 1987 3322 2042 in
3361 1985 3567 2060 jugatis

1960 2072 2137 2129 bobus
2158 2074 2264 2129 nisi
2287 2074 2560 2128 Israelitas
2591 2074 2697 2144 legi
2727 2073 2997 2142 subditos,
3022 2075 3158 2147 quid
3182 2076 3241 2131 in
3271 2078 3440 2133 asinis
3456 2079 3565 2134 nisi

1960 2164 2239 2236 simplices
2273 2164 2563 2236 gentilium
2597 2174 2806 2220 mentes
2824 2167 3159 2237 accipimus?
3178 2169 3314 2223 Nam
3332 2169 3462 2241 quia
3484 2170 3563 2224 in-

1959 2262 2218 2311 nocentes
2250 2255 2455 2327 quique
2480 2254 2672 2309 ovium
2704 2256 2931 2311 nomine
2978 2255 3357 2327 designantur,
3390 2266 3566 2313 testa-

1956 2349 2048 2398 tur
2074 2343 2382 2412 Psalmista,
2416 2343 2509 2415 qui
2543 2344 2620 2399 ait
2654 2361 2664 2399 :
2699 2344 2808 2399 Nos
2863 2351 3038 2400 autem
3071 2347 3307 2417 populus
3341 2347 3476 2415 eius,
3518 2354 3565 2401 et

1956 2448 2073 2485 oves
2096 2449 2311 2502 pascuae
2345 2434 2461 2502 ejus
2494 2433 2668 2504 (Psal.
2715 2450 2869 2501 xcrv,
2914 2433 2993 2505 7).
3026 2436 3211 2507 Neque
3270 2436 3419 2491 enim
3469 2436 3564 2508 qui

1944 2539 2173 2593 servare
2205 2523 2579 2579 innocentiam
2611 2524 2918 2596 negligant,
2952 2524 3047 2580 illa
3079 2526 3306 2582 internae
3345 2543 3561 2600 pascuae

1954 2615 2252 2670 refectione
2280 2614 2566 2671 satiantur.

2028 2705 2115 2760 38.
2150 2704 2357 2760 Cameli
2380 2722 2510 2760 vero
2540 2705 2764 2761 nomine
2794 2707 3091 2779 aliquando
3146 2707 3205 2763 in
3254 2726 3408 2765 sacro
3438 2710 3564 2766 elo-

1955 2794 2086 2865 quio
2116 2794 2406 2861 Dominus,
2441 2794 2739 2865 aliquando
2770 2796 3059 2867 gentilium
3092 2796 3349 2869 superbia
3376 2798 3560 2871 expri-

1955 2883 2145 2950 mitur,
2180 2883 2335 2956 quasi
2363 2892 2712 2940 excrescente
2752 2886 2987 2957 desuper
3028 2894 3247 2943 tumore
3290 2896 3555 2944 tortuosa.

1959 2979 2149 3036 1160
2174 2973 2312 3041 Quia
2352 2973 2499 3028 enim
2544 2974 2612 3029 ad
2663 2974 3013 3045 suscipienda
3054 2994 3220 3033 onera
3263 2986 3455 3048 sponte
3502 2994 3558 3034 se

1951 3071 2194 3127 camelus
2222 3072 2504 3140 humiliat,
2538 3090 2646 3128 non
2678 3074 2957 3130 immerito
2982 3074 3365 3146 Redemptoris
3383 3077 3556 3132 nostri

232 3158 349 3217 tur,
369 3165 583 3220 semper
611 3149 681 3205 ad
708 3150 904 3204 melius
945 3150 1213 3205 fortitudo
1261 3152 1604 3223 producitur,
1657 3154 1843 3227 eisque
1876 3179 1920 3241 ρ
1950 3161 2178 3233 gratiam
2209 3161 2476 3233 designat,
2507 3163 2601 3234 qui
2630 3162 2689 3217 in
2724 3180 2789 3218 eo
2818 3163 2966 3237 quod
2985 3163 3325 3221 inﬁrmitatis
3355 3173 3557 3221 nostrae

233 3254 334 3310 per
362 3245 717 3309 augmentum
748 3246 1059 3308 temporum
1091 3247 1347 3295 crescunt
1364 3244 1530 3295 etiam
1561 3242 1712 3297 lucra
1732 3260 1839 3297 me-

233 3329 493 3385 ritorum.
528 3330 675 3384 Bene
705 3335 888 3382 autem
924 3328 1192 3400 patientes
1240 3338 1368 3385 sunt
1397 3339 1458 3385 ut
1486 3334 1836 3402 annuntient,

233 3418 368 3491 quia
397 3418 640 3473 ccelestia
670 3418 1051 3489 praedicantes,
1084 3426 1240 3473 tanto
1284 3420 1565 3476 robustius
1613 3422 1842 3478 adversa

232 3508 490 3575 tolerant,
523 3515 729 3581 quanto
759 3514 812 3563 et
842 3524 936 3579 per
966 3508 1313 3564 tolerantiam
1344 3527 1499 3566 suam
1528 3511 1839 3569 animarum

231 3597 527 3653 commoda
556 3596 884 3669 locupletius
914 3604 1212 3669 reportant.
1247 3600 1505 3671 Sequitur
1537 3619 1550 3657 :

659 3706 888 3761 CAPUT
928 3705 1057 3761 XVI
1100 3703 1243 3777 [Rea
1285 3706 1415 3779 XI].

380 3796 553 3853 Vsus.
588 3797 672 3863 12,
712 3796 794 3851 I3.
826 3825 896 3835 -
924 3797 999 3849 Et
1026 3794 1170 3864 facta
1199 3802 1322 3849 sunt
1349 3797 1396 3851 ei
1441 3800 1841 3868 quatuordecim

232 3885 412 3939 millia
457 3885 653 3951 ovium,
686 3889 732 3937 et
757 3900 848 3937 ser
878 3883 1052 3937 millia
1093 3885 1434 3951 camelorum,
1466 3892 1512 3940 et
1544 3886 1689 3942 mille
1706 3889 1841 3960 juga

230 3976 409 4041 boum,
429 3982 477 4030 et
502 3975 648 4029 mille
671 3974 837 4030 asina
857 3992 878 4039 ;
898 3979 946 4027 et
971 3972 1194 4043 fuerunt
1217 3975 1263 4029 ei
1291 3981 1479 4045 septem
1508 3977 1631 4047 filii,
1662 3984 1709 4033 et
1739 3985 1840 4034 tres

226 4064 381 4137 filice.

205 4170 225 4184 ⁸
304 4153 394 4208 36.
429 4154 495 4209 In
524 4152 808 4223 duplicatis
837 4153 934 4208 Job
965 4155 1221 4209 armentis
1263 4161 1310 4210 et
1352 4154 1614 4225 gregibus,
1646 4172 1842 4225 aggre-

227 4250 357 4315 gata
382 4242 620 4315 ﬁdelium
650 4244 967 4298 universitas
996 4245 1309 4315 designatur
1341 4262 1352 4299 :
1378 4245 1753 4311 innocentium,
1784 4246 1841 4301 in

228 4333 375 4387 vitiis
409 4333 537 4388 olim
566 4332 996 4403 superbientium,
1009 4333 1142 4405 juga
1165 4334 1289 4405 legis
1309 4334 1659 4403 subditorum,
1680 4335 1840 4406 genti-

238 4424 392 4478 lium.
424 4453 495 4463 —
524 4421 683 4490 Quod
713 4430 919 4494 septem
968 4424 1145 4479 millia
1176 4424 1386 4493 ovium,
1419 4433 1473 4481 et
1521 4427 1626 4481 tria
1664 4428 1843 4483 millia

232 4514 595 4580 camelorum,
630 4520 684 4568 et
715 4513 1018 4585 quingenta
1042 4513 1177 4586 juga
1206 4515 1397 4583 boum,
1429 4524 1483 4571 et
1512 4517 1840 4589 quingentas

232 4607 418 4662 asinas
437 4612 564 4659 ante
595 4603 975 4675 probationem
1014 4608 1386 4676 percussionis
1416 4607 1689 4677 habuerit,
1734 4610 1849 4681 ipsa

231 4694 481 4768 ejusdem
511 4693 759 4750 historiae
789 4694 1038 4765 praefatio
1070 4696 1348 4762 ostendit;
1383 4714 1503 4768 quae
1540 4714 1633 4769 per
1664 4698 1844 4771 ﬂagel-

234 4786 350 4840 lum
382 4783 683 4856 perdita,ea
712 4799 860 4839 nunc
890 4784 1280 4855 suutduplicia
1302 4786 1574 4842 restituta.
1599 4788 1729 4843 Filii
1752 4805 1844 4845 au-

232 4884 345 4931 tem
368 4875 601 4929 totidem
623 4882 752 4929 sunt
774 4872 975 4927 redditi
992 4875 1011 4906 ²
1033 4882 1167 4945 quot
1186 4874 1619 4947 amissi.Septem
1642 4879 1844 4951 quippe

229 4965 382 5022 ﬁlios
411 4972 465 5020 et
494 4972 603 5020 tres
651 4964 794 5019 ﬁlias
822 4963 1036 5031 habuit,
1068 4974 1273 5036 septem
1304 4974 1488 5020 autem
1520 4983 1668 5023 nunc
1698 4968 1842 5023 ﬁlios

231 5062 289 5110 et
322 5061 431 5110 tres
459 5054 601 5110 ﬁlias
630 5055 898 5126 recepisse
929 5052 1279 5120 describitur,
1309 5060 1370 5109 ut
1397 5061 1452 5108 et
1499 5053 1560 5108 hi
1607 5056 1702 5127 qui
1751 5072 1842 5112 ex-

231 5148 424 5207 stincti
446 5148 666 5204 fuerant
702 5148 891 5205 vivere
919 5148 1389 5204 demonstrentur.
1414 5150 1558 5203 Dum
1580 5148 1731 5204 enim
1760 5150 1843 5205 di-

231 5239 665 5296 citurzAddidit
684 5240 942 5294 Dominus
972 5256 1291 5310 quau-ungue
1339 5238 1560 5307 fuerant
1599 5238 1697 5294 Job
1740 5240 1843 5295 du-

224 5329 397 5402 plicia
417 5329 537 5400 (Job
558 5345 694 5397 χιιι,
714 5329 826 5401 10),
842 5336 897 5384 et
915 5336 1099 5384 tamen
1120 5327 1351 5384 totidem
1368 5326 1514 5383 ﬁlios
1530 5326 1581 5383 ei
1601 5328 1846 5385 restituit

314 5542 327 5575 ¹
360 5539 555 5607 Laud.,
587 5540 846 5595 electione.

309 5614 330 5647 ²
361 5613 514 5668 Editi
562 5619 681 5667 tum
730 5618 841 5665 vet.
874 5618 994 5665 tum
1038 5621 1269 5681 recent.,
1302 5617 1429 5683 quot
1475 5610 1674 5669 amisit.
1706 5609 1837 5668 Mss.

232 5685 555 5757 scrupulose
585 5683 929 5737 inluesimus.

308 5759 330 5792 ³
360 5754 635 5830 Είὶιθῑὶδιιι
664 5764 801 5823 vet.,
822 5754 1133 5830 exuberanti
1155 5756 1265 5830 (vel
1283 5756 1640 5830 extuberanti)
1666 5762 1715 5811 et
1732 5761 1836 5810 tor-

235 5839 409 5889 tuosa.
432 5828 644 5897 Germ.,
667 5827 1133 5886 extumerantium.
1164 5827 1421 5889 Nostram
1452 5830 1578 5889 lect.
1620 5827 1836 5902 suppe-

1953 3268 2118 3307 onera
2148 3251 2421 3323 suscipere
2452 3252 2709 3323 dignatus
2736 3261 2838 3321 est,
2870 3271 2902 3309 a
2930 3255 3215 3325 potestatis
3246 3271 3356 3310 suae
3386 3255 3558 3311 celsi-

1952 3347 2144 3403 tudine
2174 3356 2367 3420 sponte
2397 3346 2887 3405 descendit.-Unde
2940 3356 2995 3403 et
3051 3364 3145 3419 per
3194 3349 3557 3419 Evangelium

1954 3435 2091 3492 dicit
2112 3439 2445 3493 :Potestatem
2472 3438 2631 3492 habeo
2661 3438 2893 3508 ponendi
2921 3438 3160 3493 animam
3188 3455 3376 3503 meam,
3407 3445 3556 3510 etpo-

1956 3531 2184 3581 testatem
2222 3527 2382 3582 habeo
2430 3527 2621 3582 iterum
2650 3527 2888 3582 sumendi
2917 3545 3029 3582 eam
3061 3528 3241 3599 (Joan.
3274 3544 3331 3595 x,
3369 3528 3480 3599 18),
3513 3533 3560 3582 et

1952 3633 2100 3671 nemo
2131 3616 2269 3671 tollit
2297 3634 2409 3671 eam
2430 3635 2463 3671 a
2493 3634 2591 3673 me.
2614 3618 2685 3672 Et
2700 3615 2846 3672 unde
2876 3617 3076 3672 iterum
3107 3616 3245 3673 dicit
3276 3635 3287 3671 :
3323 3617 3559 3672 Facilius

1952 3714 2027 3762 est
2054 3710 2308 3763 camelum
2331 3724 2433 3779 per
2451 3707 2698 3777 foramen
2718 3724 2844 3762 acus
2873 3707 3110 3763 transire
3149 3724 3308 3777 quam
3340 3708 3558 3761 divitem

1953 3798 2161 3852 intrare
2204 3799 2259 3853 in
2308 3814 2527 3869 regnum
2573 3798 2824 3853 calorum
2848 3797 3069 3867 (Matth.
3103 3812 3225 3864 XIX,
3259 3795 3373 3867 24).
3411 3795 3557 3863 Quid

1953 3886 2101 3941 enim
2136 3888 2361 3943 nomine
2389 3886 2583 3942 divitis
2612 3887 2719 3943 nisi
2751 3885 3053 3959 quemlibet
3071 3885 3295 3952 elatum,
3316 3883 3452 3957 quid
3472 3900 3557 3941 ca-

1953 3975 2081 4030 meli
2111 3976 2499 4047 appellatione,
2552 3974 2660 4031 nisi
2713 3977 2996 4047 propriam
3035 3973 3556 4030 condescensionem

1952 4065 2174 4137 signat?
2204 4065 2462 4121 Camelus
2482 4065 2629 4121 enim
2654 4081 2755 4136 per
2770 4064 3017 4119 foramen
3038 4080 3167 4120 acus
3183 4063 3558 4131 transiit,cum

1953 4155 2099 4210 idem
2130 4155 2463 4227 Redemptor
2492 4163 2680 4211 noster
2710 4170 2882 4226 usque
2904 4154 2972 4209 ad
2989 4153 3392 4225 susceptionem
3415 4170 3556 4209 mor-

1952 4246 2023 4300 tis
2044 4262 2138 4316 per
2168 4244 2446 4316 angustias
2477 4243 2747 4315 passionis
2768 4243 3018 4300 intravit.
3039 4244 3169 4311 Quae
3201 4243 3384 4316 passio
3406 4243 3559 4298 velut

1952 4354 2083 4393 acus
2105 4337 2338 4403 exstitit,
2371 4336 2503 4409 quia
2532 4335 2722 4391 dolore
2765 4352 2968 4408 corpus
3014 4335 3265 4407 pupugit.
3319 4332 3559 4390 Facilius

1952 4434 2135 4482 autem
2165 4425 2408 4483 camelus
2438 4442 2533 4497 per
2560 4424 2811 4481 foramen
2828 4442 2957 4481 acus
2983 4425 3185 4481 transit
3209 4441 3373 4497 quam
3403 4423 3560 4480 dives

1952 4518 2220 4573 cmlorum
2271 4530 2502 4587 regnum
2552 4514 2887 4586 ingreditur,
2916 4514 3051 4587 quia
3088 4514 3198 4570 nisi
3247 4513 3363 4587 ipse
3406 4512 3561 4585 prius

1958 4606 2297 4661 inﬁrmitatis
2359 4612 2556 4661 nostra:
2609 4621 2778 4661 onera
2828 4604 3136 4678 suscipiens
3191 4620 3288 4675 per
3342 4604 3560 4676 passio-

1955 4712 2081 4752 nem
2112 4712 2268 4753 suam
2301 4697 2321 4731 δ
2350 4694 2601 4752 foramen
2630 4695 2793 4752 nobis
2841 4695 3181 4751 humilitatis
3224 4694 3555 4761 ostenderet,

1954 4803 2297 4859 nequaquam
2332 4800 2388 4841 se
2416 4784 2486 4840 ad
2516 4785 2894 4842 humilitatem
2926 4786 3081 4841 illius
3110 4784 3345 4856 superba
3372 4792 3562 4839 nostra

1953 4878 2205 4949 rigiditas
2232 4878 2545 4935 inclinaret.
2583 4879 2822 4935 Rursum
2843 4878 3039 4934 cameli
3071 4874 3295 4931 nomine
3312 4874 3560 4931 tortuosa

1951 4983 2014 5023 ac
2043 4969 2204 5039 plena
2219 4967 2372 5024 vitiis
2393 4967 2671 5040 gentilitas
2694 4967 3031 5037 designatur,
3054 4964 3196 5020 sicut
3216 4980 3311 5035 per
3329 4963 3557 5035 Moysen

1951 5056 2157 5113 dicitur
2205 5058 2351 5129 quod
2399 5056 2666 5114 inclinata
2702 5055 2818 5128 jam
2866 5056 2960 5111 die
3016 5070 3292 5125 egressum
3325 5053 3384 5108 in
3428 5068 3557 5124 agro

1951 5150 2101 5205 Isaac
2131 5150 2188 5205 in
2218 5150 2428 5205 camelo
2448 5148 2645 5205 sedens
2673 5147 2925 5205 Rebecca
2952 5145 3325 5216 conspexerit,
3350 5159 3415 5201 ac
3434 5160 3557 5217 pro-

1954 5240 2105 5295 tinus
2134 5240 2201 5295 de
2230 5240 2442 5297 camelo
2471 5237 2841 5305 descendit,et
2869 5251 2984 5292 sese
3004 5235 3178 5308 pallio
3198 5234 3268 5291 ad
3284 5234 3558 5291 visionem

1954 5331 2105 5388 illius
2126 5331 2491 5389 verecundata
2502 5329 2788 5402 cooperuit
2806 5328 2962 5400 (Gen.
2982 5325 3238 5395 xxiv,6b,
3257 5326 3351 5399 65)
3364 5325 3557 5393 .Quem

1952 5535 2203 5621 g’itarunt
2256 5532 2420 5590 Corb.
2478 5533 2686 5600 Germ.,
2745 5533 2978 5601 Turon.,
3038 5531 3162 5589 Val.
3204 5530 3312 5599 CL,
3373 5538 3428 5586 et
3477 5530 3553 5602 pl.

1949 5610 2157 5735 Martii};
2178 5679 2305 5735 Mss.
2340 5686 2392 5733 et
2440 5684 2548 5733 vet.
2594 5676 2747 5732 Edit.
2806 5678 2870 5731 In
2917 5676 3111 5744 Gilot.,
3159 5676 3367 5743 Vatic.,
3402 5674 3556 5729 Gus-

2515 5748 2627 5805 uod
2676 5749 2842 5807 etiam
2902 5750 3021 5820 lego
3077 5750 3137 5805 in
3193 5748 3321 5804 Mss.
3379 5744 3552 5799 duob.

1949 5769 2130 5831 s_anv.,
2178 5752 2431 5831 @rmam,
2461 5766 2594 5831 quq

2555 5830 2650 5878 tic.

1949 5826 2157 5894 Germ.,
2191 5824 2390 5881 Pratel.
2422 5829 2477 5879 et
