3956 6410
383 332 487 393 771
552 300 561 313 ’

1597 328 1854 389 8ΛΝΟΤΙ
1891 327 2230 389 GREGORII
2263 330 2493 388 MAGNI

3594 327 3705 386 772

381 456 534 513 enim
561 456 710 513 Isaac
732 453 929 523 alium,
960 452 1020 511 in
1045 467 1112 511 eo
1135 451 1282 527 quod
1310 451 1576 517 inclinata
1612 451 1730 525 jam
1774 449 1868 507 die
1912 450 1974 507 in
1999 454 2053 517 Α
2079 453 2236 510 Beati
2262 455 2357 526 qui
2382 453 2655 511 seminatis
2679 447 2840 526 super
2864 469 3045 512 omnes
3070 470 3262 526 aquas,
3292 455 3318 491 ⁵
3355 455 3707 513 intme

381 564 513 623 agro
541 561 786 618 egressus
812 544 1013 616 fuerat,
1042 543 1384 619 designabat,
1413 545 1523 605 nisi
1553 561 1680 603 eum
1728 542 1827 618 qui
1871 558 1984 600 ex—

380 644 559 697 tremo
578 631 746 706 huius
761 633 959 693 mundi
970 635 1400 710 tempore,velut
1418 635 1479 695 in
1498 634 1610 693 diei
1629 634 1740 690 ﬁne
1753 632 1984 691 veniens

382 727 539 805 quasi
559 727 621 784 in
642 743 837 801 agrum
858 727 1007 787 foras
1025 728 1167 787 exiit
1195 729 1224 786 ?
1247 730 1381 802 quia
1394 744 1523 787 cum
1541 728 1617 784 sit
1644 726 1973 794 invisibilis,

381 819 443 879 in
470 819 578 879 hoc
606 817 817 879 mundo
844 835 902 877 se
928 819 1211 877 visibilem
1238 819 1659 877 demonstravit.
1700 819 1874 888 Quem
1920 819 1982 878 in

379 909 592 967 camelo
624 907 818 967 sedens
841 908 1086 967 Rebecca
1128 908 1441 980 conspexit,
1468 908 1600 982 quia
1626 924 1753 967 eum
1787 909 1976 967 Eccle-

381 997 467 1054 sia
496 1013 566 1055 ex
594 995 850 1070 gentibus
870 996 1117 1065 veniens,
1149 996 1283 1055 dum
1311 996 1496 1061 adhuc
1519 998 1674 1057 vitiis
1716 1005 1859 1055 esset
1886 998 1986 1055 in-

382 1087 539 1154 nixa,
569 1096 624 1144 et
648 1085 885 1145 necdum
918 1085 1323 1158 spiritualibus,
1346 1087 1444 1144 sed
1473 1087 1809 1147 animalibus
1823 1089 1982 1146 meti-

383 1175 488 1235 bus
529 1175 845 1245 inhaereret,
887 1175 1144 1247 attendit.
1199 1177 1305 1237 Sed
1352 1177 1606 1250 protinus
1656 1177 1726 1236 de
1779 1179 1989 1236 camelo

385 1267 689 1336 descendit,
720 1267 852 1340 quia
893 1266 1033 1324 vitia
1077 1265 1280 1340 quibus
1333 1269 1486 1341 prius
1536 1269 1717 1325 fuerat
1758 1268 1990 1341 superbe

386 1357 530 1415 elata
558 1355 822 1425 deseruit,
855 1372 1021 1430 seque
1050 1357 1219 1414 etiam
1267 1357 1436 1429 pallio
1482 1359 1697 1430 operire
1751 1359 1988 1428 curavit,

387 1447 538 1522 quia,
554 1445 676 1502 viso
696 1444 956 1514 Domino,
975 1444 1355 1503 inﬁrmitatem
1370 1463 1483 1502 suae
1500 1446 1736 1503 actionis
1746 1446 1986 1515 erubuit,

387 1544 442 1593 et
469 1535 567 1593 illa
595 1550 715 1608 quae
741 1535 897 1608 prius
924 1533 985 1593 in
1013 1535 1228 1593 camelo
1262 1536 1279 1571 ¹
1313 1533 1488 1593 libera
1521 1534 1854 1606 gestabatur,
1883 1534 1992 1592 de-

386 1623 656 1682 scendens
684 1623 1039 1697 postmodum
1060 1625 1084 1663 ²
1109 1624 1423 1682 verecunda
1446 1625 1675 1697 tegitur.
1717 1623 1871 1681 Unde
1899 1623 1994 1680 ei-

388 1715 514 1773 dem
544 1714 806 1772 Ecclesiaa
836 1715 1068 1787 apriore
1093 1715 1332 1771 elatione
1386 1731 1521 1772 com
1533 1730 1667 1770 ersae
1713 1728 1808 1786 per
1861 1731 1990 1786 apo-

2082 543 2268 616 pedem
2294 542 2442 599 bovis
2479 549 2528 600 et
2550 542 2696 600 asini
2733 542 2892 615 (Isai.
2921 560 3112 610 xxxu,
3141 543 3258 617 20).
3304 543 3483 618 Super
3502 560 3709 603 omnes

2091 636 2294 710 quippe
2321 653 2490 710 aquas
2513 636 2785 694 seminare
2811 646 2894 695 est
2918 637 3136 695 cunctis
3155 637 3377 710 populis
3404 636 3710 695 fructuosa

2092 724 2223 783 vitae
2251 725 2419 783 verba
2438 725 2756 798 praedicare.
2786 726 2987 784 Pedem
3015 743 3149 783 vero
3171 724 3334 782 bovis
3351 733 3408 783 et
3431 726 3582 783 asini
3603 727 3713 783 im-

2092 815 2312 873 mittere
2331 823 2416 872 est
2433 815 2554 872 vias
2579 815 2867 873 Israelitici
2885 824 2941 872 et
2959 815 3184 888 gentilis
3226 815 3424 888 populi
3445 831 3548 890 per
3564 832 3713 890 prmo

2093 913 2378 978 captorum
2407 905 2716 962 caelestium
2745 905 2973 963 vincula
3002 905 3253 978 religare.

2168 994 2308 1068 [νει.
2338 991 2519 1069 ΧΙΧ.]
2548 995 2636 1052 31.
2688 996 2867 1053 Sacra:
2895 997 3188 1068 Scriptura
3216 995 3395 1053 littera
3417 996 3716 1070 praterita

2094 1086 2430 1157 referuntur,
2459 1093 2511 1142 et
2529 1086 2722 1158 futura
2770 1088 3164 1160 prcedicuntur.
3184 1118 3259 1133 —-
3284 1087 3512 1145 Litterae
3533 1087 3718 1161 igitur

2097 1175 2328 1232 veritate
2356 1183 2591 1245 servata,
2619 1176 2723 1233 sub
2763 1175 2909 1233 beati
2955 1177 3060 1234 Job
3108 1179 3337 1235 nomine
3366 1178 3594 1236 cunctis
3623 1177 3720 1234 bis

2096 1266 2430 1324 animalibus
2450 1284 2562 1324 non
2591 1267 2872 1324 immerito
2900 1269 3184 1325 credimus
3210 1279 3414 1327 sanctas
3441 1269 3719 1328 Ecclesiae

2097 1358 2328 1430 populos
2354 1357 2653 1429 designari,
2679 1365 2949 1430 quatenus
2977 1375 3041 1414 ea
3068 1375 3192 1432 quae
3210 1361 3417 1432 scripta
3442 1368 3581 1417 sunt
3599 1359 3719 1417 disc

2097 1446 2418 1518 pensatione
2446 1446 2621 1502 sancti
2649 1445 2888 1518 Spiritus
2912 1456 3111 1505 cuncta
3161 1448 3498 1507 mirabiliter
3545 1447 3719 1506 ordi-

2097 1542 2286 1603 nante,
2311 1542 2368 1590 et
2394 1541 2669 1591 transacta
2694 1534 2858 1591 nobis
2908 1535 3168 1605 referant,
3197 1545 3254 1594 et
3288 1537 3480 1594 futura
3504 1540 3529 1576 ⁶
3560 1555 3721 1611 pras-

2099 1623 2306 1681 dicant.
2338 1626 2721 1696 Agnoscamus
2751 1642 2881 1698 ergo
2914 1627 2975 1683 in
3002 1627 3205 1684 ovibus
3232 1627 3426 1685 ﬁdeles
3445 1637 3618 1702 atque
3632 1630 3719 1686 in-

2099 1721 2362 1772 nocentes
2397 1730 2469 1771 ex
2511 1715 2706 1772 Judasa
2747 1716 3002 1789 populos,
3032 1717 3168 1789 legis
3215 1715 3434 1775 dudum
3488 1720 3722 1790 pascuis

385 1803 637 1864 stolicam
669 1818 881 1873 vocem,
912 1802 1070 1876 quasi
1098 1803 1357 1861 Rebeccae
1402 1802 1471 1861 de
1516 1805 1726 1861 camelo
1752 1803 1993 1862 descen—
2024 1816 2073 1879 Β
2105 1804 2349 1862 satiatos.
2372 1804 2747 1876 Agnoscamus
2791 1807 2852 1863 in
2878 1806 3104 1864 camelis
3129 1806 3201 1864 ad
3227 1807 3396 1865 ﬁdem
3425 1807 3722 1881 simplices

390 1891 547 1951 denti
576 1891 797 1964 sibique
825 1889 1057 1964 pellium
1087 1889 1497 1963 superducenti,
1546 1891 1754 1950 dicitur
1781 1909 1794 1950 :
1830 1894 1993 1962 Quem

387 1983 529 2039 enim
555 1981 796 2052 fructum
826 1978 1088 2036 habuistis
1117 1985 1238 2067 tunc
1264 1981 1326 2038 in
1347 1981 1483 2053 illis,
1522 1981 1583 2039 in
1627 1983 1820 2055 quibus
1850 1998 1993 2038 nunc

391 2071 692 2131 erubescitis
716 2070 903 2144 (Rom.
933 2085 1013 2139 VI,
1045 2068 1172 2143 2t)?

460 2211 605 2290 [Vet.
625 2209 867 2288 XVIII.]
898 2211 986 2271 39.
1013 2211 1077 2269 In
1105 2209 1283 2270 bobus
1315 2228 1448 2271 vero
1483 2212 1783 2289 aliquando
1817 2212 1995 2271 luxu—

389 2302 665 2361 riosorum
709 2301 1006 2372 dementia,
1051 2301 1348 2377 aliquando
1393 2302 1671 2360 laboriosa
1723 2301 1994 2360 fortitudo

390 2390 834 2467 przedicantium,
856 2391 1156 2464 aliquando
1170 2391 1459 2450 humilitas
1479 2391 1992 2466 exprimiturlsrae-

391 2484 637 2542 litarum.
660 2482 802 2552 Quia
819 2483 969 2540 enim
988 2481 1149 2540 bovis
1169 2484 1394 2541 nomine
1413 2501 1510 2559 per
1523 2484 1993 2558 comparationem

388 2572 806 2631 luxuriosorum
827 2571 1106 2630 dementia
1123 2572 1460 2645 designatur,
1482 2572 1744 2630 Salomon
1763 2571 1994 2641 indicat,

391 2662 489 2735 qui
514 2678 642 2719 cum
671 2662 815 2717 male
844 2661 1131 2717 suadentis
1161 2661 1414 2718 mulieris
1454 2662 1816 2735 petulantiam
1845 2678 1996 2734 prte-

391 2751 651 2820 misisset,
675 2749 933 2824 adjunxit
960 2767 972 2806 :
999 2751 1291 2822 Statimque
1311 2769 1426 2808 eam
1444 2753 1703 2825 sequitur,
1723 2753 1879 2824 quasi
1907 2751 1996 2808 bos

390 2839 578 2895 ductus
601 2838 955 2896 advictimam
973 2838 1169 2909 (Prov.
1204 2856 1307 2906 vn,
1335 2839 1454 2913 22).
1482 2841 1721 2899 Rursum
1753 2843 1882 2916 quia
1899 2839 1994 2898 bo-

393 2928 480 2984 vis
494 2926 723 2985 nomine
738 2925 895 2985 labor
912 2927 1288 3000 praedicatoris
1304 2928 1654 3003 exprimitur;
1679 2931 1814 3005 legis
1829 2931 1997 2988 verba

390 3025 686 3088 testantur,
718 3034 839 3092 quae
869 3019 947 3075 ait
975 3034 988 3074 :
1018 3017 1141 3075 Non
1165 3017 1437 3074 obturabis
1465 3037 1523 3076 os
1567 3019 1686 3077 bovi
1715 3020 1997 3077 trituranti

390 3109 579 3182 (Deut.
621 3123 762 3178 xxv,
792 3107 875 3181 4).
924 3108 1006 3166 Ac
1033 3107 1081 3165 si
1108 3117 1292 3182 aperte
1319 3107 1529 3168 diceret
1557 3127 1570 3168 :
1602 3110 1995 3169 Praedicatores

390 3195 546 3254 verbi
574 3213 608 3254 a
630 3194 1038 3270 stipendiorum
1065 3213 1296 3254 suorum
1326 3199 1678 3272 perceptione
1706 3216 1819 3256 non
1849 3216 1992 3274 pro-
2021 3186 2066 3249 α

328 3321 337 3335 ι
392 3284 631 3343 bibcbis.
659 3286 901 3344 Rursum
930 3284 1063 3360 quia
1089 3284 1249 3342 bovis
1268 3287 1494 3343 nomine
1523 3287 1676 3361 plebs
1695 3288 1998 3348 Israelitica

389 3373 679 3447 ﬁguratur,
708 3372 977 3446 propheta
1011 3374 1227 3443 asserit,
1253 3375 1350 3448 qui
1384 3376 1770 3450 Redemptoris
1789 3377 1992 3436 adven-

389 3470 511 3519 tum
530 3461 864 3519 denuntians
873 3461 1044 3520 dicit:
1070 3462 1326 3535 Cognouit
1338 3463 1428 3520 bos
1448 3481 1801 3537 possessorem
1818 3484 1994 3540 suum,

391 3556 443 3607 et
464 3551 653 3608 asinus
665 3567 901 3624 praesepe
925 3550 1146 3608 Domini
1171 3550 1256 3608 sui
1285 3551 1444 3627 (Isai.
1475 3569 1519 3624 ι,
1549 3554 1631 3628 3),
1662 3570 1761 3630 per
1794 3555 1996 3614 bovem

390 3640 607 3700 scilicet
634 3639 1000 3697 Israeliticum
1027 3640 1298 3714 populum
1320 3639 1457 3716 jugo
1485 3642 1622 3716 legis
1649 3643 1830 3702 edomi
1874 3655 1994 3704 tum

389 3731 632 3807 signans,
660 3734 848 3796 1101
897 3745 998 3804 per
1041 3729 1261 3788 asinum
1307 3746 1442 3788 vero
1492 3732 1753 3805 gentilem
1808 3751 1995 3810 popu-

387 3827 506 3885 lum
538 3826 812 3900 indicans,
840 3825 1226 3903 voluptatibus
1253 3825 1524 3900 deditum,
1543 3836 1598 3887 et
1617 3829 1838 3903 gravius
1864 3829 1994 3889 bru-

386 3923 529 3977 tum.

455 4007 545 4067 40.
577 4008 878 4067 Asinorum
919 4022 1140 4084 quoque
1187 4014 1243 4065 et
1279 4006 1559 4066 asinamm
1606 4009 1836 4066 nomine
1876 4009 1993 4066 ali-

385 4098 607 4175 quando
632 4098 1050 4158 luxuriosorum
1079 4097 1406 4172 petulantia,
1433 4097 1736 4175 aliquando
1764 4101 1787 4135 ³
1817 4114 1992 4156 man-

383 4180 621 4246 s'uetudo
647 4188 1010 4261 simplicium,
1027 4186 1327 4262 aliquando
1341 4202 1498 4257 vero,
1514 4194 1578 4244 ut
1597 4187 1986 4260 praediximus,

383 4274 624 4334 stultitia
651 4275 941 4348 gentilium
971 4275 1311 4350 designatur.
1335 4274 1478 4344 Quia
1506 4275 1653 4332 enim
1676 4276 1989 4333 luxurioso-

382 4381 508 4423 rum
534 4365 844 4440 petulantia
865 4362 1148 4422 asinorum
1176 4364 1542 4438 appellatione
1569 4381 1667 4438 per
1695 4382 1991 4439 compara-

381 4454 594 4514 tionem
614 4454 947 4528 exprimitur
960 4462 1146 4526 aperte
1161 4452 1470 4512 declaratur
1488 4468 1617 4511 cum
1642 4470 1739 4528 per
1756 4456 1990 4530 prophe-

2099 1910 2170 1952 ex
2198 1893 2507 1967 gentilitate
2535 1895 2950 1970 venientes,qui
2974 1897 3128 1969 prius
3145 1897 3249 1955 sub
3278 1899 3391 1955 ritu
3420 1899 3721 1982 sacrilego,

2100 1985 2257 2058 quasi
2282 1984 2518 2058 quadam
2539 1984 2891 2043 deformitate
2914 1986 3310 2055 membrorum,
3336 1987 3499 2044 valde
3521 1994 3724 2062 turpes

2101 2074 2311 2132 ostensi
2370 2083 2521 2143 sunt,
2552 2074 2812 2132 videlicet
2857 2074 3107 2132 foeditate
3152 2077 3445 2134 vitiorum.
3474 2077 3553 2134 Et
3585 2080 3727 2150 quia

2102 2180 2263 2237 saepe,
2295 2171 2359 2220 ut
2385 2163 2764 2236 pradiximus,
2796 2179 2949 2222 sacra
2976 2166 3198 2239 eloquia
3239 2176 3441 2225 curant
3464 2176 3725 2240 repetere

2100 2253 2252 2327 quod
2288 2253 2588 2321 aﬂirmant,
2618 2264 2850 2326 possunt
2879 2272 3100 2313 rursum
3139 2255 3199 2313 in
3238 2255 3418 2314 bobus
3448 2259 3726 2316 Israelita

2101 2343 2299 2416 accipi,
2330 2343 2487 2417 quasi
2501 2343 2969 2416 jugolegisattriti
2993 2363 3008 2413 ;
3031 2345 3203 2405 asinis
3235 2356 3471 2416 vero,ut
3496 2347 3724 2405 dictum

2103 2442 2203 2504 est,
2236 2435 2466 2506 gentiles
2519 2435 2708 2507 populi
2739 2435 3035 2508 designari,
3067 2437 3165 2509 qui
3207 2436 3341 2495 dum
3375 2454 3434 2494 se
3461 2439 3724 2497 colendis

2103 2524 2378 2597 lapidibus
2405 2524 2768 2594 inclinabant,
2807 2542 2920 2581 non
2968 2527 3275 2585 reluctante
3305 2535 3513 2598 mente,
3554 2532 3725 2603 quasi

2103 2614 2268 2671 dorso
2295 2615 2464 2670 stulte
2485 2616 2791 2687 supposito,
2812 2615 3155 2688 quibuslibet
3173 2617 3341 2675 idolis
3362 2617 3531 2675 bruto
3551 2635 3729 2675 sensu

2107 2705 2440 2761 serviebant.
2463 2705 2664 2762 Sancta
2685 2722 2814 2778 ergo
2828 2707 3077 2765 Ecclesia
3091 2725 3213 2782 qua:
3234 2708 3295 2766 in
3322 2708 3576 2766 exordiis
3599 2712 3727 2767 suis

2104 2793 2414 2853 innumeris
2440 2797 2841 2855 tentationibus
2874 2814 3079 2870 pressa,
3104 2799 3193 2855 vel
3222 2799 3592 2858 Israelitioum
3614 2817 3727 2874 po-

2105 2884 2321 2956 pulum,
2353 2886 2441 2942 vel
2463 2887 2668 2943 multos
2687 2904 2757 2943 ex
2779 2887 3034 2959 gentibus
3056 2889 3265 2957 amisit,
3290 2889 3554 2947 videlicet
3574 2907 3728 2964 quos

2105 2973 2310 3032 lucrari
2339 2991 2452 3033 non
2482 2977 2685 3049 potuit,
2715 2975 2961 3050 duplicia
2981 2979 3039 3034 in
3059 2977 3168 3035 ﬁne
3188 2979 3409 3052 recipit,
3426 2981 3561 3053 quia
3576 2979 3639 3036 in
3655 2996 3726 3036 ea

2104 3082 2175 3123 ex
2218 3073 2452 3141 utraque
2498 3068 2722 3125 natione
2765 3067 3016 3127 ﬁdelium
3044 3084 3313 3128 numerus
3340 3070 3726 3144 multiplicior

2102 3161 2388 3217 excrescit.
2421 3160 2658 3217 Possunt
2673 3161 2841 3217 etiam
2876 3177 2973 3234 per
2988 3159 3209 3234 jugatos
3232 3161 3404 3220 boves
3433 3162 3726 3236 praedica-

2103 3256 2250 3306 tores
2279 3249 2539 3322 intelligi.
2561 3250 2719 3307 Unde
2746 3266 2882 3309 cum
2906 3265 3002 3307 eos
3028 3250 3097 3307 ad
3115 3251 3569 3309 annuntiandum
3598 3253 3719 3308 Do-

2105 3339 2292 3395 minus
2317 3338 2581 3408 mitteret,
2613 3346 2752 3396 teste
2779 3340 3086 3412 Evangelio
3114 3341 3309 3412 (Marc.
3330 3358 3410 3410 v1,
3434 3341 3515 3414 7),
3546 3340 3726 3400 binos

2105 3427 2327 3484 misisse
2355 3427 2710 3494 describitur,
2745 3436 2810 3486 ut
2836 3430 2969 3503 quia
2996 3430 3085 3486 vel
3112 3427 3227 3487 duo
3270 3439 3404 3488 sunt
3438 3440 3727 3505 praecepta

2103 3517 2414 3589 cbaritatis,
2426 3519 2515 3575 vel
2545 3519 2677 3593 quia
2701 3518 2896 3577 haberi
2912 3521 3148 3578 societas
3167 3522 3356 3579 minus
3374 3538 3543 3597 quam
3565 3523 3724 3580 inter

2103 3605 2244 3665 duos
2271 3624 2385 3666 non
2415 3616 2616 3681 potest,
2642 3611 3031 3684 praedicatores
3057 3612 3236 3670 sancti
3264 3628 3334 3669 ex
3362 3613 3487 3686 ipsa
3512 3613 3724 3687 quali-

2101 3703 2214 3754 tate
2242 3714 2353 3755 suae
2382 3698 2666 3756 missionis
2717 3709 3110 3774 cognoscerent
3157 3709 3430 3776 quantum
3480 3719 3723 3760 concor-

2101 3787 2251 3845 diam
2281 3789 2562 3847 societatis
2590 3798 2859 3849 amarent.
2876 3792 3136 3864 Possunt,
3158 3794 3303 3852 sicut
3317 3794 3717 3868 praediximus,

2101 3895 2197 3952 per
2222 3879 2405 3936 asinus
2433 3889 2644 3938 mentes
2673 3881 3014 3953 simplicium
3028 3882 3327 3956 designari.
3345 3885 3550 3943 Sancta
3576 3901 3723 3944 vero

2099 3969 2349 4026 Ecclesia
2358 3969 2608 4043 duplices
2621 3971 2790 4028 boves
2804 3978 2968 4044 atque
2987 3973 3192 4044 asinus,
3206 3974 3407 4046 recipit
3418 3976 3555 4048 quia
3573 3992 3721 4048 prm-

2098 4057 2372 4116 dicatores
2397 4061 2720 4133 sancti,qui,
2736 4063 2906 4134 pressi
2923 4062 3245 4133 formidine,
3267 4064 3328 4119 in
3346 4063 3466 4137 ejus
3490 4064 3720 4125 dudum

2097 4149 2401 4205 tentatione
2428 4156 2734 4219 tacuerant,
2764 4158 2821 4209 et
2847 4161 3059 4209 mentes
3081 4154 3447 4226 simplicium,
3466 4158 3717 4229 quamvi-

2097 4244 2200 4294 ctaz
2224 4238 2845 4308 terroribus,veritatem
2865 4240 3018 4298 illius
3032 4242 3287 4300 conﬁteri
3302 4243 3717 4316 formidabant,

2100 4333 2253 4384 tanto
2275 4326 2392 4400 jam
2424 4344 2576 4386 nunc
2623 4330 2911 4389 robustius
2962 4331 3022 4389 in
3067 4333 3418 4391 confessione
3445 4336 3720 4394 veritatis

2102 4423 2294 4483 1162
2321 4436 2486 4478 voces
2512 4437 2638 4478 suas
2664 4428 2921 4492 exerunt,
2944 4432 3152 4496 quanto
3194 4423 3436 4485 debilius
3464 4435 3598 4484 ante
3622 4427 3720 4484 ti-

379 4554 495 4603 tam
515 4526 724 4604 dicitur
746 4563 759 4604 :
782 4545 1021 4614 Quorum
1044 4560 1228 4600 carnes
1269 4550 1392 4600 sunt
1418 4549 1481 4600 ut
1505 4526 1690 4600 carnes
1717 4526 1994 4604 asinorum
2019 4550 2072 4613 D
2100 4526 2381 4576 muemm'

383 4635 600 4711 (Επειδὴ.
641 4651 808 4707 xxm,
853 4635 974 4710 20).
1017 4633 1260 4693 Rursum
1291 4634 1421 4709 quia
1448 4633 1730 4693 asinarum
1760 4638 1987 4695 nomine

379 4726 722 4802 simplicium
767 4724 884 4784 vita
933 4723 1224 4801 ﬁguratur,
1256 4724 1592 4800 Redemptor
1628 4733 1818 4783 noster
1858 4742 1986 4784 cum

376 4815 678 4880 Jerusalem
726 4825 997 4891 pergeret,
1054 4814 1079 4851 ⁸
1103 4814 1314 4872 asinam
1366 4812 1574 4872 sedisse
1624 4823 1985 4874 memoratur.

375 4906 676 4964 Jerusalem
722 4907 928 4981 quippe
973 4903 1120 4962 visio
1165 4902 1318 4978 pacis
1353 4903 1583 4962 dicitur.
1614 4902 1762 4975 Quid
1816 4904 1989 4979 igitur

376 4997 558 5073 signat
586 4996 732 5074 quod
761 4996 1036 5055 Dominus
1054 4992 1296 5052 sedendo
1323 4993 1540 5052 asinam
1567 4993 1871 5052 Jerusalem
1886 4995 1987 5054 du-

375 5088 472 5158 cit,
502 5088 614 5146 nisi
643 5086 792 5162 quod
818 5084 1099 5160 simplices
1127 5092 1339 5142 mentes
1353 5083 1487 5141 dum
1502 5083 1850 5157 praesidendo
1864 5102 1987 5160 pos-

373 5176 535 5248 sidet,
557 5194 647 5236 eas
665 5192 843 5252 usque
864 5174 936 5234 ad
952 5175 1226 5234 visionem
1253 5175 1410 5249 pacis
1438 5190 1538 5232 sua
1564 5190 1719 5232 sacra
1736 5175 1980 5234 sessione

2166 4632 2256 4691 42.
2288 4633 2533 4690 Latentia
2562 4634 2622 4690 in
2649 4634 2875 4692 diversis
2902 4637 3140 4694 numeris
3166 4638 3442 4712 mysteria,
3461 4644 3511 4696 et
3536 4638 3717 4697 inno-

2094 4723 2322 4780 minibus
2349 4726 2512 4781 trium
2539 4726 2638 4782 Job
2664 4727 2928 4800 ﬁliarum.
2957 4759 3030 4771 —
3057 4728 3186 4787 Haec
3205 4729 3265 4786 in
3291 4728 3716 4802 signiﬁcatione

2093 4815 2356 4873 Ecclesiae
2394 4814 2640 4873 breviter
2666 4816 2916 4875 diximus
2943 4835 2957 4875 :
2989 4835 3111 4894 quae
3139 4821 3420 4896 quomodo
3449 4818 3715 4895 ejusdem

2095 4911 2294 4962 sanctae
2329 4905 2593 4962 Ecclesia:
2635 4906 2805 4980 capiti
2860 4908 3125 4979 serviant,
3157 4908 3218 4965 in
3264 4908 3500 4967 exordio
3529 4909 3715 4984 hujus

2095 4993 2276 5066 operis
2306 4994 2472 5052 latius
2498 5012 2601 5052 nos
2631 4995 2841 5053 dixisse
2869 5012 3242 5056 memoramus
3260 4999 3710 5072 (Prwfat.,num.

2098 5081 2211 5157 14).
2243 5083 2352 5152 Qui
2379 5100 2508 5157 ergo
2539 5085 2606 5142 de
2635 5083 2724 5142 his
2752 5084 2858 5142 sibi
2902 5086 3122 5159 plenius
3167 5086 3422 5146 satisﬁeri
3473 5089 3714 5164 nititur,

2095 5172 2399 5230 secundum
2425 5172 2595 5247 hujus
2623 5174 2805 5247 operis
2862 5174 3066 5233 librum
3125 5176 3388 5250 (Maxime
3426 5195 3581 5237 num.
3606 5179 3709 5256 43)

375 5264 675 5341 perducit?
699 5267 942 5325 Rursum
973 5266 1106 5342 quia
1156 5264 1440 5324 asinorum
1486 5264 1713 5323 nomine
1741 5265 1980 5325 stultitia
2087 5261 2265 5334 legere
2300 5260 2584 5336 dignetur.
2615 5264 2736 5321 Jam
2765 5279 2900 5322 vero
2928 5266 2977 5323 si
3008 5267 3314 5340 quaerimur
3332 5275 3399 5324 ut
3426 5269 3604 5326 etiam
3634 5269 3711 5328 de

375 5355 674 5432 gentilium
719 5355 1044 5432 designatur
1087 5354 1358 5430 propheta
1404 5360 1670 5427 testatur,
1717 5354 1906 5413 dicens
1959 5370 1973 5411 :

448 5587 465 5621 ¹
497 5583 583 5641 Pl.
614 5581 805 5640 Norm.
836 5591 894 5639 et
920 5580 1084 5640 Corb.
1115 5582 1331 5649 Germ,
1363 5580 1543 5640 libere.

418 5658 470 5748 .3
492 5657 624 5715 Duo
646 5653 860 5724 Germ,
889 5653 1155 5726 Vinnium,
1178 5654 1381 5722 Laud”
1413 5654 1539 5715 Val.
1568 5652 1681 5727 CL,
1709 5672 1972 5716 uerecun-

371 5736 764 5868 ὡς’Ἦιὶιίοσιη
795 5777 1131 5856 consuetudo.

2085 5351 2207 5423 ipso
2224 5351 2551 5410 animalium
2598 5370 2831 5411 numero
2859 5353 3213 5426 disseramus,
3244 5373 3348 5416 cur
3383 5358 3544 5415 mille
3566 5359 3712 5433 jug'a

2153 5587 2175 5659 ξ
2204 5586 2455 5659 Ebroic.,
2491 5584 2730 5659 Yindoc.
2761 5595 2817 5645 et
2847 5589 2944 5659 al.,
2977 5589 3036 5645 in
3058 5590 3238 5647 asina.

2150 5658 2172 5693 ⁵
2204 5658 2326 5731 γει,
2348 5657 2470 5731 ΑΟΙυ
2498 5657 2824 5731 innitentes;
2853 5668 2908 5716 et
2932 5657 3109 5731 paulo
3136 5662 3559 5731 infra,innitere.

2150 5730 2173 5811 ξ
2200 5729 2439 5811 lta'yfss.
2470 5737 2539 5811 et
2566 5736 2678 5811 vet.
2725 5729 3092 5811 Edit._Paris.
3110 5750 3176 5791 ac
3221 5729 3418 5811 Basil.,
3448 5737 3553 5799 ubi
3582 5755 3704 5797 rec.

2077 5798 2461 5872 Gilot.,Vatic.
2492 5810 2547 5859 et
2576 5800 2851 5861 Gussanv.
2886 5803 3103 5864 habent
3121 5798 3438 5881 pradiceni.
