3956 6380
201 297 312 352 773

971 291 1520 366 ΜΟΒΑιΙυΜιιΙΒ.
1565 265 1863 387 Χχχχ-
1899 292 1972 349 IN
2042 291 2272 354 CAPUT
2311 293 2460 350 XLII
2495 293 2557 350 Β.
2598 295 2742 351 JOB.

3430 297 3534 356 774

193 423 392 494 boum,
425 427 512 482 vel
550 424 701 482 mille
728 426 917 494 asinae,
966 435 1022 482 et
1065 443 1162 482 sex
1182 425 1360 482 millia
1377 426 1736 494 camelorum,
1755 431 1812 482 et
1846 432 1898 496 Α
1925 422 2082 495 cipit,
2110 421 2245 480 dum
2275 423 2480 480 eisdem
2511 430 2720 495 septem
2750 423 3073 492 virtutibus,
3126 441 3299 498 spem,
3337 423 3530 498 ﬁdem,

197 515 624 588 quatuordecim
653 515 832 572 millia
857 516 1049 572 ovium
1081 524 1465 584 numerentur,
1483 515 1665 573 dicere
1689 517 1809 574 bre—

201 605 352 662 viter
381 622 677 680 possumus
707 605 854 679 quod
875 607 1021 678 apud
1051 607 1368 664 saecularem
1390 606 1613 680 quidem
1637 608 1808 666 scien-

205 694 345 752 tiam
379 695 728 754 millenarius
747 712 1011 753 numerus
1041 695 1248 754 idcirco
1264 697 1538 769 perfectus
1554 697 1810 766 habetur,

203 785 340 860 quia
369 785 582 842 denarii
612 785 831 840 numeri
854 785 1182 859 quadratum
1213 786 1453 843 solidum
1480 787 1679 844 reddit.
1710 789 1810 844 De-

201 891 325 932 cem
373 875 578 950 quippe
621 873 804 932 decies
846 873 1014 932 ducta
1059 874 1203 932 ﬁunt
1245 885 1491 946 centum,
1531 895 1651 951 qure
1695 877 1810 950 jam

203 964 383 1037 ﬁgura
411 963 738 1038 quadrata,‘
773 963 870 1020 sed
900 965 1066 1037 plana
1093 974 1193 1022 est.
1231 966 1299 1021 Ut
1327 955 1510 1022 autem
1542 967 1601 1022 in
1624 967 1811 1023 altitu-

203 1054 396 1110 dinem
425 1061 631 1126 surgat,
673 1061 730 1110 et
772 1053 948 1110 solida
992 1055 1111 1124 ﬁat,
1161 1072 1352 1112 rursus
1379 1064 1603 1113 centum
1629 1055 1811 1114 decies

202 1144 728 1218 multiplicantur,et
744 1143 896 1199 mille
914 1153 1061 1200 sunt.
1079 1145 1337 1200 Senarius
1349 1155 1530 1202 autem
1548 1163 1812 1202 numerus

203 1232 417 1290 idcirco
449 1234 726 1307 perfectus
751 1241 852 1302 est,
895 1235 1024 1307 quia
1053 1234 1265 1306 primus
1293 1234 1353 1290 in
1377 1235 1625 1290 numeris
1649 1253 1811 1291 com-

205 1323 395 1398 pletur
424 1323 674 1397 partibus
702 1325 840 1393 suis,
870 1323 927 1379 id
957 1333 1040 1380 est
1069 1331 1224 1379 sexta
1243 1324 1328 1380 sui
1350 1331 1522 1396 parte,
1553 1334 1606 1381 et
1626 1325 1806 1394 tertia,

204 1419 260 1468 et
281 1411 536 1480 dimidia,
566 1430 688 1486 quae
721 1421 852 1468 sunt
883 1429 1077 1481 unum,
1111 1421 1166 1470 et
1195 1413 1328 1482 duo,
1359 1423 1412 1469 et
1450 1414 1576 1483 tria,
1599 1431 1721 1486 quae
1751 1413 1808 1470 in

201 1519 479 1558 summam
510 1502 677 1558 ducta
703 1519 802 1557 sex
841 1503 1004 1558 ﬁunt.
1038 1504 1150 1559 Nec
1192 1502 1335 1557 alius
1381 1509 1506 1559 ante
1531 1502 1807 1558 senarium

203 1608 502 1649 numerum
533 1592 826 1664 reperitur,
857 1591 955 1664 qui
984 1592 1044 1648 in
1074 1591 1190 1648 suis
1219 1592 1470 1664 partibus
1489 1593 1622 1649 dum
1650 1593 1809 1650 divi-

201 1683 382 1753 ditur,
409 1691 526 1739 tota
561 1681 680 1755 ejus
717 1699 934 1738 summa
963 1685 1324 1754 compleatur.
1359 1682 1499 1757 [Vet.
1531 1685 1650 1752 XX,
1683 1686 1805 1741 Rea.

1917 511 2355 584 charitatemque
2379 508 2687 582 conjungit.
2719 509 3066 568 Millenarius
3092 529 3311 588 quoque
3339 529 3532 574 nume-

1919 620 2013 660 rus
2045 601 2101 658 in
2119 618 2277 660 sacro
2294 599 2518 676 eloquio
2538 597 2818 671 perfectus
2831 600 3122 672 accipitur,
3145 602 3276 676 quia
3291 603 3530 676 appella-

1921 691 2074 748 tione
2102 688 2221 762 ejus
2276 687 2614 746 universitas
2661 686 3001 760 designatur.
3049 689 3204 746 Unde
3259 691 3530 764 scriptum

1921 787 2037 838 est:
2072 784 2264 844 1163
2321 777 2470 838 Verbi
2497 775 2641 850 quod
2667 776 2943 834 manda-vit
2985 777 3041 832 in
3068 778 3212 834 mille
3241 781 3531 852 generatio-

1919 895 2010 933 nes
2038 878 2211 949 (Psal.
2244 893 2358 945 civ,
2378 876 2463 947 8).
2493 873 2633 932 Cum
2651 872 2803 930 enim
2823 889 3171 947 nequaquam
3193 876 3527 934 credendum

1919 967 1994 1024 sit
2022 967 2170 1040 quod
2195 967 2266 1024 ad
2283 973 2508 1024 centum
2528 963 2909 1038 generationes
2927 965 3169 1022 mundus
3189 966 3529 1036 extenditur,

1921 1056 2058 1129 quid
2072 1057 2225 1114 aliud
2241 1057 2394 1113 mille
2416 1054 2869 1128 generationibus
2890 1055 2999 1112 nisi
3022 1055 3357 1112 universitas
3374 1072 3531 1128 gene-

1921 1144 2201 1201 rationum
2231 1145 2501 1218 ﬁguratur
2524 1145 2550 1201 "I
2577 1145 2778 1200 Beatus
2798 1143 2969 1216 igitur
2982 1144 3086 1202 Job
3107 1145 3532 1218 quatuordecim

1921 1234 2101 1291 millia
2127 1236 2317 1292 ovium
2353 1235 2581 1307 recepit.
2610 1234 2752 1302 Quia
2779 1233 2931 1290 enim
2960 1233 3022 1292 in
3063 1243 3257 1292 sancta
3284 1235 3536 1292 Ecclesia

1926 1323 2200 1382 virtutum
2255 1326 2526 1398 perfectio
2574 1324 2648 1382 ad
2691 1333 2990 1398 utrumque
3034 1341 3229 1382 sexum
3284 1326 3529 1396 ducitur,

1919 1414 2261 1484 septenarius
2287 1415 2347 1471 in
2376 1431 2442 1472 ea
2471 1428 2737 1472 numerus
2763 1412 3098 1486 duplicatur.
3119 1415 3196 1472 Et
3234 1431 3332 1470 sex
3355 1415 3534 1472 millia

1915 1504 2273 1572 camelorum,
2286 1503 2417 1576 quia
2431 1502 2834 1574 plenitudinem
2850 1504 2912 1560 in
2932 1503 3030 1560 illa
3047 1503 3228 1576 operis
3242 1502 3528 1575 accipiunt

1916 1593 2016 1666 qui
2044 1593 2114 1650 ab
2147 1595 2244 1651 illa
2272 1592 2784 1665 dudum,vitiorum
2816 1608 3044 1652 suorum
3073 1591 3320 1651 fmditete
3345 1592 3532 1665 perie-

1916 1690 2069 1739 runt.
2100 1683 2256 1741 Mille
2297 1698 2517 1755 quoque
2557 1681 2693 1754 juga
2712 1681 2904 1750 boum,
2926 1699 2990 1739 ac
3013 1682 3170 1738 mille
3189 1683 3369 1739 asinas
3387 1699 3534 1741 rece-

201 1771 367 1848 ΧΙΙ.]
401 1773 506 1830 Sed
537 1773 669 1846 quia
690 1782 889 1828 cuncta
920 1771 1036 1828 haec
1066 1790 1163 1844 per
1189 1790 1355 1830 sacrae
1384 1775 1682 1846 Scriptura:
1701 1775 1807 1830 cel-
1837 1800 1884 1862 Β
1920 1773 2022 1844 pit,
2053 1773 2184 1844 quia
2213 1771 2486 1862 Israelitas
2513 1779 2677 1842 atque
2698 1770 2973 1862 gentiles,
3003 1770 3196 1862 doctos
3220 1773 3532 1862 acsimpli-

205 1863 512 1920 situdinem
542 1862 886 1937 proﬁcieudo
916 1863 1379 1933 transcendimus,
1399 1865 1477 1922 ibi
1507 1866 1809 1935 senarium,

205 1953 290 2009 ibi
321 1953 716 2026 septenarium,
739 1953 820 2008 ibi
835 1953 1150 2023 denarium,
1173 1954 1253 2010 ibi
1271 1955 1648 2011 millenarium
1667 1955 1812 2014 unde

201 2043 283 2100 sit
321 2045 600 2116 perfectus
639 2044 976 2100 invenimus.
1007 2044 1269 2101 Senarius
1309 2045 1510 2118 quippe
1548 2061 1812 2102 numerus

205 2135 267 2190 in
284 2134 565 2208 Scriptura
579 2153 732 2193 sacra
752 2135 1026 2208 perfectus
1043 2143 1143 2204 est,
1161 2136 1290 2208 quia
1309 2136 1368 2191 in
1385 2135 1578 2192 mundi
1597 2137 1810 2210 origine

203 2226 478 2282 Dominus
509 2242 571 2282 ea
600 2243 722 2299 quae
770 2226 951 2298 primo
981 2226 1073 2282 die
1123 2227 1293 2299 coepit
1325 2237 1484 2284 sexto
1528 2227 1618 2284 die
1647 2245 1812 2301 opera

203 2315 464 2388 implevit
497 2317 706 2388 (Genet.
742 2333 804 2386 ιι,
837 2317 916 2390 2).
962 2317 1317 2389 Septenarius
1355 2319 1413 2374 in
1445 2334 1510 2373 ea
1536 2318 1811 2391 perfectus

203 2413 312 2476 est,
343 2405 474 2479 quia
501 2423 663 2461 omne
693 2423 832 2478 opus
861 2408 1071 2463 bonum
1114 2407 1136 2443 ³
1184 2418 1392 2480 septem
1421 2425 1515 2480 per
1543 2407 1810 2480 Spiritum

203 2495 512 2552 virtutibus
541 2498 743 2568 agitur,
761 2508 822 2556 ut
845 2505 901 2554 et
930 2497 1065 2553 ﬁdes
1096 2498 1264 2554 simul
1295 2508 1349 2555 et
1367 2515 1536 2570 opera
1554 2515 1814 2556 consum-

202 2590 450 2661 mentur.
483 2585 754 2642 Denarius
779 2583 1045 2641 numerus
1075 2585 1134 2642 in
1163 2603 1227 2642 ea
1247 2588 1520 2660 perfectus
1550 2595 1652 2657 est,
1684 2588 1815 2661 quia

201 2676 300 2732 lex
327 2674 389 2730 in
418 2659 607 2732 decem
638 2677 922 2747 prmeeptis
939 2659 1313 2747 concluditur,
1343 2679 1633 2752 omnisque
1652 2659 1816 2750 culpa

204 2782 326 2822 non
360 2764 601 2837 amplius
626 2781 792 2838 quam
825 2782 920 2837 per
949 2764 1139 2821 decem
1171 2766 1338 2822 verba
1365 2766 1681 2837 cohibetur,
1721 2775 1813 2824 at-

207 2872 344 2930 que,
389 2865 677 2911 enarrante
719 2855 984 2925 Veritate,
1030 2863 1341 2928 operatores
1383 2856 1560 2913 vineae
1587 2857 1816 2914 denario

201 2952 635 3004 remunerantur
657 2945 872 3016 (Matth.
902 2962 998 3016 xx,
1025 2946 1113 3015 10,
1144 2947 1255 3018 ll).
1275 2947 1339 3002 In
1364 2945 1592 3002 denario
1613 2947 1816 3021 quippe

201 3037 316 3095 tria
335 3033 648 3108 junguntur
675 3035 746 3090 ad
774 3044 1003 3108 septem.
1037 3038 1216 3093 Homo
1245 3045 1452 3108 autem,
1473 3039 1570 3111 qui
1599 3056 1670 3095 ex
1697 3038 1815 3095 ani-

1921 1876 2033 1928 ces,
2061 1868 2185 1932 post
2221 1859 2595 1916 tentationum
2623 1875 2786 1915 casus
2818 1858 2877 1914 in
2925 1860 3150 1914 culmen
3177 1860 3533 1932 perfectionis

1920 1951 2172 2006 assumit.
2217 1948 2362 2023 [Rec.
2393 1946 2586 2022 ΧΙΙΙ.]
2618 1948 2852 2021 Septem
2885 1964 3101 2022 quoque
3129 1948 3298 2018 ﬁlios,
3339 1957 3396 2006 et
3424 1957 3533 2008 tres

1919 2037 2066 2095 ﬁlias
2104 2039 2332 2110 recepit,
2381 2038 2512 2112 quia
2542 2039 2565 2074 ⁴
2594 2054 2794 2094 eorum
2837 2038 3118 2096 mentibus
3159 2056 3297 2114 quos
3322 2050 3532 2114 septem

1920 2130 2224 2186 virtutibus
2253 2135 2514 2202 genuerat
2540 2128 2610 2184 ad
2630 2129 3002 2202 perfectionis
3030 2147 3326 2201 summam,
3355 2147 3530 2204 spem,

1919 2217 2112 2288 ﬁdem,
2135 2218 2572 2292 charitatemque
2593 2217 2714 2290 conj
2723 2219 2902 2291 ungit,
2924 2228 2986 2276 ut
3002 2227 3154 2276 tanto
3175 2222 3360 2277 verius
3380 2220 3534 2293 prole

1921 2327 2020 2366 sua
2049 2309 2304 2382 gaudeat,
2334 2318 2543 2384 quanto
2565 2309 2681 2366 suis
2704 2309 2964 2366 ﬁdelibus
2990 2311 3072 2368 nil
3100 2310 3286 2368 deesse
3309 2311 3533 2370 virtutis

1923 2407 2133 2472 pensat.
2170 2397 2310 2472 [Μ.
2342 2398 2523 2472 HL]
2560 2398 2667 2454 Sed
2705 2400 2837 2470 quia
2866 2398 2986 2456 haec
3017 2402 3298 2458 succincte
3343 2409 3534 2458 trans-

1921 2490 2221 2559 currimus,
2247 2505 2396 2546 nunc
2427 2488 2562 2560 ipsis
2583 2505 2802 2562 quoque
2825 2488 3155 2561 indagandis
3175 2491 3416 2551 ﬁliarum
3440 2508 3533 2548 vo-

1922 2579 2135 2637 cabulis
2163 2579 2537 2638 intendamus.
2569 2578 2866 2652 Sequitur:

2519 2670 2748 2727 CAPUT
2779 2670 2960 2728 XVII.

1996 2757 2171 2816 Vens.
2207 2759 2294 2816 14.
2323 2790 2396 2803 -
2446 2761 2522 2818 Et
2571 2760 2777 2816 vocavit
2827 2776 3016 2816 nam»
3067 2762 3226 2818 unius
3277 2761 3454 2832 Diem,
3485 2767 3537 2819 et

1924 2861 2114 2904 nomen
2137 2848 2374 2904 secunda:
2396 2848 2634 2917 Casium,
2663 2855 2720 2903 et
2746 2865 2938 2905 nomn
2965 2850 3134 2906 tertia
3164 2850 3186 2886 ⁵
3202 2851 3536 2914 Cornustibii

1996 2933 2086 2992 43.
2119 2937 2247 2992 Haec
2273 2935 2524 3004 nomina,
2553 2951 2654 3008 pro
2673 2951 2740 2991 eo
2769 2935 2966 3007 quoda
2984 2937 3290 2996 virtutibus
3311 2945 3535 3010 sumpta

1923 3032 2077 3096 sunt,
2106 3034 2232 3099 apte
2253 3024 2474 3082 curavit
2490 3025 2763 3097 interpres
2790 3040 2904 3080 non
2929 3041 2994 3085 ea
3011 3025 3158 3083 sicut
3177 3027 3238 3082 in
3257 3027 3533 3086 “Arabico

205 3144 302 3186 ma
330 3133 548 3183 constat
573 3134 630 3182 et
658 3142 906 3199 corpore,
927 3127 984 3182 in
1019 3135 1227 3200 septem
1255 3128 1618 3201 qualitatibus
1638 3128 1812 3187 contio

1931 3131 2177 3172 sermone
2206 3116 2434 3171 iuventa
2460 3121 2590 3170 sunt
2621 3129 2845 3186 ponere,
2893 3113 2992 3172 sed
3020 3114 3080 3170 in
3111 3114 3373 3170 Latinum
3402 3116 3534 3172 elo-

203 3225 392 3276 netur.
423 3217 563 3273 Nam
604 3217 783 3273 tribus
811 3217 1158 3288 spiritaliter,
1191 3225 1248 3274 et
1279 3226 1517 3291 quatuor
1545 3235 1816 3292 corpora-

205 3307 339 3364 liter
365 3307 531 3379 viget.
567 3307 629 3362 ln
651 3305 953 3363 dilectione
979 3309 1187 3364 etenim
1208 3309 1310 3364 Dei
1343 3309 1520 3365 tribus
1543 3310 1816 3382 qualitati-

205 3397 316 3454 bus
344 3396 678 3470 spiritaliter
705 3397 1004 3467 excitatur,
1021 3414 1149 3454 cum
1169 3399 1221 3454 ei
1240 3415 1338 3470 per
1367 3398 1540 3470 legem
1567 3399 1776 3456 dicitur
1801 3416 1814 3458 :

201 3491 411 3562 Diliges
437 3490 724 3548 Dominum
762 3491 929 3547 Deum
958 3497 1106 3546 tuum
1136 3492 1158 3526 ³
1188 3509 1254 3547 ea:
1284 3497 1392 3547 tota
1440 3498 1604 3548 male
1628 3498 1742 3561 tua,
1770 3498 1821 3549 et

203 3598 278 3638 ea:
306 3587 414 3637 tota
440 3581 623 3638 anima
640 3588 752 3650 tua,
781 3588 830 3636 et
856 3599 922 3636 ea:
951 3587 1060 3636 tota
1088 3580 1282 3637 virtute
1312 3587 1404 3637 tua
1429 3582 1650 3651 (Matth.
1673 3597 1818 3652 xm,

207 3671 329 3744 37).
361 3669 734 3743 Corporaliter
765 3688 896 3728 vero
929 3680 1168 3744 quatuor
1189 3671 1552 3746 qualitatibus
1572 3672 1818 3729 contine-

206 3769 324 3831 tur,
355 3761 486 3834 quia
513 3761 773 3820 videlicet
800 3779 870 3818 ex
902 3761 1134 3818 materia
1159 3761 1340 3820 calida
1364 3770 1419 3818 et
1446 3761 1671 3835 frigida,
1704 3763 1819 3820 hu-

205 3851 364 3910 mida
389 3861 444 3910 et
471 3853 621 3910 sicca
647 3854 1019 3926 componitur.
1052 3853 1233 3908 Homo
1247 3869 1376 3925 ergo
1397 3853 1492 3926 qui
1514 3870 1583 3909 ex
1610 3863 1818 3926 septem

205 3940 570 4015 qualitatibus
589 3951 807 3999 constat
826 3943 1056 3999 denario
1078 3943 1420 3998 remunerari
1434 3941 1664 4012 dicitur,
1689 3945 1822 4016 quia

204 4033 272 4092 in
319 4033 415 4090 illa
452 4035 800 4106 perceptione
848 4049 1098 4107 supernae
1143 4034 1334 4106 patriae
1377 4042 1586 4106 septem
1633 4043 1820 4094 nostra

203 4123 282 4182 ad
310 4123 420 4180 tria
439 4121 756 4195 junguntur
775 4135 999 4191 mterna,
1022 4123 1266 4181 uthomo
1292 4124 1820 4196 contemplationem

207 4214 504 4270 Trinitatis
529 4215 784 4286 accipiat,
815 4223 868 4271 et
895 4215 961 4272 de
979 4215 1424 4272 remuneratione
1454 4214 1634 4286 operis
1663 4215 1820 4288 quasi

206 4303 452 4378 quodam
483 4303 708 4362 denario
736 4313 1158 4362 consummatus
1189 4304 1360 4362 vivat.
1380 4304 1482 4364 Vel
1504 4311 1648 4360 certe
1671 4304 1822 4377 quod

205 4401 424 4466 septem
454 4394 690 4452 virtutes
720 4402 852 4450 sunt
892 4395 1096 4468 quibus
1130 4395 1188 4450 in
1220 4394 1323 4451 bac
1369 4394 1485 4449 vita
1515 4393 1818 4464 laboratur,

207 4485 456 4557 dumque
473 4484 552 4540 eis
577 4485 633 4540 in
659 4485 1101 4540 remuneratione
1120 4483 1514 4556 contemplatio
1537 4484 1824 4542 Trinitatis

1926 3209 2121 3284 quium
2143 3225 2301 3265 versa
2314 3210 2558 3282 apertius
2575 3207 2975 3266 demonstrare.
2999 3210 3134 3278 Quis
3153 3209 3303 3267 enim
3323 3211 3534 3270 nesciat

1925 3301 2085 3358 Diem
2139 3301 2228 3356 vel
2257 3300 2474 3358 Casiam
2503 3299 2703 3356 Latina
2743 3317 2861 3356 esse
2887 3299 3158 3358 vocabula
3187 3301 3214 3358 ?
3245 3303 3264 3337 ⁷
3296 3304 3372 3358 At
3401 3318 3534 3358 vero

1926 3389 1987 3446 in
2017 3390 2360 3448 Cornustibii
2392 3391 2674 3464 (quamvis
2701 3406 2814 3446 non
2836 3407 3064 3459 cornus,
3087 3390 3182 3446 sed
3208 3407 3384 3448 cornu
3401 3391 3540 3448 dici-

1926 3489 2041 3552 tur,
2071 3498 2171 3539 nec
2187 3482 2530 3540 cantantium
2544 3482 2734 3540 ﬁstula
2767 3483 2994 3551 Tibium,
3017 3481 3116 3539 sed
3133 3482 3265 3538 tibia
3285 3485 3536 3556 vocatur)

1929 3572 1991 3630 in
2018 3572 2217 3630 Latina
2246 3579 2431 3630 tamen
2447 3573 2642 3646 lingua
2662 3573 2945 3630 sermonis
2973 3589 3168 3645 genere
3189 3573 3421 3630 minime
3439 3588 3539 3630 cu-

1928 3661 2158 3732 stodito,
2191 3678 2330 3733 rem,
2359 3662 2548 3732 credo,
2584 3661 2827 3736 prodere
2883 3662 3102 3730 maluit,
3135 3671 3303 3735 atque
3330 3662 3390 3720 in
3419 3663 3540 3734 ejus

1930 3752 2133 3824 linguae
2177 3753 2248 3810 de
2275 3769 2386 3830 qua
2430 3751 2807 3811 transferebat
2840 3753 3172 3826 proprietate
3219 3753 3536 3826 perdurare.

1931 3842 2035 3902 Vel
2062 3845 2196 3916 quia
2225 3859 2321 3918 per
2350 3861 2526 3902 cornu
2541 3852 2602 3900 et
2629 3843 2837 3902 tibiam
2853 3860 3026 3900 unum
3044 3844 3276 3901 verbum
3291 3861 3361 3902 ex
3391 3853 3538 3903 utro-

1930 3950 2036 4008 que
2065 3933 2396 4005 composuit,
2430 3943 2732 4008 utrumque
2762 3934 2990 3990 verbum
3018 3951 3114 4006 per
3143 3952 3310 3992 unam
3338 3937 3538 3993 oratio-

1929 4023 2018 4080 nis
2043 4032 2252 4097 partem
2287 4023 2346 4079 in
2375 4023 2575 4079 Latina
2621 4024 2814 4098 lingua
2851 4025 3192 4081 transfusum
3221 4042 3330 4100 quo
3360 4027 3540 4084 voluit

1931 4131 2126 4188 genere
2179 4114 2334 4171 licite
2364 4115 2608 4172 vocavit.
2659 4112 2801 4188 [Vet.
2833 4112 3043 4189 XXII.]
3105 4114 3251 4184 Quid
3276 4125 3358 4174 est
3412 4135 3540 4192 ergo

1931 4205 2078 4279 quod
2098 4205 2276 4280 prima
2292 4203 2408 4262 ﬁlia
2421 4204 2570 4262 beati
2589 4204 2617 4262 J
2623 4205 2694 4260 ob
2707 4205 2840 4262 Dies
2861 4203 3086 4276 dicitur,
3104 4209 3343 4266 secunda
3359 4207 3538 4280 Casia,

1928 4297 2093 4352 tertia
2115 4314 2247 4353 vero
2275 4295 2618 4355 Cornustibii
2650 4304 2846 4355 vocata
2872 4306 3232 4370 memoratur,
3275 4298 3383 4358 nisi
3413 4301 3544 4375 quia

1929 4387 2255 4444 universum
2285 4405 2456 4462 genus
2473 4386 2812 4457 humanum,
2831 4388 2978 4463 quod
2999 4387 3336 4466 benignitate
3354 4391 3543 4450 condi-

1929 4479 2069 4536 toris
2089 4487 2251 4554 atque
2279 4477 2531 4554 ejusdem
2579 4479 2600 4514 ⁸
2631 4479 3012 4538 misericordia
3041 4480 3404 4554 redemptoris
3431 4483 3544 4540 eli-

208 4537 485 4644 reddiltur,
515 4574 632 4630 vita
648 4573 1022 4630 laborantium
1045 4574 1273 4630 denario
1289 4581 1694 4630 remuneratur.
1718 4573 1826 4630 Sed
1850 4537 1902 4598 Β
1933 4571 2101 4646 gitur,
2135 4571 2261 4628 istis
2312 4568 2644 4628 nominibus
2674 4570 2994 4644 designatur
3022 4571 3050 4630 ‘i
3080 4571 3258 4627 Homo
3305 4586 3546 4645 namque

209 4663 491 4739 perfectus
529 4663 764 4738 quisque
805 4662 970 4718 etiam
1000 4663 1058 4718 in
1105 4663 1209 4720 hac
1254 4663 1370 4720 vita
1409 4662 1698 4722 denarium
1725 4681 1828 4723 ac-

293 4860 308 4894 ¹
343 4857 549 4916 Locum
578 4856 732 4930 hunc
761 4857 820 4912 in
848 4855 1034 4913 Editis
1063 4864 1121 4912 et
1136 4855 1199 4930 in
1221 4858 1551 4930 quibusdam
1581 4861 1712 4918 Mss.
1743 4861 1824 4917 vi-

209 4931 415 5002 tiatum
447 4930 794 5002 restituimus
821 4931 1081 5002 opeiMss.
1103 4929 1523 5002 duor.rGerm.,
1554 4934 1819 4991 Norman.

209 5012 271 5060 et
299 5000 538 5060 Vindoc.
569 5001 634 5059 In
663 4999 898 5075 Turoni,
929 4999 1102 5058 Laud.
1133 5009 1184 5056 et
1207 5001 1327 5075 Val.
1353 5002 1457 5071 CL,
1491 4999 1712 5075 legitur,
1735 5005 1824 5062 sed

201 5077 375 5149 plena
403 5083 498 5142 est,
526 5080 586 5149 ut
609 5081 788 5130 autem
815 5074 872 5128 iu
897 5075 1254 5130 altitudinem.
1279 5074 1612 5146 Corruptius
1634 5075 1693 5131 in
1711 5076 1819 5134 Ed.

206 5147 412 5216 Gilot.,
443 5147 651 5215 Vatic.,
679 5149 980 5217 Gussanv.,
1005 5149 1093 5203 sed
1117 5149 1290 5219 plana
1311 5163 1418 5200 non
1443 5153 1540 5212 est,
1561 5154 1620 5202 ut
1645 5156 1821 5205 autem

209 5221 275 5276 in
303 5221 658 5276 lalin.
695 5221 758 5277 In
807 5221 1118 5290 vetustior.,
1163 5220 1252 5274 sed
1288 5220 1454 5290 [iiuna
1491 5236 1598 5274 non
1641 5227 1738 5286 est,
1767 5228 1828 5277 ut

207 5299 392 5349 autem
422 5293 479 5346 in
528 5289 881 5348 latitudinem.
917 5295 1050 5360 Quae
1104 5289 1366 5348 lectiones
1417 5307 1582 5347 sensu
1611 5300 1821 5349 carent.

209 5364 533 5436 Legendum
576 5379 750 5435 ergo:
799 5365 889 5436 sed
925 5367 1095 5434 plana
1136 5371 1245 5430 est;
1292 5363 1400 5436 hoc
1443 5372 1526 5418 est
1571 5363 1690 5418 sine
1734 5365 1825 5420 al—

209 5435 478 5493 titudine.
520 5436 676 5492 Unde
720 5435 1023 5492 subditur:
1073 5443 1133 5492 ut
1167 5442 1346 5492 autem
1385 5435 1440 5490 in
1485 5436 1825 5492 altitudinem

211 5517 468 5638 δαζθῗξι.
496 5581 610 5650 CL,
633 5597 734 5653 per
760 5585 951 5653 septem
973 5579 1204 5650 Spiritus
1231 5579 1402 5636 sancti
1418 5579 1660 5638 virtutes.

290 5656 312 5689 ³
339 5653 574 5710 Vindoc.
604 5652 659 5709 et
715 5653 792 5724 pl.
831 5652 1044 5707 Nemi"
1101 5669 1167 5706 ex
1207 5659 1312 5708 toto
1339 5653 1495 5710 corde
1539 5662 1651 5726 tuo,
1678 5659 1729 5710 ct
1754 5669 1825 5711 es

208 5733 326 5785 ωω
353 5727 541 5782 anima
568 5732 685 5791 tua,
715 5731 763 5779 et
784 5741 854 5778 ea:
884 5729 1176 5779 tolamente
1207 5731 1318 5782 tua.

290 5801 311 5835 ‘
341 5798 568 5856 Ebroic.
599 5797 806 5870 aliique
835 5795 1050 5864 Norm.,
1075 5812 1258 5853 eorum
1280 5805 1472 5854 mentes
1491 5815 1689 5871 quos...
1709 5813 1820 5870 spe,

1937 4663 2096 4740 quasi
2145 4661 2266 4721 dies
2293 4678 2365 4720 ex
2392 4661 2713 4722 conditione
2742 4663 2965 4734 claruit,
3003 4663 3139 4738 quia
3165 4662 3318 4722 hunc
3345 4670 3546 4722 auctor

1933 4855 2057 4931 ﬁde,
2080 4863 2238 4928 atque
2265 4857 2523 4914 alacritate
2550 4856 2841 4931 mavuagit.

2005 4929 2026 4964 ⁵
2059 4927 2256 5010 ψιλὰ,
2300 4929 2607 5010 cornutibii.
2642 4931 2774 5003 Legi
2819 4929 3018 5010 debere
3072 4928 3422 5010 Cornustibii,
3471 4926 3546 4987 ad

1931 5002 2107 5058 sancti
2137 4999 2387 5075 Gregorii
2434 5009 2702 5070 mentem,
2724 4999 2993 5075 'probant
3023 5015 3144 5075 qua:
3186 4999 3496 5074 sequuntur
3526 5019 3538 5058 :

1931 5073 2174 5146 quamvis
2196 5072 2303 5128 non
2329 5087 2505 5146 cornu
2516 5089 2562 5142 s,
2595 5075 2685 5129 sed
2727 5072 2902 5130 cornu
2929 5072 3128 5128 dicitur
3156 5091 3178 5139 ;
3205 5072 3295 5129 nec
3325 5077 3543 5130 cantan-

1937 5145 2067 5203 tium
2093 5147 2278 5219 ﬁstula
2304 5145 2528 5219 tibium,
2555 5147 2647 5201 sed
2673 5146 2814 5202 tibia
2839 5153 3088 5219 vocatur.

2009 5222 2030 5256 ⁶
2061 5217 2519 5291 Hieronymusiu
2580 5219 2816 5291 praelata
2846 5217 2915 5273 ad
2961 5217 3060 5274 lib.
3089 5217 3194 5276 Job
3253 5217 3544 5291 proﬁtetur

1935 5306 1993 5346 se
2021 5289 2181 5347 illum
2217 5289 2563 5346 transtulisse
2579 5289 2646 5344 ex
2665 5290 2778 5362 ipso
2807 5291 3066 5362 Hebraico
3083 5289 3416 5362 Arabicoque
3435 5309 3542 5347 ser-

1933 5380 2105 5432 mone,
2135 5369 2183 5418 et
2205 5363 2470 5418 interdum
2487 5364 2643 5433 Syro.
2668 5361 2811 5434 Lege
2825 5361 3071 5434 ejusdem
3091 5365 3268 5420 sancti
3289 5361 3545 5422 Hectoris

1934 5436 2090 5508 prmi“.
2111 5435 2176 5509 in
2208 5435 2515 5509 Danielem,
2541 5435 2737 5509 inqua
2751 5436 2918 5491 etiam
2939 5435 3102 5492 docet
3126 5437 3228 5492 Job
3247 5451 3370 5491 cum
3397 5443 3543 5493 Ara-

1933 5509 2050 5584 bica
2081 5508 2262 5584 lingua
2284 5508 2582 5584 plurimam
2601 5508 3117 5584 habensocietatem.
3152 5509 3393 5584 Consule
3421 5526 3546 5584 quin

1933 5578 2183 5636 diximus
2214 5578 2424 5636 inhota
2446 5580 2626 5651 prima
2654 5581 2724 5637 ad
2755 5596 2912 5638 num.
2943 5582 3014 5638 62
3045 5581 3178 5638 libri
3205 5597 3304 5638 xx.

2005 5652 2273 5727 {Locum
2293 5653 2443 5727 hunc
2470 5653 2623 5710 varie
2639 5663 2968 5726 corruptum
2999 5655 3058 5710 in
3089 5655 3235 5727 plur.
3269 5653 3375 5710 Ed.
3401 5668 3545 5711 cor-

1933 5723 2181 5781 reximus
2209 5724 2279 5780 ad
2306 5726 2436 5782 Mss.
2470 5727 2712 5784 maxime
2731 5723 2996 5785 Normau.
3026 5723 3250 5786 et'duos

2000 5795 2310 5865 “Vindoc.,
2334 5796 2535 5868 gustia.
