3956 6392
438 329 546 388 7Ὶῦ

1630 318 1882 377 SANCTI
1918 314 2260 374 GREGORII
2294 314 2524 374 MAGNI
2541 351 2549 359 -

3666 315 3777 374 776

438 468 572 510 suus
601 451 856 523 ingenitae
887 446 1218 505 innocentia:
1247 445 1538 518 splendore
1572 447 1589 480 ¹
1622 443 1898 516 respersit.
1928 440 2034 498 Sed
2060 444 2112 503 A
2142 446 2274 496 tam.
2305 440 2378 497 Et
2413 440 2547 515 quia
2571 455 2765 497 omnes
2795 437 2859 496 hi
2879 438 3112 496 annisus
3152 445 3279 495 nost
3294 454 3368 494 rae
3399 438 3778 510 reparationis

438 546 630 613 sponte
658 555 757 595 sua
780 536 850 594 ad
880 537 1087 611 peccati
1116 537 1366 594 tenebras
1395 536 1598 608 lapsus,
1629 535 1760 608 quia
1785 530 2035 588 veritatis

438 631 613 686 lucem
644 626 911 697 deseruit,
945 628 1104 700 quasi
1129 626 1189 682 in
1218 633 1380 683 nocte
1408 641 1467 682 se
1493 624 1696 682 erroris
1723 621 2033 690 abscondit,

437 715 566 789 quia
593 715 730 772 alias
751 715 960 772 dicitur
986 723 1206 772 secutus
1232 714 1508 771 umbram.
1540 710 1647 769 Sed
1675 709 1805 784 quia
1822 707 2034 796 auctori

435 812 626 861 nostro
655 820 766 860 non
790 803 968 860 defuit
989 804 1210 876 largitas
1226 801 1493 859 bonitatis
1508 816 1641 868 suae,
1663 800 1831 856 etiam
1845 805 2036 856 contra

435 894 688 950 tenebras
717 892 1030 966 iniquitatis
1060 902 1260 949 nostrae
1280 907 1405 948 eum
1428 906 1592 964 quem
1613 889 1768 963 prius
1786 895 2037 962 potenter

434 981 506 1038 ad
527 979 803 1053 justitiam
833 980 1086 1038 condidit
1116 979 1401 1052 potentius
1428 975 1753 1035 redimendo
1781 983 2036 1050 postmo-

435 1070 568 1127 dum
597 1068 667 1127 ab
692 1085 875 1126 errore
903 1069 1204 1126 revocavit.
1235 1067 1339 1125 Cui
1358 1067 1490 1141 quia
1515 1073 1639 1140 post
1656 1082 1845 1123 casum
1872 1080 2035 1121 suum

438 1157 536 1214 illa
562 1156 900 1215 conditionis
942 1173 1056 1214 suae
1101 1156 1339 1230 pristina
1384 1155 1620 1212 ﬁrmitas
1677 1154 1879 1224 defuit,
1909 1170 2034 1211 eum

439 1254 632 1305 contra
658 1245 804 1302 bella
832 1245 1029 1301 intima
1055 1244 1418 1318 repugnantis
1447 1243 1821 1316 corruptionis
1850 1242 2036 1300 multi-

439 1335 677 1409 plicibus
702 1334 974 1391 donorum
1005 1350 1229 1390 suorum
1260 1333 1566 1391 virtutibus
1593 1331 1770 1389 fulsit.
1793 1331 1926 1400 Quae
1952 1330 2036 1387 ni-

439 1428 641 1484 mirum
670 1426 904 1482 virtutes
933 1423 1340 1496 proﬁcientium
1371 1423 1394 1459 ²
1423 1422 1692 1480 innotitia
1713 1429 2036 1478 caterorum

438 1515 729 1573 hominum
759 1512 912 1588 quasi
942 1513 1216 1571 suavitate
1237 1513 1484 1586 fragrant
1512 1512 1768 1569 odorum.
1785 1510 1928 1567 Hinc
1957 1516 2037 1566 est

439 1604 587 1660 enim
618 1601 766 1677 quod
794 1618 890 1675 per
930 1602 1162 1659 Paulum
1204 1601 1448 1658 dicitur:
1484 1601 1685 1658 Christi
1713 1600 1878 1655 bonus
1904 1597 2039 1654 odor

437 1707 621 1748 sumus
646 1691 756 1746 Deo
793 1689 892 1760 (ΙΙ
935 1689 1061 1746 Cor.
1112 1705 1174 1756 ιι,
1221 1688 1335 1761 15).
1385 1687 1528 1744 Hinc
1565 1695 1648 1744 est
1676 1685 1825 1760 quod
1850 1694 2040 1742 sancta

2142 531 2354 602 magnis
2379 530 2525 587 intra
2544 538 2789 588 sanctam
2810 527 3118 586 Ecclesiam
3145 527 3517 601 opinionibus
3536 528 3779 600 pollent,

2143 635 2342 675 nomen
2365 619 2619 676 secundae
2647 619 2777 675 ﬁliae
2809 619 2964 674 velut
2993 615 3140 674 casia
3201 632 3274 673 ex
3303 617 3506 675 merito
3536 616 3778 687 redolet,

2142 714 2206 763 ut
2232 707 2362 780 quia
2382 709 2559 780 prima
2583 707 2700 763 ﬁlia
2728 706 2887 780 quasi
2913 705 3032 763 dies
3052 704 3272 763 exstitit
3300 721 3398 778 per
3436 704 3781 780 dignitatem

2142 797 2498 866 conditionis,
2530 796 2769 854 secunda
2802 796 2951 854 casia
2975 795 3050 853 sit
3082 811 3179 868 per
3205 795 3571 869 fragrantiam
3599 795 3785 853 forti-

2143 884 2356 941 tudinis
2383 902 2452 941 ex
2490 887 2664 958 gratia
2691 884 3126 958 redemptionis.
3165 881 3307 957 [Vet.
3335 882 3583 959 XXIIIJ
3616 884 3783 945 Unde

2144 981 2195 1028 et
2227 974 2403 1030 eidem
2434 975 2680 1032 venienti
2728 973 3094 1047 Redemptori
3126 989 3224 1046 per
3253 971 3592 1046 Prophetam
3622 973 3783 1032 dici-

2145 1070 2271 1118 tur:
2318 1064 2566 1134 Myrrha,
2598 1069 2647 1119 et
2695 1070 2864 1136 gutta,
2910 1068 2959 1119 et
2996 1063 3162 1119 casia
3185 1078 3219 1117 a
3249 1063 3574 1118 vestimentis
3602 1064 3715 1119 tuis
3746 1082 3783 1121 a

2143 1152 2394 1222 gradibus
2421 1153 2680 1221 eburneis,
2712 1171 2777 1208 ea:
2805 1151 2998 1224 quibus
3042 1157 3087 1206 te
3119 1151 3511 1208 delectaverunt
3538 1152 3676 1226 ﬁlia:
3699 1171 3784 1210 re-

2143 1259 2266 1312 gum
2294 1242 2352 1297 in
2378 1243 2573 1297 honore
2603 1248 2688 1297 tuo
2721 1241 2905 1314 (Psal.
2940 1256 3107 1310 κων,
3136 1240 3218 1314 9).
3245 1241 3391 1310 Quid
3420 1242 3578 1298 enim
3610 1259 3785 1317 myr-

2144 1331 2279 1399 rhae,
2309 1339 2474 1404 guttae
2502 1339 2556 1388 et
2579 1331 2763 1399 casiae,
2802 1331 3050 1388 nomine
3075 1329 3188 1386 nisi
3218 1330 3495 1388 virtutum
3526 1333 3782 1391 suavitas

2144 1419 2461 1492 designatur
2489 1421 2518 1477 ?
2543 1419 2692 1488 Quid
2721 1420 2981 1478 eburneis
3013 1418 3276 1493 gradibus
3298 1421 3409 1476 nisi
3440 1437 3650 1494 magna
3679 1422 3783 1478 ni-

2144 1517 2266 1565 tens
2293 1507 2620 1566 fortitudine
2649 1509 3041 1582 proﬁcentium
3071 1524 3334 1566 ascensus
3372 1509 3723 1582 exprimitur
3752 1511 3799 1593 Τ,

2145 1597 2476 1670 Redemptor
2503 1598 2675 1670 igitur
2701 1598 2931 1655 veniens
2970 1597 3233 1672 myrrha,
3257 1604 3411 1670 gutta
3432 1604 3491 1654 et
3518 1598 3695 1667 casia,
3718 1599 3781 1655 in

2147 1689 2472 1745 vestimento
2518 1689 2714 1758 utitur,
2743 1691 2765 1725 ‘
2796 1689 2926 1762 quia
2974 1705 3049 1744 ex
3077 1689 3268 1746 electis
3295 1689 3438 1755 suis,
3481 1690 3696 1762 quibus
3721 1708 3781 1747 se

436 1779 707 1845 Ecclesia,
732 1777 793 1832 in
813 1777 1002 1833 electis
1028 1775 1146 1831 suis
1164 1774 1460 1847 quamdam
1478 1774 1835 1847 fragrantiam
1855 1774 2042 1831 suavi-
2066 1796 2114 1859 Β
2148 1779 2580 1836 misericorditer
2608 1780 2813 1848 induit,
2847 1777 3102 1853 myrrhae
3153 1779 3381 1836 virtutis
3411 1779 3779 1853 fragrantiam

436 1866 570 1924 tatis
600 1864 837 1933 odorati,
870 1864 929 1920 in
943 1863 1286 1922 canticorum
1307 1863 1536 1922 Cantico
1553 1872 1590 1928 1
1602 1866 2036 1938 16410quatur,

436 1963 659 2020 dicens:
708 1963 886 2019 Donec
928 1978 1028 2018 rea:
1077 1962 1139 2017 in
1167 1963 1401 2019 recubitu
1428 1979 1523 2019 suo
1569 1969 1663 2031 est,
1695 1963 1901 2020 nardus
1923 1981 2039 2019 inea

438 2053 585 2108 dedit
601 2051 815 2108 odorem
841 2068 997 2108 suum
1022 2051 1262 2126 (Cantia.
1296 2069 1338 2122 ι,
1370 2051 1484 2125 11).
1531 2055 1612 2109 Ac
1650 2053 1697 2108 si
1725 2061 1910 2125 aperte
1939 2052 2038 2109 di-

436 2149 526 2200 cat
550 2158 562 2198 :
586 2141 882 2214 Quousque
910 2141 1047 2198 meis
1076 2140 1362 2198 obtutibus
1391 2157 1491 2197 rex
1517 2141 1665 2214 apud
1684 2158 1742 2198 se
1771 2142 1829 2198 in
1850 2141 2039 2215 requie

436 2231 632 2289 secreti
677 2230 915 2288 cmlestis
959 2230 1338 2302 absconditur,
1383 2233 1688 2289 electorum
1733 2233 1853 2289 vita
1882 2232 2040 2289 miris

438 2318 713 2375 virtutum
727 2317 992 2376 odoribus
1005 2327 1312 2388 exercetur,
1336 2328 1397 2376 ut
1411 2336 1521 2392 quo
1541 2319 1722 2378 adhuc
1731 2336 1859 2378 eum
1875 2336 2038 2395 quem

443 2407 652 2480 appetit
699 2423 812 2464 non
853 2407 1026 2476 videt,
1069 2407 1354 2465 ardentius
1381 2424 1479 2481 per
1506 2407 1845 2465 desiderium
1879 2412 1900 2446 ³
1930 2409 2039 2466 ﬂa-

446 2505 582 2569 gret.
614 2497 758 2569 Rege
805 2496 1008 2571 quippe
1037 2496 1097 2553 in
1144 2497 1402 2555 recubitu
1429 2514 1530 2555 suo
1576 2499 1780 2572 posito,
1830 2499 2038 2557 nardus

442 2583 670 2641 odorem
696 2584 812 2655 dat,
841 2585 999 2652 dum,
1020 2586 1332 2658 quiescente
1360 2587 1420 2644 in
1438 2604 1538 2644 sua
1556 2587 1900 2650 beatitudine
1927 2590 2039 2646 Do-

437 2673 613 2742 mino,
670 2680 986 2731 sanctorum
1015 2674 1194 2732 virtus
1229 2674 1290 2732 in
1331 2676 1579 2734 Ecclesia
1620 2693 1829 2750 magnae
1879 2678 2040 2735 nobis

436 2763 667 2836 gratiam
685 2762 974 2820 suavitatis
989 2763 1360 2823 administrat.
1378 2765 1520 2835 Quia
1532 2783 1663 2840 ergo
1676 2775 1732 2823 et
1745 2767 2036 2825 conditum

360 2929 369 2936 ῃ
436 2852 560 2910 luce
587 2853 917 2910 innocentiae
937 2853 1157 2924 claruit,
1189 2863 1244 2911 et
1267 2855 1611 2930 redemptum
1643 2873 1815 2930 genus
1831 2856 2040 2914 huma-

435 2959 570 3000 num
599 2943 865 3000 exercitio
892 2943 1164 3000 honorum
1209 2961 1436 3017 operum
1477 2946 1702 3003 odorem
1753 2947 2040 3004 suavitatis

433 3031 681 3105 aspersit,
712 3032 889 3104 prima
923 3032 1041 3089 ﬁlia
1067 3041 1214 3090 recte
1240 3035 1386 3104 Dies,
1436 3043 1491 3091 et
1517 3034 1760 3092 secunda
1787 3052 1900 3094 non
1939 3036 2040 3093 in-

433 3137 673 3195 congrue
706 3122 865 3178 Casia
884 3123 1226 3180 nominatur.
1249 3125 1396 3182 Bene
1415 3132 1598 3181 autem
1625 3126 1787 3182 Casia
1803 3126 2032 3196 dicitur,
2068 3156 2114 3220 α

433 3226 554 3284 quae
583 3209 644 3266 in
666 3217 820 3267 tanto
848 3210 1106 3269 sublimis
1134 3212 1266 3268 vitae
1302 3212 1472 3270 odore
1499 3213 1782 3271 dilatatur.
1816 3216 1878 3271 In
1917 3215 2036 3287 ipsa

431 3300 632 3373 quippe
660 3316 758 3356 sua
784 3299 997 3372 origine
1024 3299 1083 3356 in
1114 3316 1223 3374 qua
1241 3301 1426 3373 justus
1445 3303 1614 3360 homo
1629 3304 1889 3362 conditus
1920 3305 2034 3363 fue-

433 3396 520 3444 rat
558 3388 728 3444 tantis
755 3388 976 3460 quantis
1004 3405 1154 3446 nunc
1165 3405 1304 3462 opus
1327 3398 1410 3447 est
1429 3392 1735 3449 virtutibus
1763 3409 1877 3450 non
1892 3393 2036 3451 indic

431 3475 610 3549 gebat,
639 3475 771 3548 quia
797 3475 845 3532 si
871 3483 1014 3532 stare
1042 3476 1186 3534 sicut
1215 3485 1298 3534 est
1324 3480 1584 3538 conditus
1603 3482 1788 3550 vellet,
1820 3481 2035 3541 hostem

430 3573 588 3621 extra
637 3563 876 3636 positum
937 3563 1154 3622 vincere
1200 3567 1319 3625 sine
1375 3568 1699 3627 diﬂicultate
1745 3574 2030 3644 potuisset.

431 3652 728 3726 Postquam
757 3669 889 3710 vero
916 3670 1014 3727 per
1042 3670 1329 3714 assensum
1363 3656 1611 3716 hominis
1640 3661 1807 3717 semel
1837 3660 2035 3719 adver-

431 3741 606 3798 sarius
634 3741 705 3798 ad
761 3742 960 3800 intima
1014 3744 1238 3819 irrupit,
1295 3747 1626 3807 laboriosius
1675 3749 1792 3822 jam
1850 3751 2034 3808 victor

431 3829 674 3903 ejicitur,
721 3833 818 3906 qui
862 3831 1047 3892 adhuc
1094 3834 1430 3910 impugnans
1481 3837 1600 3896 sine
1629 3837 1814 3896 labore
1847 3840 2036 3913 repel-

436 3923 664 3982 leretur.

500 4061 587 4119 44.
619 4061 804 4121 Multis
831 4059 1140 4129 virtutibus,
1180 4075 1300 4131 quae
1343 4060 1400 4116 in
1427 4061 1690 4133 paradiso
1731 4060 2035 4119 necessaria:

427 4166 536 4206 non
558 4149 801 4221 fuissent,
828 4149 1138 4220 indigemus.
1160 4179 1232 4191 —
1254 4148 1430 4207 Multa
1448 4165 1684 4223 namque
1708 4166 1858 4206 nunc
1876 4150 2032 4207 exhi-

428 4239 609 4296 henda
637 4247 767 4296 sunt
794 4254 917 4312 qua
937 4240 996 4295 in
1026 4237 1282 4311 paradiso
1309 4238 1618 4296 necessaria
1646 4254 1757 4295 non
1783 4239 2027 4298 fuerunt.

426 4329 586 4386 Nunc
613 4327 814 4398 quippe
855 4342 994 4398 opus
1043 4333 1128 4382 est
1155 4327 1364 4383 virtute
1408 4327 1710 4399 patientiae,
1760 4326 2033 4386 laboriosa

427 4414 738 4474 eruditione
756 4413 1045 4480 doctrinae,
1055 4413 1412 4486 castigatione
1427 4415 1694 4488 corporis,
1707 4417 2030 4476 assiduitate

2146 1868 2402 1942 aspergit.
2434 1871 2497 1927 In
2524 1869 2727 1943 quibus
2756 1869 2860 1927 iste
2878 1869 3020 1926 odor
3033 1869 3299 1926 eburneis
3317 1868 3589 1943 gradibus
3608 1870 3781 1928 duci-

2146 1965 2258 2026 tur,
2288 1958 2418 2032 quia
2445 1959 2505 2015 in
2542 1961 2622 2016 eis
2651 1961 2923 2018 virtutum
2952 1960 3154 2032 opinio
3194 1975 3308 2016 non
3350 1976 3423 2016 ex
3452 1961 3779 2016 ostensione

2148 2048 2541 2118 simulationis,
2572 2049 2668 2106 sed
2695 2067 2765 2108 ex
2796 2051 2915 2106 veri
2944 2065 3010 2108 ac
3053 2049 3220 2106 solidi
3264 2050 3452 2122 operis
3480 2052 3503 2086 ⁸
3537 2067 3779 2108 ascensu

2150 2147 2456 2211 generatur.
2488 2139 2634 2195 Bene
2663 2147 2847 2196 autem
2880 2138 3176 2196 subditur:
3210 2140 3304 2196 Ea:
3332 2139 3528 2210 quibus
3553 2140 3778 2196 delecta-

2146 2234 2337 2284 verunt
2366 2233 2410 2282 te
2441 2229 2568 2300 ﬁlice
2597 2247 2776 2300 regum
2805 2230 2862 2284 in
2889 2231 3091 2286 honore
3133 2235 3241 2286 tuo.
3273 2229 3491 2288 Sanctae
3531 2245 3779 2303 namque

2149 2319 2347 2374 animae
2375 2317 2444 2374 ab
2465 2318 2710 2392 antiquis
2738 2319 2987 2393 patribus
3012 2319 3082 2378 ad
3108 2320 3489 2394 cognitionem
3512 2322 3778 2378 veritatis

2149 2407 2308 2463 editae
2338 2406 2759 2480 Rcdemptorem
2789 2425 2953 2466 suum
2982 2408 3042 2466 in
3071 2408 3190 2482 ejus
3216 2409 3430 2467 honore
3449 2408 3771 2479 delectant,

2153 2502 2346 2560 1165
2374 2497 2506 2569 quia
2530 2513 2601 2553 ex
2631 2514 2698 2554 eo
2730 2498 2882 2572 quod
2922 2498 3061 2556 bene
3088 2508 3261 2572 agunt
3289 2514 3403 2556 sum
3433 2498 3592 2556 laudi
3622 2499 3778 2556 nihil

2149 2595 2453 2653 vindicant.
2479 2598 2501 2633 ⁶
2518 2596 2660 2664 Quia
2687 2613 2819 2654 vero
2845 2596 3013 2654 tertio
3040 2596 3238 2654 ordine
3257 2595 3578 2654 humanum
3593 2612 3775 2670 genus

2148 2684 2315 2741 etiam
2339 2685 2523 2743 carnis
2543 2686 2946 2744 resurrectione
2971 2693 3304 2743 renovatum
3324 2684 3387 2742 in
3405 2684 3507 2742 illo
3528 2701 3776 2742 concen-

2147 2783 2211 2832 tu
2239 2785 2455 2834 asternae
2489 2778 2670 2836 laudis
2716 2777 3041 2848 assumitur,
3080 2778 3248 2834 tertia
3278 2776 3399 2835 ﬁlia
3431 2779 3779 2836 συνηνειῶἰὶ

2149 2871 2396 2919 vocatur.
2426 2862 2573 2931 Quid
2602 2863 2749 2919 enim
2780 2878 2878 2936 per
2905 2861 3254 2921 Cornustibii
3292 2862 3403 2920 nisi
3452 2863 3775 2919 lmtantium

2147 2957 2342 3007 cantus
2392 2951 2768 3024 exprimitur?
2795 2951 2878 3009 Ibi
2924 2951 3077 3010 enim
3112 2951 3383 3010 veraciter
3426 2951 3778 3026 adimpletur

2150 3040 2299 3113 quod
2326 3041 2492 3098 modo
2515 3057 2612 3114 per
2638 3040 2971 3113 Prophetam
2986 3041 3232 3100 dicitur:
3270 3042 3498 3098 Cantate
3524 3043 3773 3098 Domino

2147 3129 2407 3185 canticum
2432 3146 2627 3185 novum
2657 3129 2834 3201 (Psal.
2866 3145 3054 3198 CXLIX,
3078 3129 3156 3203 1).
3185 3129 3270 3187 Ibi
3291 3130 3565 3188 veraciter
3583 3130 3772 3188 adimo

2141 3219 2343 3291 pletur,
2374 3217 2472 3275 ubi
2501 3219 2780 3276 canticum
2809 3217 2992 3276 laudis
3019 3220 3121 3276 Dei
3149 3235 3264 3276 non
3285 3219 3401 3292 jam
3423 3237 3495 3276 ex
3510 3220 3649 3291 ﬁde,
3672 3221 3773 3278 sed

2141 3326 2211 3365 ex
2238 3309 2417 3383 specie
2445 3310 2814 3382 contemplata
2837 3310 3173 3368 cantabitur.
3199 3311 3285 3369 lbi
3312 3329 3346 3368 a
3373 3312 3537 3369 nobis
3552 3313 3776 3370 condi-

2143 3407 2230 3456 tor
2265 3406 2454 3456 noster
2498 3399 2726 3457 laudum
2772 3416 2999 3458 suarum
3042 3417 3265 3459 veraces
3304 3409 3504 3460 cantus
3536 3403 3772 3477 recipit,

2141 3488 2238 3562 qui
2266 3490 2571 3546 humanum
2595 3505 2767 3563 genus
2791 3497 2846 3546 et
2872 3489 3164 3548 condendo
3184 3490 3358 3560 diem,
3388 3498 3445 3548 et
3464 3491 3778 3550 redimen-

2141 3581 2213 3638 do
2235 3582 2460 3652 casiam,
2488 3589 2544 3638 et
2567 3581 2897 3639 assumendo
2914 3583 3258 3641 cornustihii
3286 3583 3440 3642 fecit.
3475 3583 3589 3654 Qui
3609 3587 3774 3645 enim

2142 3673 2242 3729 lux
2269 3672 2482 3730 fuimus
2524 3671 2759 3742 conditi,
2795 3679 2851 3728 et
2878 3688 3030 3730 nunc
3058 3689 3255 3731 sumus
3284 3673 3436 3733 casia
3461 3675 3773 3750 redempti,

2141 3762 2347 3819 erimus
2374 3761 2705 3836 quandoque
2724 3761 3079 3832 cornustibii,
3109 3762 3170 3819 in
3191 3765 3574 3824 exsultatione
3605 3776 3773 3824 mter-

2141 3866 2225 3907 nae
2268 3849 2448 3907 laudis
2493 3849 2781 3923 assumpti.
2830 3849 2939 3906 Sed
2982 3850 3305 3926 priusquam
3334 3852 3406 3910 ad
3436 3854 3773 3926 nuptiarum

2140 3939 2445 3996 thalamum
2464 3955 2663 4012 sponsa
2691 3938 2998 4012 perveniat,
3026 3955 3251 3997 omnem
3276 3957 3309 3998 a
3333 3957 3393 3998 se
3421 3943 3555 4000 vitae
3587 3941 3775 3999 foedi-

2137 4035 2307 4086 tatem
2334 4028 2567 4101 respuit,
2610 4035 2665 4086 et
2700 4028 2886 4100 sponsi
2922 4029 3099 4085 amori
3146 4044 3462 4103 praeparans
3516 4046 3641 4089 sese
3671 4047 3774 4105 per

2139 4116 2346 4192 species
2372 4117 2646 4173 virtutum
2665 4119 2686 4152 ⁷
2717 4125 2878 4174 ornat
2905 4125 2959 4174 et
2986 4118 3179 4175 comit.
3212 4119 3410 4177 Studet
3437 4120 3653 4194 quippe
3685 4122 3771 4178 in-

2138 4207 2282 4265 terni
2313 4208 2334 4243 ⁸
2361 4205 2558 4264 arbitri
2575 4204 2792 4278 judicio
2821 4207 3059 4279 placere,
3089 4214 3164 4276 et,
3200 4207 3424 4266 intimis
3449 4209 3764 4268 desideriis

2138 4298 2443 4367 sublevate,
2497 4297 2673 4354 foedos
2744 4313 2925 4355 mores
2981 4298 3429 4357 conversationis
3489 4299 3763 4359 humanas

2136 4389 2538 4446 transcendere.
2573 4387 2728 4446 Unde
2753 4388 2893 4446 bene
2919 4395 2975 4446 et
3001 4388 3069 4446 de
3108 4388 3320 4447 eisdem
3351 4388 3586 4448 ﬁliabus
3614 4391 3773 4450 beati

428 4505 626 4580 precis,
656 4502 999 4562 confessione
1019 4475 1370 4574 delictdrum,
1391 4475 1756 4561 inundatione
1771 4506 2040 4581 lacryma.
2066 4520 2116 4583 ο
2144 4477 2247 4534 Job
2279 4475 2538 4534 subdunt
2577 4494 2590 4533 ⁵

426 4612 551 4654 mm
572 4614 589 4664 ;
617 4608 852 4670 quorum
881 4592 1126 4666 profecto
1155 4593 1406 4650 omnium
1454 4593 1709 4653 conditus
1737 4596 1884 4655 bono
1914 4619 2025 4662 non

425 4686 594 4759 eguit,
641 4684 775 4759 quia
821 4684 1014 4741 salutis
1042 4684 1250 4741 bonum
1297 4700 1366 4742 ex
1417 4684 1534 4757 ipsa
1562 4702 1662 4744 sua
1702 4690 2027 4751 conditione

423 4776 685 4850 percepit.
707 4775 879 4847 1Egro
907 4774 1109 4849 quippe
1135 4774 1398 4848 poculum
1421 4791 1670 4832 amarum
1701 4779 2022 4852 porrigitur,

424 4875 487 4924 ut
513 4866 581 4923 ad
609 4865 802 4945 salutis
831 4871 1034 4920 statum
1069 4862 1264 4920 morbo
1291 4863 1511 4922 sublato
1539 4873 1848 4924 revocetur.
1880 4868 2026 4927 Sano

421 4965 603 5014 autem
628 4970 974 5029 nequaquam
1008 4952 1328 5027 praecipitur
1353 4954 1493 5027 quid
1519 4955 1755 5026 accipiat
1782 4965 1844 5013 ut
1893 4976 2023 5016 con-

423 5047 682 5114 valescat,
705 5044 802 5102 sed
829 5061 863 5101 a
902 5041 1106 5117 quibus
1147 5051 1338 5099 caveat
1377 5059 1448 5100 ne
1486 5042 1822 5117 languescat.
1861 5049 2022 5108 Nunc

423 5149 550 5208 ergo
578 5133 880 5208 majoribus
907 5131 1108 5190 studiis
1134 5131 1367 5200 utimur,
1397 5148 1527 5190 cum
1554 5133 1787 5192 salutem
1816 5153 2021 5212 nequa-

423 5237 586 5295 quam
603 5238 887 5281 servamus
915 5219 1181 5290 habitam,
1203 5219 1300 5277 sed
1328 5236 1578 5294 reparare
1597 5238 1854 5282 curamus
1873 5225 2021 5282 abla-

500 5422 521 5503 ξ
547 5421 611 5503 in
640 5420 938 5503 Gpssanv.,
968 5420 1186 5502 vitiose,
1217 5421 1469 5503 respexit.

498 5492 521 5526 ²
548 5488 722 5546 Laud.
753 5496 809 5545 et
833 5490 1029 5560 Long,
1055 5488 1354 5548 innocentia
1380 5499 1706 5549 cwterorum.

499 5562 521 5635 εξ
550 5560 750 5635 gratel.
783 5567 837 5614 et
865 5561 1030 5635 Πρω,
1061 5561 1285 5635 [ναςνει.

500 5631 523 5704 ξ
551 5628 792 5704 Yindoc.
833 5638 886 5704 et
912 5628 1136 5704 Pratel.,
1155 5628 1295 5704 quia
1312 5635 1371 5691 in
1388 5636 1585 5692 electis.

498 5701 520 5736 ⁸
550 5699 726 5757 Iidem
746 5698 905 5769 Cod.,
936 5698 1147 5758 virtute.

2523 4586 2754 4646 CAPUT
2783 4587 2968 4647 xvm
2999 4585 3145 4663 [Rea
3186 4589 3366 4666 XIV].

2206 4678 2377 4736 Vens.
2413 4678 2499 4736 15.
2531 4708 2603 4721 -
2630 4679 2752 4737 Νοη
2769 4684 2895 4734 sunt
2920 4685 3097 4735 autem
3122 4678 3347 4739 iuventte
3368 4682 3628 4740 mulieres
3654 4703 3772 4758 spe-

2132 4767 2287 4824 ciosa;
2323 4767 2457 4824 sicut
2478 4767 2606 4840 [ilue
2631 4767 2750 4837 Job,
2783 4768 2843 4824 in
2866 4767 3122 4825 universa
3153 4774 3321 4828 terra.

2203 4858 2294 4915 45.
2321 4859 2629 4916 Electorum
2663 4857 3039 4930 pulchritudo.
3086 4888 3160 4902 —
3189 4858 3523 4918 Electorum
3555 4865 3773 4939 quippe

2131 4951 2328 5008 animae
2358 4967 2520 5008 omne
2544 4950 2849 5008 humanum
2880 4966 3072 5024 genus,
3099 4950 3249 5026 quod
3273 4952 3335 5008 in
3362 4959 3516 5013 terra
3541 4972 3773 5014 secun-

2130 5040 2263 5098 dum
2291 5040 2577 5099 hominem
2610 5051 2993 5111 conversatur,
3025 5058 3140 5099 suae
3166 5041 3627 5114 pulchritudinis
3656 5047 3772 5105 de-

2128 5146 2254 5186 core
2284 5129 2714 5198 transceudunt;
2745 5138 3066 5204 quantoque
3094 5146 3153 5188 se
3180 5133 3434 5191 exterius
3454 5133 3771 5208 aﬂligendo

2129 5218 2461 5292 despiciunt,
2489 5226 2646 5278 tanto
2688 5220 2878 5278 verius
2907 5235 2964 5276 se
3011 5219 3168 5291 intus
3206 5232 3582 5296 componunt.
3618 5225 3773 5284 Hinc

2125 5437 2248 5493 vero
2279 5420 2433 5476 tertio
2460 5419 2648 5476 ordine
2667 5424 2745 5475 est
2769 5420 3062 5493 humanum
3084 5435 3316 5493 genus...
3336 5429 3686 5493 renovatum,
3710 5426 3767 5481 in

2126 5492 2221 5548 illo
2249 5497 2560 5548 concentu...
2586 5491 2885 5563 assumitur
2913 5490 3069 5548 tertia
3090 5490 3222 5563 ﬁlia
3251 5509 3372 5563 quia
3393 5490 3767 5553 Cornustibii.

2195 5563 2456 5636 7Gemet.
2505 5571 2560 5618 et
2600 5561 2766 5636 Gorb.
2823 5561 3034 5636 Germ.,,
3089 5561 3377 5635 compdnit.
3442 5565 3578 5624 Val.
3642 5567 3768 5636 CL,

2127 5635 2318 5690 munit.
2352 5634 2566 5700 Germ.,
2601 5633 2864 5688 virtutum
2886 5634 3062 5690 comit.
3201 5633 3219 5635 ί
3463 5674 3472 5686 .

2195 5705 2217 5741 ³
2244 5705 2442 5778 Laud,
2473 5704 2600 5764 Val.
2630 5702 2738 5772 CL,
2775 5703 2987 5763 Gemet.
3018 5714 3075 5763 et
3119 5704 3233 5762 duo
3263 5706 3484 5778 Germ.,
3511 5711 3765 5768 arbitris

500 5772 524 5809 ³
549 5773 634 5832 Ita
660 5771 790 5830 Mss.
819 5770 931 5828 duo
959 5772 1170 5842 Germ.,
1189 5776 1378 5833 Norm.
1409 5785 1465 5835 et
1486 5777 1660 5837 Laud.
1689 5777 1863 5847 Editi,
1885 5780 2013 5852 quia
2120 5793 2222 5852 pro
2249 5770 2468 5834 arbitri.
