3956 6376
159 312 248 368 777

909 310 1279 366 MOltALlUM
1316 312 1447 366 LIB.
1488 310 1725 368 XXXV.
1766 341 1837 353 —
1875 312 1945 369 IN
1983 312 2210 370 CAPUT
2248 316 2395 372 XLII
2430 318 2493 373 Β.
2532 318 2675 375 JOB.

3345 322 3450 382 778

143 446 217 493 est
242 435 386 491 enim
411 434 557 507 quod
586 440 787 490 sancta
814 434 1099 503 Ecclesia,
1129 453 1249 507 qua
1279 437 1577 493 electorum
1612 439 1731 510 pul-
1759 442 1811 501 Α
1837 440 2079 496 ctionem
2139 457 2250 496 non
2291 441 2398 496 erit
2440 458 2711 513 summus,
2755 444 2823 500 ab
2866 445 3208 506 hareditatis
3259 458 3448 509 tamen

144 525 442 587 cbritudine
470 524 782 595 decoratur,
815 542 911 597 per
951 528 1297 583 Psalmistam
1327 528 1565 585 dicitur:
1600 530 1736 585 Con-

142 617 327 690 cupivit
360 631 457 669 rex
485 614 702 685 speciem
733 621 879 671 tuam
923 615 1097 685 (Psal.
1138 634 1293 686 xuv,
1346 618 1459 689 12).
1510 620 1589 674 De
1628 635 1737 691 qua

143 709 293 785 paulo
319 712 440 779 post
468 704 763 762 subditur:
796 706 979 762 Omnis
1008 708 1185 779 gloria
1205 708 1317 777 ejus
1346 708 1473 781 ﬁlia:
1505 711 1520 744 ¹
1551 726 1734 779 regum

140 800 201 856 ab
225 799 361 854 intus
392 796 581 869 (Ibid.,
618 794 727 868 14).
759 797 897 853 Nam
935 796 983 853 si
1012 796 1148 854 foris
1176 798 1407 870 gloriam
1443 807 1731 871 quareret,

142 890 280 945 intus
297 886 555 959 speciem,
587 901 750 959 quam
779 901 880 942 rex
900 887 1334 959 concupisceret,
1355 889 1376 923 ²
1404 905 1515 945 non
1552 889 1733 945 habe-

142 988 230 1038 ret.
281 977 416 1053 [Vet.
460 978 596 1034 XXI
604 976 688 1051 V.]
737 979 801 1034 In
848 993 957 1051 qua
1001 977 1227 1050 quidem
1269 979 1524 1051 quamvis
1568 978 1733 1035 multi

139 1071 398 1127 virtutum
438 1067 635 1125 decore
663 1067 931 1140 fulgeant,
962 1075 1127 1141 atque
1158 1068 1275 1140 ipsa
1302 1068 1531 1125 vivendi
1560 1069 1733 1141 perfe-

128 1161 309 1230 ctione
361 1166 686 1217 caterorum
740 1158 939 1216 merita
993 1158 1406 1228 transcendant,
1474 1157 1733 1215 nonnulli

140 1262 307 1309 tamen
336 1250 467 1324 quia
494 1248 565 1305 ad
591 1248 792 1306 altiora
818 1250 1158 1322 assequenda
1188 1265 1299 1305 non
1316 1248 1622 1317 sufﬁciunt,
1650 1248 1730 1303 in-

136 1339 400 1398 ﬁrmitatis
427 1356 540 1397 sua
566 1339 797 1407 conscii,
830 1338 1051 1411 pietatis
1070 1340 1189 1413 ejus
1216 1338 1425 1411 gremio
1445 1338 1732 1396 continen-

136 1440 233 1487 tur.
264 1431 369 1499 Qui
398 1430 458 1487 in
478 1436 747 1504 quantum
773 1429 1075 1501 pravalent
1090 1430 1234 1485 mala
1251 1427 1454 1498 vitant,
1475 1430 1732 1502 quamvis

136 1522 186 1577 in
230 1529 497 1595 quantum
551 1526 817 1592 appetunt
858 1519 1054 1575 altiora
1095 1519 1241 1575 bona
1282 1535 1394 1575 non
1441 1518 1728 1591 impleant.

135 1613 268 1681 Quos
298 1622 480 1670 tamen
509 1610 745 1684 benigne
774 1611 1047 1667 Dominus
1071 1610 1324 1684 suscipit,
1355 1627 1556 1684 eosque
1583 1613 1731 1684 apud

134 1721 182 1760 se
224 1719 324 1775 pro
354 1701 520 1784 modo
554 1699 734 1773 digna
782 1698 1166 1758 retributionis
1194 1700 1459 1758 admittit.
1494 1700 1648 1759 Unde
1677 1710 1732 1759 et

133 1793 371 1865 sequitur
396 1810 407 1849 :

710 1887 939 1945 CAPUT
970 1887 1124 1944 XIX.

197 1991 329 2046 tarn.
359 2018 431 2030 —
459 1987 719 2060 Deditque
751 1989 826 2044 eis
869 1994 1026 2059 pater
1053 2002 1182 2043 suus
1208 1986 1563 2042 hwreditatem
1594 1986 1735 2041 inter

134 2081 322 2151 fratres
344 2098 549 2137 earum.

195 2171 277 2228 46.
315 2173 559 2229 Christus
586 2171 727 2226 inter
754 2169 919 2240 fortes
947 2176 996 2225 et
1010 2168 1286 2241 perfectos,
1309 2168 1552 2241 inﬁrmos
1580 2175 1626 2223 et
1640 2169 1733 2223 hu-

130 2262 267 2318 miles
293 2262 366 2317 ad
393 2279 636 2335 superna:
663 2260 987 2317 haereditatis
1015 2266 1206 2316 sortem
1232 2260 1484 2315 admittit.
1507 2289 1578 2300 —
1598 2260 1733 2330 Ipsa

131 2369 248 2425 ergo
277 2370 345 2409 ex
394 2354 761 2427 perfectorum
802 2352 1000 2409 merito
1044 2351 1303 2424 speciosa
1334 2359 1731 2418 memorantur,

131 2442 251 2515 ipsa
280 2443 445 2500 etiam
477 2443 633 2517 quasi
664 2460 731 2499 ex
760 2443 1211 2515 imperfectorum
1243 2450 1378 2514 typo
1408 2441 1561 2497 velut
1582 2440 1731 2496 inﬁr-

131 2549 222 2589 ma
252 2533 637 2591 hareditatem
672 2533 818 2589 inter
844 2532 1041 2588 fratres
1080 2531 1381 2603 accipiunt.
1414 2532 1554 2587 Usus
1580 2546 1732 2585 nam-

129 2637 224 2693 que
252 2622 380 2679 vita
403 2622 608 2679 veteris
633 2636 747 2676 non
768 2619 1083 2676 habebatut
1103 2618 1481 2675 hareditatem
1510 2616 1731 2672 femina

128 2710 261 2769 inter
290 2712 566 2769 masculos
595 2711 947 2779 sortirentur,
972 2711 1102 2783 quia
1121 2710 1255 2781 legis
1277 2708 1538 2764 severitas
1566 2706 1732 2763 fortia

126 2801 347 2874 eligens,
379 2802 602 2857 inﬁrma
629 2809 1012 2868 contemnens,
1044 2799 1297 2856 districta
1312 2798 1498 2870 potius
1518 2794 1733 2853 studuit

127 2907 283 2963 quam
330 2890 571 2962 benigna
600 2889 833 2946 sancire.
894 2895 1085 2953 1166
1130 2887 1235 2945 Sed
1264 2888 1357 2960 pio
1397 2892 1588 2942 nostro
1617 2886 1733 2942 Re—

129 2988 407 3063 demptore
439 2990 715 3058 veniente,
749 2989 937 3045 nullus
969 2987 1311 3044 inﬁrmitatis
1339 3003 1451 3043 sua
1478 2984 1733 3041 conscius

129 3080 190 3137 de
205 3082 486 3139 sortienda
505 3080 745 3138 calestis
764 3079 1090 3153 patrimonii
1111 3077 1430 3134 hareditate
1459 3077 1727 3148 desperet.

1844 537 1990 586 sorte
2017 545 2114 602 per
2143 528 2517 587 humilitatem
2548 549 2659 588 non
2687 534 2762 591 sit
2788 544 3101 595 extraneus.
3136 539 3284 607 Quas
3310 543 3449 599 bene

1842 620 2047 677 Paulus
2091 621 2405 678 mansiones
2445 622 2747 696 unicuique
2790 627 3094 686 secundum
3141 634 3338 689 merita
3366 635 3447 693 di-

1842 709 2108 767 stributas
2127 711 2397 780 insinuat,
2412 729 2539 769 cum
2559 713 2668 769 ait:
2700 714 2831 770 Alia
2854 718 3076 774 claritas
3091 721 3240 788 solis,
3268 730 3317 777 et
3335 725 3450 781 alia

1841 800 2066 855 claritas
2094 802 2254 866 lunae,
2284 807 2331 855 et
2357 801 2471 857 alia
2506 802 2728 858 claritas
2763 806 3059 863 stellarum.
3104 810 3268 865 Stella
3312 815 3451 868 enim

1841 889 1908 945 ab
1936 891 2090 947 stella
2115 891 2296 962 di/fert
2312 892 2369 945 in
2396 893 2640 949 claritate
2662 893 2721 965 (Ι
2748 882 2873 953 Ger.
2904 912 3001 966 xv,
3024 876 3141 971 tui,
3169 901 3447 974 Sequitur:

2280 990 2508 1047 CAPUT
2547 993 2655 1049 XX
2688 992 2832 1066 [Rec.
2865 995 3011 1071 XV].

1915 1089 2089 1147 Vens.
2126 1088 2211 1145 16.
2242 1119 2311 1131 —
2363 1090 2509 1149 Vixit
2543 1097 2719 1147 autem
2758 1100 2879 1164 post
2906 1093 3012 1149 haec
3042 1096 3063 1132 ⁴
3110 1099 3321 1169 ﬂagella
3354 1100 3452 1156 Job

1842 1184 2045 1235 centum
2070 1179 2434 1250 quadraginta
2460 1180 2657 1247 annis;
2685 1188 2732 1236 et
2749 1183 2886 1237 vidit
2903 1184 3045 1256 ﬁlios
3064 1203 3207 1256 suos,
3237 1194 3287 1243 et
3312 1190 3454 1262 ﬁlios

1842 1268 2083 1341 ﬁliorum
2126 1286 2349 1325 suorum
2390 1287 2554 1342 usque
2580 1272 2652 1326 ad
2679 1279 2929 1343 quartam
2956 1278 3341 1347 generationem
3364 1296 3383 1343 ;
3406 1284 3455 1332 et

1839 1365 2083 1415 mortuus
2110 1366 2185 1415 est
2204 1376 2383 1425 senex,
2408 1367 2455 1415 et
2478 1362 2671 1432 plenus
2698 1363 2925 1420 dierum.

1910 1449 2001 1506 47.
2032 1450 2137 1517 Qui
2154 1449 2404 1505 dicantur
2426 1451 2574 1521 pleni
2599 1451 2805 1507 dierum
2836 1453 2894 1508 in
2921 1455 3092 1509 sacris
3111 1455 3321 1513 litteris.
3354 1457 3451 1513 Job

1835 1542 2070 1614 pristino
2090 1542 2276 1609 statui,
2310 1542 2480 1597 auctis
2495 1543 2653 1597 etiam
2671 1543 2849 1609 rebus,
2870 1546 3165 1616 restitutus,
3198 1553 3351 1619 typus
3379 1556 3453 1603 est

1839 1632 2246 1688 Ecclesia—In
2258 1631 2537 1704 Scriptura
2553 1649 2705 1691 sacra
2718 1649 2831 1689 non
2847 1634 3007 1692 facile
3022 1637 3218 1707 plenus
3233 1637 3449 1694 dierum

1839 1721 2085 1793 ponitur,
2117 1720 2227 1777 nisi
2256 1721 2303 1777 is
2349 1722 2508 1794 cujus
2552 1738 2649 1794 per
2686 1722 2934 1779 eamdem
2977 1725 3305 1797 scripturam
3335 1728 3453 1783 vita

1758 1812 1805 1873 Β
1835 1809 2110 1866 laudatur.
2158 1810 2381 1867 Vacuus
2411 1809 2614 1882 quippe
2643 1809 2859 1867 dierum
2891 1820 2974 1867 est
3005 1814 3120 1885 qui,
3167 1821 3222 1870 et
3250 1831 3454 1888 quam-

1843 1900 1979 1955 libet
2008 1899 2246 1956 multum
2273 1900 2501 1969 vixerit,
2519 1901 2697 1957 atatis
2726 1917 2837 1957 sua
2859 1908 3108 1974 tempora
3122 1904 3180 1960 in
3211 1906 3454 1963 vanitate

1843 1988 2207 2061 consumpsit.
2257 1992 2330 2044 At
2375 1998 2569 2045 contra
2615 1990 2810 2061 plenus
2855 1990 3071 2048 dierum
3130 1992 3337 2051 dicitur
3363 1997 3453 2053 cui

1844 2094 2190 2153 nequaquam
2246 2078 2365 2135 dies
2412 2079 2499 2136 sui
2547 2079 2829 2150 pereundo
2882 2088 3195 2149 transeunt,
3241 2082 3337 2140 sed
3384 2100 3453 2140 ex

1843 2168 2169 2242 quotidiana
2206 2168 2456 2225 mercede
2501 2168 2635 2224 boni
2665 2170 2845 2241 operis
2882 2170 3026 2243 apud
3052 2172 3264 2243 justum
3290 2172 3455 2246 judi-

1842 2275 1961 2316 cem
1992 2267 2047 2316 et
2074 2267 2364 2333 postquam
2396 2261 2662 2316 transacti
2690 2259 2900 2316 fuerint
2924 2271 3295 2319 reservantur.

1917 2347 2055 2421 [νει.
2098 2351 2201 2405 XX
2210 2348 2293 2423 V.]
2326 2350 2415 2405 48.
2457 2350 2561 2406 Sed
2592 2350 2723 2422 quia
2751 2357 2881 2405 sunt
2909 2350 3003 2423 qui
3037 2351 3156 2408 hac
3196 2353 3363 2409 etiam
3396 2353 3454 2409 in

1843 2446 1978 2512 typo
2025 2447 2227 2495 sancta
2256 2439 2519 2496 Ecclesia
2549 2439 2899 2511 interpretari
2928 2440 3263 2509 desiderant,
3306 2458 3456 2515 quo-

1841 2546 1966 2585 rum
2013 2530 2159 2585 votis
2202 2536 2357 2585 tanto
2405 2529 2579 2601 magis
2621 2528 2990 2585 obediendum
3038 2537 3121 2585 est
3167 2539 3372 2603 quanto
3400 2540 3455 2589 et

1841 2634 2032 2675 eorum
2064 2618 2301 2691 spiritali
2326 2618 2705 2690 intelligentia
2735 2617 3213 2689 congaudendum,
3238 2620 3284 2677 si
3310 2636 3455 2694 qua-

1841 2709 2147 2766 tuordecim
2181 2726 2278 2783 per
2300 2710 2589 2768 denarium
2612 2709 2889 2778 ducimus,
2920 2709 2989 2765 ad
3018 2711 3378 2767 centesimum
3401 2721 3454 2769 et

1842 2798 2321 2870 quadragesimum
2350 2816 2643 2856 numerum
2674 2801 3047 2873 pervenimus.
3073 2803 3146 2857 Et
3168 2809 3313 2859 recte
3339 2803 3456 2859 vita

1842 2897 2041 2947 sancta
2082 2891 2343 2946 Ecclesia
2388 2892 2755 2963 multiplicata
2792 2909 2888 2964 per
2916 2892 3105 2949 decem
3134 2901 3189 2949 et
3219 2901 3455 2967 quatuor

1841 2985 2210 3050 computatur,
2233 2979 2364 3053 quia
2379 2988 2676 3053 utrumque
2693 2981 3101 3037 Testamentum
3114 2983 3451 3054 custodiens,

1842 3077 1895 3125 et
1925 3078 2036 3125 tam
2064 3069 2367 3127 secundum
2401 3070 2536 3143 legis
2573 3069 2917 3143 decalogum,
2954 3087 3118 3143 quam
3147 3074 3452 3129 secundum

127 3168 279 3226 Pater
299 3173 450 3228 enim
481 3181 667 3228 noster
686 3170 831 3227 inter
861 3170 1134 3226 masculos
1163 3169 1328 3225 etiam
1358 3166 1582 3224 feminis
1605 3165 1733 3239 jura
1766 3184 1811 3246 ρ
1841 3169 2079 3235 quatuor
2106 3161 2395 3233 Evangelii
2427 3161 2597 3218 libros
2617 3162 2836 3231 vivens,
2866 3178 3039 3235 usque
3068 3162 3137 3219 ad
3166 3163 3451 3235 perfectio-

128 3265 486 3323 successionis
504 3264 725 3334 tribuit,
747 3265 878 3338 quia
904 3264 1049 3319 inter
1068 3262 1237 3318 fortes
1252 3269 1415 3334 atque
1433 3260 1723 3332 perfectos,

122 3353 367 3415 inﬁrmos
406 3368 462 3415 et
490 3358 731 3415 humiles
773 3357 842 3413 ad
871 3363 1074 3413 sortem
1104 3369 1354 3426 superna
1389 3351 1728 3407 hareditatis

123 3446 380 3508 admittit.
415 3450 573 3507 Unde
612 3449 732 3522 ipsa
759 3446 979 3505 Veritas
1020 3446 1079 3501 in
1113 3442 1419 3516 Evangelio
1457 3440 1626 3497 dicit:
1663 3442 1729 3496 1n

122 3536 266 3594 domo
297 3540 486 3597 Patris
504 3541 606 3596 mei
630 3539 930 3595 mansiones
947 3538 1126 3592 multa
1142 3540 1269 3590 sunt
1286 3535 1476 3607 (Joan.
1507 3548 1625 3600 xrv,
1644 3532 1726 3603 2).

122 3626 141 3659 ³
170 3627 328 3701 Apud
370 3632 592 3688 Patrem
626 3629 829 3703 quippe
859 3627 1171 3684 mansiones
1201 3624 1388 3680 multa
1417 3629 1566 3690 sunt,
1599 3621 1730 3695 quia

121 3713 174 3770 in
202 3718 295 3774 illa
312 3718 682 3778 beatitudinis
700 3718 819 3773 vita
836 3734 949 3773 non
969 3715 1176 3787 dispari
1196 3712 1576 3785 unusquisque
1600 3710 1727 3782 jux-

122 3811 173 3861 ta
194 3807 382 3883 dispar
408 3811 674 3867 meritum
704 3810 887 3865 locum
908 3806 1182 3877 disparem
1206 3802 1457 3875 percipit,
1482 3801 1575 3857 sed
1587 3801 1727 3873 ejus-

122 3894 238 3956 dem
268 3898 661 3974 disparilitatis
686 3897 888 3954 damna
900 3912 1012 3951 non
1024 3893 1213 3963 sentit,
1236 3892 1366 3965 quia
1382 3899 1596 3948 tantum
1617 3891 1727 3948 sibi

121 3996 382 4058 quantum
413 3987 724 4063 perceperit
743 3986 966 4043 suﬂicit.
990 3986 1214 4041 Sorores
1242 4000 1370 4055 ergo
1388 4000 1516 4041 cum
1545 3982 1725 4039 fratri-

119 4072 214 4133 bus
242 4080 312 4136 ad
341 4078 725 4137 hareditatem
754 4076 1011 4145 veniunt,
1034 4075 1165 4149 quia
1192 4073 1403 4130 inﬁrmi
1434 4074 1569 4131 illuc
1598 4090 1727 4132 cum

120 4162 349 4228 fortibus
376 4169 773 4237 admittuntur,
802 4174 1074 4241 quatenus
1097 4166 1144 4223 si
1174 4164 1300 4239 quis
1327 4180 1425 4238 per
1440 4164 1727 4238 imperlbc-

189 4339 204 4417 ξ
235 4338 505 4417 _Vindoc.,
536 4340 697 4417 regis.

184 4414 206 4449 ²
234 4410 500 4475 Mendose
539 4410 617 4472 in'
642 4413 824 4476 Vatic.
870 4422 926 4473 et
953 4412 1125 4473 Gilot.
1160 4411 1319 4483 1571,
1359 4411 1589 4482 haberet,
1621 4410 1727 4468 (le—

121 4486 285 4564 lrfgcla
315 4489 633 4564 negatione.

1840 3251 1928 3307 nis
1967 3252 2190 3308 culmen
2234 3250 2575 3307 extenditur.
2624 3250 2781 3307 Unde
2825 3260 2880 3307 et
2923 3251 3127 3308 Paulus
3173 3254 3454 3325 apostolus

1837 3346 1858 3381 ⁵
1891 3345 2146 3418 quamvis
2174 3344 2451 3415 Epistolas
2480 3342 2800 3417 quindecim
2826 3343 3128 3414 scripserit,
3161 3352 3348 3401 sancta
3374 3354 3453 3403 ta-

1840 3452 1966 3491 men
1996 3435 2245 3491 Ecclesia
2265 3451 2377 3490 non
2398 3432 2637 3505 amplius
2661 3449 2822 3505 quam
2841 3433 3259 3507 quatuordecim
3284 3442 3451 3504 tenet,

1839 3533 1902 3581 ut
1931 3541 2001 3581 ex
2029 3526 2149 3598 ipso
2180 3524 2557 3597 Epistolarum
2588 3538 2821 3579 numero
2854 3522 3170 3580 ostenderet
3187 3524 3335 3596 quod
3360 3525 3453 3581 do-

1838 3623 1959 3672 ctor
1997 3616 2246 3687 egregius
2301 3614 2436 3686 legis
2488 3621 2542 3670 et
2584 3612 2873 3685 Evangelii
2921 3614 2944 3648 °
2991 3620 3196 3668 secreta
3222 3613 3455 3671 rimatus

1838 3713 1996 3762 esset.
2030 3706 2176 3761 Bene
2206 3713 2389 3761 autem
2421 3703 2612 3760 beatus
2638 3702 2740 3759 Job
2770 3708 2893 3774 post
2921 3701 3135 3774 ﬂagella
3161 3701 3353 3758 vivere
3370 3702 3453 3758 di-

1836 3795 2003 3865 citur,
2047 3795 2178 3868 quia
2205 3802 2260 3851 et
2301 3801 2488 3852 sancta
2526 3793 2777 3849 Ecclesia
2822 3792 2977 3865 prius
3011 3791 3319 3865 disciplina
3342 3791 3454 3850 ﬂa-

1839 3886 1982 3960 gello
2008 3886 2338 3958 percutitur,
2372 3890 2428 3940 et
2454 3882 2808 3958 postmodum
2837 3882 2966 3939 vita
2997 3882 3333 3955 perfectione
3364 3900 3450 3939 ro-

1837 3977 2087 4033 boratur.
2121 3976 2252 4043 Quae
2282 3974 2450 4032 etiam
2482 3973 2628 4029 ﬁlios
2647 3989 2777 4029 suos
2806 3981 2861 4028 et
2880 3971 3027 4029 ﬁlios
3055 3973 3299 4029 ﬁliorum
3326 3989 3450 4030 suo-

1836 4085 1960 4125 rum
1990 4082 2163 4140 usque
2189 4064 2259 4122 ad
2288 4073 2538 4139 quartam
2570 4063 2977 4136 generationem
3006 4064 3302 4137 conspicit,
3322 4065 3453 4139 quia

1837 4158 1896 4215 in
1928 4157 2031 4215 hac
2060 4164 2221 4214 atate
2250 4172 2373 4230 qua
2407 4160 2599 4218 1167
2629 4154 2829 4210 annuis
2858 4162 3094 4227 quatuor
3108 4153 3450 4228 temporibus

1836 4338 1993 4389 erant
2018 4331 2076 4386 in
2103 4329 2330 4411 Achaia,
2360 4328 2880 4411 cujusrnetropolis
2906 4327 3230 4411 Corinthus,
3259 4330 3449 4411 dirigi-

1835 4413 1948 4472 tur,
1981 4412 2042 4459 ut
2073 4420 2143 4460 ex
2172 4402 2292 4473 ejus
2318 4402 2682 4473 inscriptione
2708 4402 2903 4473 liquet.
2941 4402 3084 4459 Hinc
3128 4419 3199 4459 ex
3243 4402 3447 4462 sanctis

1836 4477 2090 4533 Patribus
2120 4475 2379 4548 nonnulli
2419 4474 2715 4548 laudarunt
2732 4474 3051 4548 ‘Epistolam
3080 4474 3150 4530 ad
3176 4476 3448 4548 Ephesios

187 4557 207 4590 ³
234 4559 295 4614 In
324 4544 692 4619 nmiae.
726 4559 1065 4627 immediate,
1096 4559 1311 4632 quiain
1333 4557 1436 4614 illa
1459 4557 1721 4632 ;om_issis
1755 4552 1805 4612 D
1834 4550 1937 4632 sub
1966 4548 2192 4632 nomine
2220 4546 2480 4632 Epistola
2507 4546 2576 4603 ad
2605 4544 2987 4632 Laodicenses.
3021 4547 3140 4615 Qua
3159 4544 3303 4632 dere
3319 4567 3446 4607 con-

121 4621 206 4709 his
234 4632 461 4709 verbis;
500 4633 646 4709 apud
680 4633 917 4702 Patrem,
950 4621 1061 4689 etc:
1104 4621 1168 4688 in
1211 4631 1421 4698 Germ.,
1460 4621 1525 4684 in
1570 4630 1725 4686 domo

120 4712 149 4766 (1
154 4708 299 4778 “ipp;
318 4708 470 4778 apud
491 4708 731 4763 Patrem.

188 4772 208 4805 ⁴
237 4772 368 4833 Non“
401 4780 610 4851 legitur
652 4778 868 4851 ﬂagella
906 4775 975 4851 in
1001 4773 1171 4851 duo_b.
1203 4772 1626 4851 Ge_rm.,_Laud.
1651 4782 1727 4851 _et

122 4837 323 4920 Gamet.
353 4837 532 4908 Abest
559 4837 783 4908 etiamva
813 4848 1068 4921 Vulgata.
1100 4848 1164 4903 ln
1192 4846 1383 4903 eodem
1401 4837 1626 4902 'Gemet.
1650 4845 1725 4902 le-

124 4922 456 4997 81t_lll;paulo
485 4934 617 4997 post
638 4924 775 4997 senis
801 4938 902 4994 pro
930 4937 1106 4997 senem.

188 4987 537 5069 “_Gregorius
567 4996 659 5053 hic
679 4987 930 5069 quintam
951 4993 1221 5069 decimam
1242 4990 1397 5069 Pauli
1415 4988 1721 5069 Epistolam

122 5055 186 5110 ad
220 5055 584 5140 Laodicenses
630 5055 1243 5140 scriptam_admittere_
1266 5055 1528 5140 _videtur.
1582 5063 1722 5140 S_an_e

124 5134 368 5223 gle‘minit
381 5140 530 5223 idem
552 5132 870 5223 Apostdlus,
893 5138 1103 5223 Coloss.
1127 5153 1207 5202 1v,
1223 5132 1569 5223 i‘6,_alipcuju‘s
1593 5134 1723 5223 Epi:

122 5203 268 5260 stola
287 5203 713 5271 Laodicensium
744 5212 833 5269 his
855 5203 1075 5268 verbis:
1100 5226 1217 5264 cum
1240 5210 1368 5264 lecta
1382 5203 1551 5278 fuerit
1576 5203 1724 5277 apud

123 5285 207 5357 φοξ
233 5280 453 5348 epistola
479 5287 605 5352 hac,
624 5285 781 5357 facite
810 5290 868 5339 ut
895 5284 953 5338 in
982 5280 1394 5357 Laodicensium
1411 5278 1718 5357 ecclesia_le_-

123 5349 306 5429 φαίητ’Δ
340 5362 388 5429 et
419 5376 535 5414 eam
717 5357 1124 5429 Laodicensium
1155 5360 1230 5410 est
1257 5369 1348 5409 vos
1377 5351 1580 5429 legatis.
1610 5349 1719 5429 _Sed

125 5426 235 5502 Ῥω
258 5422 711 5502 Ερίδῐοὶειπιήοη
740 5431 905 5502 aliam
935 5445 1049 5484 esse
1079 5427 1147 5502 ab
1177 5443 1239 5481 ea
1275 5422 1493 5502 quand
1522 5422 1720 5495 Ephe-

125 5498 229 5572 §10§
256 5496 597 5571 inscribitur,
643 5501 967 5557 existimant
997 5499 1244 5572 plerique
1290 5496 1524 5572 eruditi,
1552 5511 1716 5572 quam

124 5559 315 5645 Plant
343 5586 455 5629 non
483 5559 662 5630 solum
683 5573 753 5629 ad
777 5559 1046 5645 Ephesicis
1068 5559 1314 5645 missam,
1339 5568 1435 5625 sed
1454 5559 1621 5624 etiam
1648 5566 1717 5623 ad

124 5623 753 5719 Laodicehéé's'iiibsqﬁé
772 5623 1044 5700 ιῖιῖἰὶἷιᾘόἐ
1069 5623 1323 5716 "gaios;
1345 5623 1583 5715 quorum
1606 5656 1717 5695 me-

124 5702 347 5770 t3090113
374 5726 489 5770 erat
530 5718 817 5770 Enhesus:
868 5659 1332 5770 quemadmodum
1375 5713 1616 5770 secunda
1648 5712 1717 5769 ad

124 5702 489 5790 gopoliserat
529 5702 817 5790 Ephesus;
868 5702 1332 5790 quemadmodum
1365 5702 1616 5790 secunda
1648 5712 1719 5790 ad

165 5780 439 5845 orinthios
461 5780 664 5863 scripta
689 5780 940 5863 Epistola
967 5786 1205 5843 omnibus
1219 5788 1385 5844 etiam
1416 5786 1611 5842 sanctis
1626 5786 1720 5857 qui

399 5885 642 5946 Parnon.
675 5887 929 5947 LXXVI.

1836 4623 2015 4678 sulere
2062 4629 2216 4693 potes
2268 4618 2673 4693 Hieronymum
2716 4618 2775 4674 in
2816 4621 3072 4693 catalogo
3112 4621 3443 4693 scriptorum

1834 4691 2354 4759 ecclesiasticarum,
2384 4692 2443 4747 in
2485 4691 2698 4758 Paulo;
2746 4692 2972 4748 criticos
3015 4691 3443 4758 sacros,_eorum

1834 4766 2122 4890 slynopsim
2144 4772 2199 4821 et
2218 4765 2358 4820 alios
2387 4764 2735 4890 interpretes.
2753 4763 3031 4845 Exstat'in
3052 4764 3271 4820 Hutteri
3287 4765 3442 4848 Novo

1880 4846 2185 4890 estamento
2209 4836 2502 4890 duodecrm
2558 4852 2849 4890 inauarum
2873 4836 3121 4890 Epistola
3151 4835 3218 4890 ad
3246 4835 3441 4890 Laodi-

1880 4835 2185 4896 estamento
2209 4835 2502 4893 duodecim
2536 4835 2849 4908 linguarum
2873 4836 3121 4908 Epistola
3151 4835 3218 4892 ad
3246 4835 3441 4893 Laodi-

1832 4928 2021 4968 censes
2068 4912 2254 4967 Graece
2297 4915 2592 4981 contexta;
2630 4906 2734 4981 sed
2779 4907 2847 4981 ab
2877 4906 3138 4981 omnibus
3177 4915 3438 4981 tanquam

1833 4984 2022 5055 spuria
2065 4981 2337 5055 rejicitur.
2390 4978 2760 5055 Epiphanius,
2812 4978 3008 5055 haresi
3056 4978 3255 5055 42_,_in
3289 4978 3437 5055 :ﬁne,

1830 5050 2015 5128 rejicit
2035 5050 2332 5128 laudatam
2370 5068 2403 5108 a
2428 5050 2706 5128 Marciane
2735 5050 3027 5122 quamdam
3071 5051 3440 5128 a_d_Laodi_ce-

1830 5124 1933 5186 nos
1960 5127 2271 5199 epistolam,
2287 5142 2423 5195 qua,
2450 5124 2657 5197 inquit,
2670 5124 3106 5199 nusquam_apud
3122 5124 3439 5199 Apostolum

1831 5194 2085 5257 cernitur.
2116 5194 2380 5254 Erasmus
2409 5194 2545 5269 pro;
2560 5202 2607 5251 et
2633 5211 2747 5250 eam
2774 5211 2891 5265 qua:
2908 5194 3315 5269 _Laodicensium
3339 5205 3435 5267 est,

1825 5275 1988 5348 legit:
2039 5278 2089 5329 et
2130 5286 2245 5326 eam
2285 5267 2639 5342 quas—scripta
2674 5271 2750 5323 est
2793 5283 2859 5323 ex
2897 5267 3141 5339 Laodice,
3184 5279 3276 5332 καί
3300 5279 3438 5341 τί,νᾶ

1875 5362 2154 5422 «obtulere.

1875 5371 2105 5422 αοδικιια
2140 5404 2154 5418 .

1823 5371 1868 5423 Α
1899 5443 1921 5477 θ
1954 5385 2490 5503 Εᾱὶῐίςτροθῃῐὶοτθε,
2522 5436 2718 5491 secreta
2746 5431 3009 5489 rimasset.
3042 5432 3154 5492 Vix
3187 5432 3435 5493 invenie-

1824 5519 1918 5568 tur
1946 5528 1976 5566 a
2022 5508 2235 5597 Latini‘s
2264 5516 2606 5597 usurpatum.
2629 5508 2769 5562 rimo
2797 5508 3135 5597 'proyrimor,
3169 5510 3434 5597 quamvis

1824 5593 2122 5656 utrumque
2139 5578 2419 5656 admittat
2438 5579 2769 5656 Priscianus.
2796 5581 2859 5635 In
2882 5578 3148 5656 Vindoc_.,
3168 5578 3433 5656 Norman-

1826 5657 1933 5725 nis,
1955 5652 2086 5725 etei,
2103 5654 2232 5710 Mss.
2257 5652 2446 5723 habes,
2469 5659 2665 5710 secreta
2686 5652 2916 5709 rimatus
2928 5658 3073 5710 esset.
3096 5654 3219 5709 Duo
3239 5653 3426 5709 Germ.

1824 5728 2129 5788 concinnnt
2156 5726 2261 5782 Ed.
2292 5741 2403 5784 rec.

3109 5880 3181 5938 εδδ
