3956 6388
519 327 624 384 779

1303 318 1553 376 SANUTI
1589 316 1925 374 GREGORII
1962 316 2188 373 MAGNl
2228 315 2602 373 MOBALIUM
2635 315 2749 370 LIB
2790 315 3026 370 XXXV.

3727 311 3832 368 780

518 451 785 517 volvitur,
832 459 1002 518 usque
1043 444 1112 500 ad
1149 442 1315 499 ﬁnem
1345 443 1540 499 mundi
1567 459 1662 515 per
1688 458 1784 498 ora
1811 440 2106 514 praedican-
2134 445 2184 504 Α
2213 439 2368 512 quasi
2398 440 2456 496 in
2485 439 2720 513 quodam
2752 439 2935 494 medio
2963 439 3350 508 constitutum,
3396 447 3452 496 et
3477 453 3612 511 erga
3642 437 3835 494 futura

517 545 658 600 tium
690 545 973 596 nascentes
1015 535 1124 592 sibi
1164 533 1412 608 quotidie
1437 533 1653 590 soboles
1685 531 2106 602 contemplatur.

515 633 626 690 Nec
663 628 924 686 abhorret
951 642 984 682 a
1009 641 1142 682 vero
1170 623 1316 697 quod
1347 640 1442 696 per
1470 621 1844 696 generationes
1871 619 2110 676 dicimus

514 730 764 792 tempora
791 715 1085 789 designari.
1118 714 1262 782 Quid
1283 713 1431 770 enim
1453 725 1788 784 unaquaeque
1815 709 2107 777 successio,

513 809 626 866 nisi
653 807 900 880 quaedam
932 819 1169 878 propago
1199 809 1278 858 est
1308 801 1519 874 generis
1535 801 1563 856 ?
1587 801 1660 856 Et
1685 799 1946 872 pincerna
1969 797 2112 868 regis

514 897 745 970 IEgypti
772 911 898 952 cum
927 893 1157 950 vidisset
1184 892 1461 947 somnium
1491 889 1638 962 quod
1658 896 1768 944 tres
1787 888 2112 960 propagines

515 990 759 1057 duceret,
807 985 1008 1058 Joseph
1055 983 1318 1056 praeditus
1346 981 1404 1037 in
1431 981 1706 1037 solutione
1743 980 2110 1046 somniorum,

512 1089 624 1136 tres
643 1076 988 1150 propagines,
1009 1081 1118 1129 tres
1145 1071 1264 1128 dies
1284 1071 1563 1128 renuntiat
1586 1070 1870 1142 designare
1901 1069 2109 1140 (Genes.

513 1185 607 1236 χιι,
642 1166 754 1238 12).
788 1163 845 1221 Si
873 1178 1000 1234 ergo
1028 1177 1126 1234 per
1153 1169 1264 1217 tres
1305 1159 1628 1233 propagines
1661 1159 1900 1230 spatium
1939 1157 2111 1213 trium

515 1258 728 1315 dierum
759 1253 1112 1328 exprimitur,
1154 1269 1254 1311 cur
1279 1268 1388 1307 non
1433 1251 1594 1307 etiam
1640 1267 1736 1322 per
1764 1259 2000 1324 quatuor
2029 1267 2113 1322 ge-

514 1347 822 1404 nerationes
841 1361 1025 1400 annua
1039 1349 1275 1416 quatuor
1290 1350 1535 1413 tempora
1553 1339 1858 1411 ﬁgurentur
1875 1340 1903 1396 ?
1919 1341 2116 1396 Sancta

513 1437 698 1508 itaque
724 1433 971 1490 Ecclesia
1014 1431 1164 1488 videt
1191 1429 1337 1486 ﬁlios
1365 1446 1511 1498 suos,
1544 1445 1670 1486 cum
1701 1429 1936 1500 primam
1969 1428 2116 1484 ﬁde-

513 1525 650 1580 lium
681 1523 926 1580 sobolem
967 1519 1256 1593 conspicit.
1290 1518 1456 1576 Videt
1496 1518 1642 1574 ﬁlios
1679 1517 1946 1587 ﬁliorum,
1986 1534 2113 1574 cum

511 1613 580 1670 ab
607 1612 811 1669 eisdem
841 1611 1098 1668 ﬁdelibus
1126 1609 1195 1666 ad
1223 1608 1388 1664 ﬁdem
1431 1607 1581 1680 gigni
1614 1609 1629 1642 ¹
1661 1617 1717 1664 et
1744 1607 1890 1664 ﬁlios
1919 1625 2114 1678 cogno-

511 1705 636 1763 scit.
657 1706 790 1774 Quae
809 1705 975 1761 etiam
995 1719 1163 1760 senex
1182 1709 1236 1758 et
1256 1703 1418 1774 plena
1436 1701 1654 1758 dierum
1674 1697 1930 1766 moritur,
1963 1698 2113 1769 quia,

2217 545 2360 602 spes,
2389 537 2444 586 et
2472 545 2598 601 erga
2625 529 2901 602 praeterita
2927 527 3064 584 ﬁdes
3092 527 3247 600 ligat.

2291 621 2430 696 [Vet.
2461 621 2663 686 XXVI,
2697 623 2816 677 Hec.
2848 618 3026 694 XVI.]
3065 619 3154 675 49.
3191 619 3474 677 Conclusio
3503 617 3675 672 totius
3703 634 3841 688 ope-

2215 711 2316 767 ris.
2352 713 2522 778 Quam
2549 709 2951 780 formidandum
2975 726 3041 764 ne
3067 709 3161 780 qui
3186 709 3249 764 de
3266 711 3376 768 Deo
3395 709 3726 780 loquuntur,
3746 714 3842 762 aut

2217 803 2363 858 mala
2397 801 2605 857 incaute
2641 801 2839 866 dicant,
2882 807 2980 856 aut
3019 801 3154 856 bona
3195 817 3303 854 non
3350 800 3490 856 bene.
3542 797 3844 860 Intentioni

2215 892 2460 964 placendi
2483 893 2592 947 Deo
2621 893 2864 946 humana:
2894 890 3070 946 laudis
3100 890 3320 946 intentio
3348 907 3401 945 se
3430 889 3736 945 interserit.
3773 919 3844 930 —

2220 983 2456 1053 Expleto
2478 981 2663 1054 itaque
2691 979 2796 1038 hoc
2820 996 3002 1052 opere,
3027 979 3097 1036 ad
3119 996 3207 1036 me
3227 978 3368 1036 mihi
3399 979 3570 1036 video
3589 995 3715 1035 esse
3746 996 3842 1034 re—

2219 1069 2524 1128 deundum.
2558 1077 2748 1134 1168
2776 1071 3011 1128 Multum
3041 1071 3244 1143 quippe
3273 1085 3429 1126 mens
3452 1079 3651 1126 nostra
3672 1071 3842 1126 etiam

2219 1187 2346 1228 cum
2366 1180 2511 1228 recte
2539 1171 2692 1244 loqui
2709 1178 2961 1240 conatur,
2981 1179 3140 1227 extra
3153 1171 3508 1242 semetipsam
3533 1171 3845 1242 spargitur.

2221 1263 2596 1334 Integritatem
2643 1277 2881 1334 namque
2918 1260 3114 1330 animi,
3154 1259 3288 1316 dum
3319 1260 3646 1332 cogitantur
3675 1259 3844 1315 verba

2221 1351 2457 1422 qualiter
2489 1350 2856 1424 proferantur,
2889 1351 3019 1423 quia
3051 1366 3178 1406 eum
3211 1349 3443 1406 trahunt
3474 1349 3840 1419 intrinsecus,

2223 1443 2503 1499 minuunt.
2531 1443 2705 1515 Igitur
2734 1459 2766 1497 a
2787 1441 3013 1514 publico
3043 1442 3341 1498 locutionis
3372 1441 3736 1498 redeundum
3765 1451 3845 1498 est

2224 1532 2246 1567 ⁴
2277 1531 2346 1588 ad
2393 1532 2603 1589 curiam
2649 1531 2850 1599 cordis,
2900 1538 2962 1586 ut
3003 1531 3160 1604 quasi
3205 1531 3264 1587 in
3312 1531 3559 1604 quodam
3599 1531 3845 1587 concilio

2222 1623 2645 1680 consultationis
2673 1621 2742 1678 ad
2771 1622 3042 1694 meipsum
3069 1621 3500 1678 discernendum
3533 1637 3840 1678 convocem

2223 1713 2583 1786 cogitationes
2613 1714 2835 1782 mentis,
2868 1719 3139 1786 quatenus
3169 1711 3248 1768 ibi
3277 1711 3501 1767 videam
3533 1728 3607 1767 ne
3635 1720 3737 1768 aut
3765 1711 3842 1766 in-

511 1795 1014 1870 subsequemeluce
1032 1811 1103 1850 ex
1123 1792 1372 1854 mercede
1395 1791 1845 1865 (Ιηοῐίάίίὶηοταω
1863 1805 2115 1862 operum:
2144 1812 2191 1873 Β
2222 1813 2378 1862 caute
2409 1805 2573 1872 mala,
2604 1811 2700 1859 aut
2727 1803 2874 1859 bona
2895 1819 3007 1859 non
3035 1801 3174 1858 bene
3200 1801 3467 1858 dixerim.
3498 1801 3666 1858 Tunc
3696 1801 3840 1856 enim

511 1885 762 1959 deposito
805 1881 1180 1955 corruptionis
1227 1879 1489 1952 pondere,
1526 1879 1595 1934 ad
1640 1878 2114 1950 incorruptionem

510 1974 778 2046 spiritalis
833 1971 1024 2046 patriai
1071 1975 1336 2026 mutatur.
1381 1968 1552 2024 Plena
1595 1966 1856 2024 videlicet
1897 1967 2114 2024 dierum

509 2065 748 2121 moritur
775 2063 866 2120 cui
895 2061 1142 2118 labentes
1171 2058 1303 2115 anni
1331 2073 1444 2114 non
1472 2065 1780 2122 transeunt,
1804 2057 1826 2091 ³
1847 2057 1942 2114 sed
1971 2067 2116 2114 stan-

509 2151 653 2208 tium
682 2159 905 2207 actuum
933 2146 1302 2205 retributione
1344 2144 1672 2202 solidantur.
1703 2145 1871 2201 Plena
1899 2145 2112 2201 dierum

511 2239 746 2296 moritur
773 2254 894 2311 quae
935 2253 1034 2310 per
1061 2236 1179 2293 haec
1223 2235 1562 2292 transeuntia
1588 2243 1839 2308 tempora
1879 2235 1938 2291 id
1967 2235 2114 2308 quod

509 2345 622 2386 non
648 2327 848 2386 transit
875 2333 1158 2400 operatur.
1183 2324 1338 2382 Unde
1359 2333 1413 2381 et
1427 2325 1690 2397 apostolis
1709 2325 1914 2381 dicitur
1934 2343 1944 2380 :
1984 2327 2112 2397 Ope-

508 2417 709 2474 ταγηίηὶ
726 2435 833 2473 non
851 2417 1022 2472 cibum
1043 2417 1136 2488 qui
1157 2416 1320 2487 perit,
1345 2415 1434 2470 sed
1463 2416 1556 2486 qui
1577 2421 1853 2486 permanet
1875 2415 1931 2470 in
1950 2416 2115 2472 vitam

507 2514 760 2564 (sternam
790 2506 972 2579 (Joan.
1003 2521 1085 2572 v1,
1113 2504 1229 2577 27).
1255 2503 1384 2560 Dies
1416 2503 1606 2576 itaque
1630 2519 1767 2560 suos
1794 2511 1980 2560 sancta
2008 2505 2114 2561 Ec-

505 2599 696 2664 clesia,
743 2596 909 2654 etiam
957 2612 1084 2652 cum
1132 2603 1460 2667 praesentem
1507 2593 1684 2650 vitam
1737 2593 1960 2662 deserit,
2000 2611 2112 2650 non

503 2685 730 2754 amittit,
763 2685 894 2759 quia
921 2684 980 2740 in
1009 2683 1198 2740 electis
1224 2682 1340 2739 suis
1358 2689 1514 2738 tanto
1533 2698 1723 2738 eorum
1755 2682 1933 2738 lucem
1971 2683 2111 2738 mul-

503 2773 753 2847 tiplicius
781 2772 1017 2841 invenit,
1046 2779 1251 2846 quanto
1279 2787 1430 2828 nunc
1453 2771 1511 2827 in
1537 2771 1616 2827 eis
1656 2770 1724 2826 ab
1755 2771 1907 2826 omni
1939 2777 2110 2826 tenta-

501 2863 655 2919 tione
699 2879 757 2919 se
799 2862 1014 2919 cautius
1057 2861 1460 2934 sollicitiusque
1501 2861 1765 2918 custodit.
1807 2861 1936 2917 Dies
1982 2878 2112 2919 suos

503 2955 754 3012 Ecclesia
780 2970 894 3009 non
921 2953 1150 3021 amittit,
1183 2953 1316 3025 quia
1343 2967 1458 3008 sese
1477 2951 1536 3006 in
1554 2951 1658 3006 hac
1675 2951 1792 3006 vita
1813 2951 2110 3022 vigilanter

500 3043 748 3117 quotidie
781 3059 1009 3116 pensare
1039 3059 1152 3098 non
1181 3042 1432 3114 negligit,
1463 3048 1520 3096 et
1550 3041 1620 3096 ad
1647 3041 1835 3096 omnia
1861 3057 1982 3114 quae
2012 3057 2111 3096 re-

497 3141 582 3191 cte
623 3134 802 3191 facere
847 3135 1031 3190 valeat
1071 3131 1274 3188 inertia
1310 3131 1466 3186 nulla
1505 3131 1788 3203 torpescit.
1837 3131 1980 3186 Hinc
2025 3138 2107 3186 est

497 3226 645 3280 enim
675 3223 825 3297 quod
851 3222 918 3278 de
947 3222 1046 3278 illa
1068 3238 1164 3295 per
1192 3221 1541 3277 Salomonem
1569 3220 1812 3277 dicitur:
1847 3222 1868 3256 ³
1905 3219 2103 3278 Consi-

496 3315 650 3370 derat
673 3313 884 3368 semitas
912 3313 1097 3366 domus
1125 3327 1254 3379 sum,
1279 3317 1327 3366 et
1349 3327 1541 3382 panem
1567 3311 1736 3366 otiosa
1754 3327 1861 3364 non
1885 3311 2106 3366 comedit

495 3405 692 3473 (Prov.
723 3417 886 3470 xxxi,
915 3399 1033 3473 27).
1066 3399 1300 3455 Semitas
1330 3399 1532 3472 quippe
1560 3398 1758 3455 domus
1785 3416 1898 3456 suae
1925 3400 2102 3456 consi-

496 3491 674 3560 derat,
721 3491 853 3564 quia
897 3495 1122 3546 cunctas
1171 3504 1284 3545 sua:
1336 3487 1690 3545 conscientiae
1745 3488 2105 3560 cogitationes

497 3580 778 3638 subtiliter
797 3579 1111 3651 investigat.
1133 3579 1336 3634 Panem
1356 3579 1532 3634 otiosa
1560 3595 1672 3634 non
1693 3579 1951 3647 comedit,
1977 3580 2106 3652 quia

496 3669 604 3726 hoc
616 3669 763 3743 quod
774 3669 842 3726 de
853 3685 1009 3727 sacro
1025 3667 1247 3742 eloquio
1265 3666 1624 3740 intelligendo
1640 3669 1962 3742 perceperit,
1978 3678 2106 3726 ante

497 3761 686 3816 aeterni
726 3758 932 3832 judicis
976 3759 1168 3816 oculos
1196 3757 1514 3814 exhibendo
1554 3757 1812 3832 operibus
1840 3759 2102 3815 ostendit.

491 3851 633 3908 Mori
647 3859 831 3906 autem
845 3849 1205 3922 dicitur,quia
1221 3865 1346 3906 cum
1362 3849 1515 3904 illam
1531 3848 1852 3904 seternitatis
1865 3858 2104 3906 contem-

493 3941 664 4014 platio
679 3939 1121 4008 absorbuerit,ab
1138 3938 1242 3996 hac
1254 3937 1642 3995 mutabilitatis
1657 3940 2106 3996 suaavicissitudi-

493 4046 563 4086 ne
582 4028 835 4086 funditus
859 4029 1188 4102 exstinguit,
1210 4037 1272 4086 ut
1294 4028 1353 4084 in
1367 4045 1430 4084 ea
1443 4027 1560 4100 jam
1582 4027 1688 4084 hoc
1708 4029 1853 4101 quod
1871 4045 2105 4086 acumen

492 4119 708 4176 intima:
727 4119 963 4176 visionis
977 4118 1244 4192 impediat
1256 4119 1372 4174 ullo
1391 4118 1558 4174 modo
1570 4117 1716 4174 nihil
1736 4119 1909 4176 vivat.
1930 4120 2106 4176 Tanto

493 4209 644 4264 enim
673 4210 859 4265 verius
895 4219 1028 4266 tunc
1067 4209 1286 4264 interna
1323 4207 1612 4280 conspicit,
1645 4215 1852 4281 quanto
1887 4208 2106 4266 cunctis

494 4298 865 4356 exterioribus
884 4299 1105 4372 plenius
1125 4297 1428 4355 occumbit.
1451 4299 1605 4353 Hanc
1628 4297 1814 4370 itaque
1844 4308 2100 4368 mortem,

495 4387 639 4445 hanc
670 4387 884 4443 dierum
915 4386 1346 4460 plenitudinem,
1376 4393 1432 4442 et
1452 4386 1512 4440 in
1539 4385 1700 4442 beato
1719 4387 1842 4456 Job,
1869 4403 1979 4442 uno
2002 4388 2106 4445 sci-

493 4477 623 4534 licet
651 4476 901 4534 membro
929 4476 1214 4546 Ecclesiae,
1243 4475 1531 4533 credamus
1559 4475 1780 4545 factam,
1811 4483 1866 4532 et
1902 4476 1960 4532 in
1993 4484 2106 4534 tota

493 4571 660 4625 simul
702 4570 950 4626 Ecclesia
983 4582 1268 4642 speremus
1313 4585 1428 4625 esse
1471 4569 1812 4638 faciendam,
1843 4580 2112 4643 quatenus
2138 4553 2188 4614 D

493 4662 570 4718 ita
595 4667 849 4717 teneatur
889 4661 969 4716 rei
999 4667 1162 4733 gestae
1191 4659 1416 4730 veritas,
1473 4669 1535 4717 ut
1565 4677 1678 4716 non
1706 4668 2004 4716 evacuetur
2031 4667 2111 4722 rei

491 4753 741 4828 gerendae
784 4750 1094 4826 prophetia.
1138 4752 1291 4808 Bona
1320 4751 1492 4822 enim,
1523 4767 1644 4825 quae
1693 4751 1760 4807 de
1791 4759 2107 4808 sanctorum

490 4845 608 4904 vita
635 4843 1037 4918 cognoscimus,
1081 4842 1129 4899 si
1158 4843 1392 4900 veritate
1431 4850 1639 4911 carent,
1669 4841 1823 4898 nulla
1851 4847 1982 4898 sunt
2013 4858 2027 4908 ;
2060 4839 2108 4897 si

485 4937 750 5012 mysteria
777 4951 890 4992 non
920 4933 1146 5004 habent,
1175 4933 1434 4990 minima.
1485 4933 1616 5000 Quae
1647 4949 1774 5004 ergo
1804 4948 1899 5004 per
1935 4929 2105 5003 Spiri-

488 5047 606 5096 tum
637 5042 891 5094 sanctum
920 5033 1196 5092 bonorum
1222 5033 1347 5089 vita
1374 5031 1730 5101 describitur,
1758 5039 1812 5088 et
1830 5047 1926 5104 per
1945 5030 2105 5086 intel-

487 5137 692 5194 lectum
723 5134 886 5192 nobis
928 5133 1237 5207 spiritalem
1279 5130 1506 5204 fulgeat,
1539 5136 1595 5185 et
1621 5137 1809 5187 tamen
1841 5146 2045 5188 sensus
2073 5145 2106 5186 a

488 5233 596 5290 ﬁde
648 5235 898 5293 historiae
955 5251 1068 5290 non
1125 5231 1364 5301 recedat,
1415 5237 1685 5304 quatenus
1731 5237 1886 5288 tanto
1935 5229 2104 5286 ﬁxior

490 5332 712 5419 animus
757 5335 817 5392 in
867 5350 969 5392 suo
1002 5334 1295 5393 intellectu
1341 5337 1678 5406 permaneat,
1709 5340 1918 5406 quanto
1958 5329 2111 5389 hunc

568 5593 584 5633 ³
616 5595 816 5664 Laud.,
846 5594 971 5652 Val.
1003 5595 1112 5664 CL,
1143 5595 1354 5651 Gemet.
1400 5599 1454 5648 et
1481 5592 1594 5648 duo
1623 5591 1837 5661 Germ.,
1870 5597 1920 5647 et
1944 5591 2101 5650 alios.

564 5668 588 5702 ⁸
635 5666 1010 5724 Emendandae
1047 5683 1118 5722 ex
1153 5667 1282 5721 Mss.
1325 5665 1544 5736 Anglic.
1589 5671 1645 5720 et
1691 5664 1899 5720 nostris
1948 5664 2100 5722 Edit.

494 5731 674 5798 Vatic.
707 5746 761 5794 et
783 5739 978 5806 Gilot.,
1010 5739 1069 5792 in
1099 5737 1298 5808 quibus
1319 5731 1540 5808 legitur,
1565 5737 1652 5792 sed
1681 5737 1880 5794 statim.

566 5814 586 5848 ³
617 5811 880 5879 Vindoc.,
917 5807 1311 5868 Consideravit.

2222 1894 2360 1950 bene
2390 1893 2595 1950 dicitur
2627 1892 2856 1961 bonum,
2889 1909 3017 1948 cum
3059 1892 3104 1947 is
3135 1892 3230 1964 qui
3255 1890 3416 1961 dicit,
3446 1891 3558 1946 soli
3589 1891 3646 1946 ei
3675 1906 3708 1945 a
3738 1907 3844 1963 quo

2222 1985 2432 2056 accepit
2461 2000 2558 2057 per
2587 1983 2645 2039 id
2673 1983 2880 2055 appetit
2909 1983 3120 2054 placere
3149 1980 3297 2054 quod
3320 1979 3481 2037 dicit.
3515 1981 3593 2036 Et
3615 1978 3842 2053 quidem

2223 2076 2366 2131 mala
2396 2091 2482 2132 me
2507 2075 2691 2148 aliqua
2712 2075 2812 2130 etsi
2835 2074 3044 2130 dixisse
3072 2089 3184 2130 non
3212 2073 3464 2142 invenio,
3495 2080 3696 2128 tamen
3716 2071 3844 2144 quia

2222 2165 2452 2222 omnino
2480 2181 2592 2220 non
2623 2163 2884 2232 dixerim,
2906 2180 3019 2219 non
3048 2161 3305 2218 defendo.
3325 2162 3482 2218 Bona
3501 2177 3646 2217 vero
3667 2162 3718 2217 si
3739 2175 3846 2234 qua

2221 2252 2496 2310 divinitus
2524 2253 2800 2325 accipiens
2840 2252 2982 2320 dixi,
3028 2268 3151 2308 meo
3179 2249 3444 2307 videlicet
3472 2249 3623 2306 vitio
3657 2249 3844 2306 minus

2223 2359 2310 2399 me
2353 2343 2492 2399 bene
2533 2342 2741 2398 dixisse
2783 2340 3062 2414 proﬁteor.
3093 2342 3233 2399 Nam
3275 2340 3346 2396 ad
3377 2355 3468 2396 me
3496 2339 3844 2397 intrinsecus

2221 2435 2459 2502 rediens,
2526 2434 2848 2507 postpositis
2917 2432 3216 2489 verborum
3277 2431 3451 2502 foliis,
3511 2433 3843 2506 postpositis

2221 2527 2619 2582 sententiarum
2662 2526 2850 2594 ramis,
2881 2523 3015 2580 dum
3062 2524 3238 2596 ipsam
3267 2523 3554 2580 subtiliter
3591 2522 3840 2580 radicem

2219 2633 2354 2672 mea
2402 2615 2730 2672 intentionis
2777 2614 3033 2687 inspicio,
3081 2615 3196 2670 Deo
3243 2613 3470 2686 quidem
3519 2629 3594 2669 ex
3637 2629 3708 2670 ea
3755 2629 3844 2668 me

2219 2721 2566 2777 summopere
2607 2704 2821 2776 placere
2875 2703 3116 2759 voluisse
3164 2719 3460 2775 cognosco,
3507 2701 3608 2758 sed
3659 2701 3842 2758 eidem

2219 2794 2520 2851 intentioni
2551 2809 2659 2866 qua
2702 2795 2816 2849 Deo
2845 2792 3058 2864 placere
3099 2792 3293 2848 studeo
3321 2791 3521 2849 furtim
3564 2809 3624 2848 se
3656 2795 3848 2849 nescio

2220 2884 2496 2958 quomodo
2541 2883 2778 2940 intentio
2825 2882 3080 2939 humanm
3114 2882 3298 2939 laudis
3340 2883 3650 2940 interserit.
3685 2883 3848 2952 Quod

2218 2993 2344 3034 cum
2369 2975 2483 3048 jam
2517 2973 2869 3048 postmodum
2890 2973 3152 3046 tardeque
3180 2973 3457 3042 discerno,
3487 2973 3729 3028 invenio
3759 2989 3850 3030 me

2217 3067 2378 3123 aliter
2399 3082 2556 3138 agere
2573 3064 2721 3138 quod
2744 3065 2858 3121 scio
2880 3081 2967 3120 me
2987 3064 3149 3120 aliter
3167 3063 3480 3122 inchoasse.
3510 3063 3606 3121 Sic
3630 3065 3846 3122 etenim

2137 3167 2180 3228 ί]
2223 3175 2364 3231 saepe
2411 3158 2776 3212 intentionem
2824 3165 3090 3227 nostram,
3140 3156 3273 3213 dum
3320 3165 3450 3212 ante
3493 3157 3600 3212 Dei
3645 3158 3848 3214 oculos

2211 3259 2356 3306 recte
2395 3247 2684 3320 incipitur,
2731 3249 2750 3281 τί
2801 3247 3013 3303 occulte
3054 3245 3369 3318 subjuncta,
3396 3247 3418 3282 δ
3449 3254 3504 3301 et
3532 3262 3658 3302 eam
3692 3246 3851 3301 velut

2213 3341 2269 3396 in
2323 3339 2524 3395 itinere
2562 3337 3054 3410 comprehendens,
3093 3338 3332 3394 intentio
3361 3336 3627 3394 humanae
3661 3337 3849 3394 laudis

2211 3429 2547 3502 assequitur,
2577 3428 2722 3484 sicut
2749 3444 2848 3500 pro
2873 3427 3198 3484 necessitate
3222 3426 3450 3502 quidem
3474 3427 3644 3484 cibus
3672 3428 3848 3484 sumi-

2211 3528 2322 3588 tur,
2373 3518 2469 3574 sed
2514 3519 2573 3574 in
2620 3518 2740 3590 ipso
2782 3535 2900 3588 esu,
2944 3519 3077 3575 dum
3126 3518 3325 3574 furtim
3375 3519 3506 3591 gula
3563 3517 3847 3591 subrepit,

2213 3608 2410 3665 edendi
2479 3607 2770 3665 delectatio
2847 3607 3229 3680 permiscetur.
3289 3607 3447 3665 Unde
3503 3609 3850 3683 plerumque

2213 3699 2487 3771 contingit
2542 3707 2605 3755 ut
2658 3697 3014 3754 refectionem
3083 3697 3356 3771 corporis,
3413 3714 3589 3772 quam
3646 3698 3851 3756 salutis

2213 3805 2378 3847 causa
2405 3788 2696 3863 coepimus,
2725 3805 2890 3846 causa
2917 3789 3220 3862 voluptatis
3259 3789 3610 3862 expleamns.
3647 3791 3850 3848 Faten-

2215 3879 2347 3936 dum
2397 3889 2478 3936 est
2523 3879 2694 3952 igitur
2740 3879 2890 3952 quod
2929 3886 3136 3935 rectam
3185 3878 3409 3952 quidem
3459 3878 3849 3937 intentionem

2215 3976 2482 4039 nostram,
2515 3985 2635 4042 quae
2655 3967 2759 4024 soli
2787 3970 2901 4025 Deo
2921 3969 3136 4041 placere
3159 3969 3388 4041 appetit,
3421 3983 3847 4042 nonnunquam

2215 4060 2450 4117 intentio
2490 4061 2676 4117 minus
2705 4067 2872 4129 recta,
2904 4075 3026 4132 quae
3053 4059 3122 4116 de
3151 4059 3313 4116 donis
3352 4059 3455 4116 Dei
3484 4060 3722 4132 placere
3753 4061 3849 4116 ho-

2215 4151 2461 4207 minibus
2490 4151 2708 4224 quaerit,
2749 4149 3070 4206 insidiando
3104 4149 3424 4207 comitatur.
3461 4149 3524 4206 Si
3553 4157 3756 4206 autem
3784 4150 3852 4208 de

2215 4239 2304 4297 his
2350 4240 2622 4298 divinitus
2668 4239 2918 4297 districte
2967 4239 3320 4309 discutimur,
3373 4238 3502 4312 quis
3551 4239 3714 4298 inter
3747 4241 3852 4298 ista

2215 4339 2459 4388 remanet
2487 4330 2682 4388 salutis
2729 4331 2904 4400 locus,
2936 4329 3156 4404 quando
3185 4336 3242 4386 et
3287 4329 3433 4386 mala
3476 4339 3686 4389 nostra
3715 4348 3851 4404 pura

2215 4423 2360 4479 mala
2388 4428 2537 4491 sunt,
2573 4429 2628 4478 et
2676 4421 2820 4478 bona
2861 4437 2981 4495 quae
3011 4437 3113 4478 nos
3144 4419 3346 4476 habere
3381 4419 3685 4478 credimus
3715 4437 3852 4495 pura

2215 4512 2362 4570 bona
2389 4529 2505 4568 esse
2529 4529 2873 4586 nequaquam
2903 4519 3134 4585 possunt
3154 4512 3182 4569 ?
3205 4510 3312 4568 Sed
3341 4509 3452 4568 hoc
3481 4511 3638 4568 mihi
3671 4528 3852 4586 operae

2219 4603 2458 4676 pretium
2487 4603 2674 4673 credo,
2704 4602 2853 4676 quod
2870 4602 3129 4660 fraternis
3147 4599 3378 4660 auribus
3404 4616 3584 4658 omne
3611 4600 3773 4677 quod
3795 4603 3849 4658 in

2219 4709 2305 4749 me
2355 4693 2587 4749 latenter
2625 4691 2740 4764 ipse
2785 4691 3150 4766 reprehendo,
3187 4693 3590 4750 incunctanter
3635 4693 3849 4765 aperio.

2216 4781 2358 4850 Quia
2387 4782 2535 4838 enim
2564 4782 2916 4854 exponendo,
2939 4798 3052 4838 non
3081 4781 3258 4838 celavi
3281 4780 3432 4854 quod
3462 4783 3650 4852 sensi,
3681 4780 3850 4840 conﬁ-

2213 4871 2382 4928 tendo
2411 4888 2521 4928 non
2551 4871 2826 4929 abscondo
2867 4871 3016 4945 quod
3055 4872 3255 4944 patior.
3287 4871 3392 4926 Per
3419 4873 3850 4946 expositionem

2213 4963 2446 5036 patefeci
2475 4962 2640 5032 dona,
2672 4980 2768 5036 per
2797 4963 3199 5020 confessionem
3244 4961 3443 5034 detego
3477 4965 3755 5022 vulnera.
3787 4966 3853 5020 Et

2213 5054 2342 5126 quia
2371 5055 2430 5109 in
2460 5052 2568 5110 hoc
2595 5061 2706 5108 tam
2738 5069 2936 5124 magno
2965 5052 3210 5109 humano
3234 5068 3458 5124 genere,
3492 5071 3606 5113 nec
3628 5053 3852 5128 parvuli

2213 5144 2412 5200 desunt
2443 5144 2539 5218 qui
2589 5143 2755 5200 dictis
2803 5143 2941 5198 meis
2976 5142 3213 5199 debeant
3243 5142 3476 5211 instrui,
3521 5161 3636 5202 nec
3668 5143 3855 5218 magni

2213 5235 2412 5293 desunt
2441 5235 2535 5308 qui
2556 5235 2788 5307 cognitae
2813 5250 2946 5290 meae
2969 5235 3191 5290 valeant
3211 5232 3546 5290 inﬁrmitati
3570 5237 3852 5303 misereri,

2219 5344 2316 5402 per
2342 5327 2463 5386 haec
2487 5334 2719 5401 utraque
2738 5325 2864 5384 aliis
2891 5325 3156 5384 fratribus
3183 5332 3465 5400 quantum
3487 5345 3740 5402 possum
3767 5343 3854 5387 cu-

2286 5592 2308 5630 ‘
2337 5592 2535 5662 Laud.,
2565 5591 2636 5648 ad
2663 5609 2866 5648 curam.

2286 5667 2306 5700 ⁵
2339 5666 2547 5734 Germ.,
2577 5667 2770 5720 occulte
2796 5665 2898 5721 sibi
2927 5663 3224 5734 subjuncta.

2285 5739 2306 5773 θ
2333 5737 2561 5806 Turon.,
2592 5738 2768 5793 etiam.
